,Timestamp,AskOrder,BidOrder,BSFlags,FunctionCode,Date,Price,Time,Volume,Amount
0,2018-05-04 09:25:00.110,85351,51042,S,,20180504,670.98,92500110,100,67098.0
1,2018-05-04 09:25:00.110,26015,51043,B,,20180504,670.98,92500110,200,134196.0
2,2018-05-04 09:25:00.110,26016,54402,B,,20180504,670.98,92500110,100,67098.0
3,2018-05-04 09:25:00.110,60979,57426,S,,20180504,670.98,92500110,100,67098.0
4,2018-05-04 09:25:00.110,60979,61323,B,,20180504,670.98,92500110,100,67098.0
5,2018-05-04 09:25:00.110,60979,61992,B,,20180504,670.98,92500110,100,67098.0
6,2018-05-04 09:25:00.110,60979,65513,B,,20180504,670.98,92500110,100,67098.0
7,2018-05-04 09:25:00.110,60979,77609,B,,20180504,670.98,92500110,100,67098.0
8,2018-05-04 09:25:00.110,60979,83243,B,,20180504,670.98,92500110,100,67098.0
9,2018-05-04 09:25:00.110,60979,88313,B,,20180504,670.98,92500110,100,67098.0
10,2018-05-04 09:25:00.110,61865,88851,B,,20180504,670.98,92500110,200,134196.0
11,2018-05-04 09:25:00.110,61865,90111,B,,20180504,670.98,92500110,100,67098.0
12,2018-05-04 09:25:00.110,61865,90685,B,,20180504,670.98,92500110,100,67098.0
13,2018-05-04 09:25:00.110,65959,90685,B,,20180504,670.98,92500110,100,67098.0
14,2018-05-04 09:25:00.110,65959,51407,S,,20180504,670.98,92500110,300,201294.0
15,2018-05-04 09:25:00.110,65959,61184,S,,20180504,670.98,92500110,100,67098.0
16,2018-05-04 09:25:00.110,65959,65708,S,,20180504,670.98,92500110,100,67098.0
17,2018-05-04 09:25:00.110,83333,71515,S,,20180504,670.98,92500110,200,134196.0
18,2018-05-04 09:25:00.110,26017,71515,B,,20180504,670.98,92500110,100,67098.0
19,2018-05-04 09:25:00.110,26018,71515,B,,20180504,670.98,92500110,100,67098.0
20,2018-05-04 09:25:00.110,26019,71515,B,,20180504,670.98,92500110,100,67098.0
21,2018-05-04 09:25:00.110,26020,71515,B,,20180504,670.98,92500110,100,67098.0
22,2018-05-04 09:25:00.110,62288,71515,B,,20180504,670.98,92500110,100,67098.0
23,2018-05-04 09:25:00.110,62288,86338,B,,20180504,670.98,92500110,100,67098.0
24,2018-05-04 09:25:00.110,62289,86338,B,,20180504,670.98,92500110,200,134196.0
25,2018-05-04 09:25:00.110,62289,89952,B,,20180504,670.98,92500110,100,67098.0
26,2018-05-04 09:25:00.110,26426,89952,B,,20180504,670.98,92500110,37,24826.260000000002
27,2018-05-04 09:25:00.110,26427,89952,B,,20180504,670.98,92500110,63,42271.74
28,2018-05-04 09:25:00.110,26427,90732,B,,20180504,670.98,92500110,37,24826.260000000002
29,2018-05-04 09:25:00.110,26428,90732,B,,20180504,670.98,92500110,32,21471.36
30,2018-05-04 09:25:00.110,61141,90732,B,,20180504,670.98,92500110,931,624682.38
31,2018-05-04 09:25:00.110,61141,93351,B,,20180504,670.98,92500110,100,67098.0
32,2018-05-04 09:25:00.110,61141,93485,B,,20180504,670.98,92500110,100,67098.0
33,2018-05-04 09:25:00.110,61141,93841,B,,20180504,670.98,92500110,100,67098.0
34,2018-05-04 09:25:00.110,61141,26422,S,,20180504,670.98,92500110,260,174454.80000000002
35,2018-05-04 09:25:00.110,61245,26422,S,,20180504,670.98,92500110,900,603882.0
36,2018-05-04 09:25:00.110,62554,26422,S,,20180504,670.98,92500110,200,134196.0
37,2018-05-04 09:25:00.110,65138,26422,S,,20180504,670.98,92500110,100,67098.0
38,2018-05-04 09:25:00.110,83467,26422,S,,20180504,670.98,92500110,100,67098.0
39,2018-05-04 09:25:00.110,85068,26422,S,,20180504,670.98,92500110,40,26839.2
40,2018-05-04 09:25:00.110,85068,29848,S,,20180504,670.98,92500110,100,67098.0
41,2018-05-04 09:25:00.110,85068,69082,S,,20180504,670.98,92500110,160,107356.8
42,2018-05-04 09:25:00.110,91251,69082,S,,20180504,670.98,92500110,100,67098.0
43,2018-05-04 09:25:00.110,94664,69082,S,,20180504,670.98,92500110,100,67098.0
44,2018-05-04 09:25:00.110,61226,69082,B,,20180504,670.98,92500110,100,67098.0
45,2018-05-04 09:25:00.110,61851,69082,B,,20180504,670.98,92500110,40,26839.2
46,2018-05-04 09:25:00.110,61851,90807,B,,20180504,670.98,92500110,60,40258.8
47,2018-05-04 09:25:00.110,63412,90807,B,,20180504,670.98,92500110,200,134196.0
48,2018-05-04 09:25:00.110,64243,90807,B,,20180504,670.98,92500110,100,67098.0
49,2018-05-04 09:25:00.110,89236,90807,B,,20180504,670.98,92500110,100,67098.0
50,2018-05-04 09:25:00.110,82604,90807,B,,20180504,670.98,92500110,100,67098.0
51,2018-05-04 09:25:00.110,89221,90807,B,,20180504,670.98,92500110,40,26839.2
52,2018-05-04 09:25:00.110,89221,91437,B,,20180504,670.98,92500110,600,402588.0
53,2018-05-04 09:25:00.110,89221,63994,S,,20180504,670.98,92500110,100,67098.0
54,2018-05-04 09:25:00.110,89221,54134,S,,20180504,670.98,92500110,100,67098.0
55,2018-05-04 09:25:00.110,89221,82654,S,,20180504,670.98,92500110,100,67098.0
56,2018-05-04 09:25:00.110,89221,94444,B,,20180504,670.98,92500110,560,375748.8
57,2018-05-04 09:25:00.110,89852,94444,B,,20180504,670.98,92500110,300,201294.0
58,2018-05-04 09:25:00.110,89949,94444,B,,20180504,670.98,92500110,1700,1140666.0
59,2018-05-04 09:25:00.110,85486,94444,B,,20180504,670.98,92500110,100,67098.0
60,2018-05-04 09:25:00.110,91333,94444,B,,20180504,670.98,92500110,100,67098.0
61,2018-05-04 09:25:00.110,90278,94444,B,,20180504,670.98,92500110,300,201294.0
62,2018-05-04 09:25:00.110,89155,94444,B,,20180504,670.98,92500110,100,67098.0
63,2018-05-04 09:25:00.110,73635,94444,B,,20180504,670.98,92500110,400,268392.0
64,2018-05-04 09:25:00.110,84884,94444,B,,20180504,670.98,92500110,100,67098.0
65,2018-05-04 09:25:00.110,76148,94444,B,,20180504,670.98,92500110,200,134196.0
66,2018-05-04 09:25:00.110,92686,94444,B,,20180504,670.98,92500110,500,335490.0
67,2018-05-04 09:25:00.110,86608,94444,B,,20180504,670.98,92500110,200,134196.0
68,2018-05-04 09:25:00.110,50429,94444,B,,20180504,670.98,92500110,100,67098.0
69,2018-05-04 09:25:00.110,71740,94444,B,,20180504,670.98,92500110,100,67098.0
70,2018-05-04 09:25:00.110,77779,94444,B,,20180504,670.98,92500110,340,228133.2
71,2018-05-04 09:25:00.110,77779,83891,B,,20180504,670.98,92500110,160,107356.8
72,2018-05-04 09:25:00.110,77902,83891,B,,20180504,670.98,92500110,40,26839.2
73,2018-05-04 09:25:00.110,77902,90954,B,,20180504,670.98,92500110,60,40258.8
74,2018-05-04 09:25:00.110,79339,90954,B,,20180504,670.98,92500110,100,67098.0
75,2018-05-04 09:25:00.110,82236,90954,B,,20180504,670.98,92500110,100,67098.0
76,2018-05-04 09:25:00.110,82841,90954,B,,20180504,670.98,92500110,100,67098.0
77,2018-05-04 09:25:00.110,84770,90954,B,,20180504,670.98,92500110,100,67098.0
78,2018-05-04 09:25:00.110,86028,90954,B,,20180504,670.98,92500110,40,26839.2
79,2018-05-04 09:25:00.110,86028,92183,B,,20180504,670.98,92500110,160,107356.8
80,2018-05-04 09:25:00.110,86080,92183,B,,20180504,670.98,92500110,100,67098.0
81,2018-05-04 09:25:00.110,87431,92183,B,,20180504,670.98,92500110,100,67098.0
82,2018-05-04 09:25:00.110,88071,92183,B,,20180504,670.98,92500110,154,103330.92
83,2018-05-04 09:25:00.110,94357,92183,S,,20180504,670.98,92500110,86,57704.28
84,2018-05-04 09:25:00.110,94357,67880,S,,20180504,670.98,92500110,200,134196.0
85,2018-05-04 09:25:00.110,94357,42504,S,,20180504,670.98,92500110,77,51665.46
86,2018-05-04 09:25:00.110,74234,42504,S,,20180504,670.98,92500110,23,15432.54
87,2018-05-04 09:25:00.110,74234,9295,S,,20180504,670.98,92500110,100,67098.0
88,2018-05-04 09:25:00.110,74234,19520,S,,20180504,670.98,92500110,77,51665.46
89,2018-05-04 09:25:00.110,52538,19520,S,,20180504,670.98,92500110,123,82530.54000000001
90,2018-05-04 09:25:00.110,52538,35290,S,,20180504,670.98,92500110,100,67098.0
91,2018-05-04 09:25:00.110,52538,63581,B,,20180504,670.98,92500110,100,67098.0
92,2018-05-04 09:25:00.110,52538,70430,B,,20180504,670.98,92500110,77,51665.46
93,2018-05-04 09:25:00.110,70913,70430,S,,20180504,670.98,92500110,23,15432.54
94,2018-05-04 09:25:00.110,70913,90361,B,,20180504,670.98,92500110,77,51665.46
95,2018-05-04 09:25:00.110,67032,90361,B,,20180504,670.98,92500110,223,149628.54
96,2018-05-04 09:25:00.110,67032,91458,B,,20180504,670.98,92500110,77,51665.46
97,2018-05-04 09:25:00.110,92885,91458,S,,20180504,670.98,92500110,100,67098.0
98,2018-05-04 09:25:00.110,68309,91458,B,,20180504,670.98,92500110,23,15432.54
99,2018-05-04 09:25:00.110,68309,94064,B,,20180504,670.98,92500110,177,118763.46
100,2018-05-04 09:25:00.110,89586,94064,B,,20180504,670.98,92500110,100,67098.0
101,2018-05-04 09:25:00.110,93282,94064,B,,20180504,670.98,92500110,300,201294.0
102,2018-05-04 09:25:00.110,94252,94064,S,,20180504,670.98,92500110,100,67098.0
103,2018-05-04 09:25:00.110,94569,94064,S,,20180504,670.98,92500110,100,67098.0
104,2018-05-04 09:25:00.110,94671,94064,S,,20180504,670.98,92500110,100,67098.0
105,2018-05-04 09:25:00.110,94691,94064,S,,20180504,670.98,92500110,100,67098.0
106,2018-05-04 09:25:00.110,7723,94064,B,,20180504,670.98,92500110,23,15432.54
107,2018-05-04 09:30:15.000,95032,95107,B,,20180504,670.97,92959250,100,67097.0
108,2018-05-04 09:30:15.000,7723,95389,B,,20180504,670.98,92959330,100,67098.0
109,2018-05-04 09:30:15.000,7723,95464,B,,20180504,670.98,92959330,77,51665.46
110,2018-05-04 09:30:15.000,5537,95653,B,,20180504,671.0,92959360,100,67100.0
111,2018-05-04 09:30:15.000,94358,95653,B,,20180504,671.22,92959360,155,104039.1
112,2018-05-04 09:30:15.000,35895,95653,B,,20180504,671.5,92959360,100,67150.0
113,2018-05-04 09:30:15.000,24798,95653,B,,20180504,671.67,92959360,100,67167.0
114,2018-05-04 09:30:15.000,90933,95653,B,,20180504,671.88,92959360,100,67188.0
115,2018-05-04 09:30:15.000,92237,95653,B,,20180504,671.88,92959360,300,201564.0
116,2018-05-04 09:30:15.000,86549,95653,B,,20180504,671.89,92959360,45,30235.05
117,2018-05-04 09:30:15.000,99148,96889,S,,20180504,671.0,92959670,100,67100.0
118,2018-05-04 09:30:15.000,99696,98079,S,,20180504,670.98,92959710,100,67098.0
119,2018-05-04 09:30:15.000,99699,99915,B,,20180504,671.0,92959750,100,67100.0
120,2018-05-04 09:30:15.000,95673,99915,B,,20180504,671.1,92959750,100,67110.0
121,2018-05-04 09:30:15.000,95673,100976,B,,20180504,671.1,92959820,100,67110.0
122,2018-05-04 09:30:15.000,95673,102520,B,,20180504,671.1,92959950,100,67110.0
123,2018-05-04 09:30:15.000,95673,104506,B,,20180504,671.1,93000100,500,335550.0
124,2018-05-04 09:30:15.000,104591,100639,S,,20180504,671.0,93000100,200,134200.0
125,2018-05-04 09:30:15.000,95673,107225,B,,20180504,671.1,93000310,100,67110.0
126,2018-05-04 09:30:15.000,108628,100639,S,,20180504,671.0,93000420,100,67100.0
127,2018-05-04 09:30:15.000,108628,103219,S,,20180504,671.0,93000420,200,134200.0
128,2018-05-04 09:30:15.000,109201,103219,S,,20180504,671.0,93000460,100,67100.0
129,2018-05-04 09:30:15.000,109233,103219,S,,20180504,671.0,93000460,100,67100.0
130,2018-05-04 09:30:15.000,110800,103219,S,,20180504,671.0,93000650,100,67100.0
131,2018-05-04 09:30:15.000,110959,103219,S,,20180504,671.0,93000650,100,67100.0
132,2018-05-04 09:30:15.000,95673,113218,B,,20180504,671.1,93000990,100,67110.0
133,2018-05-04 09:30:15.000,95673,115152,B,,20180504,671.1,93001170,300,201330.0
134,2018-05-04 09:30:15.000,116857,103219,S,,20180504,671.0,93001270,100,67100.0
135,2018-05-04 09:30:15.000,95673,117027,B,,20180504,671.1,93001270,100,67110.0
136,2018-05-04 09:30:15.000,117724,103219,S,,20180504,671.0,93001280,100,67100.0
137,2018-05-04 09:30:15.000,117834,103219,S,,20180504,671.0,93001280,300,201300.0
138,2018-05-04 09:30:15.000,118493,103219,S,,20180504,671.0,93001390,100,67100.0
139,2018-05-04 09:30:15.000,118581,103219,S,,20180504,671.0,93001390,100,67100.0
140,2018-05-04 09:30:15.000,118801,103219,S,,20180504,671.0,93001390,100,67100.0
141,2018-05-04 09:30:15.000,118839,103219,S,,20180504,671.0,93001390,100,67100.0
142,2018-05-04 09:30:15.000,119144,103219,S,,20180504,671.0,93001450,100,67100.0
143,2018-05-04 09:30:15.000,119145,103219,S,,20180504,671.0,93001450,18,12078.0
144,2018-05-04 09:30:15.000,95673,119213,B,,20180504,671.1,93001450,700,469770.0
145,2018-05-04 09:30:15.000,95673,119310,B,,20180504,671.1,93001450,100,67110.0
146,2018-05-04 09:30:15.000,95673,119311,B,,20180504,671.1,93001450,100,67110.0
147,2018-05-04 09:30:15.000,95673,119327,B,,20180504,671.1,93001450,100,67110.0
148,2018-05-04 09:30:15.000,119712,103219,S,,20180504,671.0,93001450,100,67100.0
149,2018-05-04 09:30:15.000,95673,119923,B,,20180504,671.1,93001450,100,67110.0
150,2018-05-04 09:30:15.000,95673,121219,B,,20180504,671.1,93001560,200,134220.0
151,2018-05-04 09:30:15.000,95673,122425,B,,20180504,671.1,93001560,300,201330.0
152,2018-05-04 09:30:15.000,122770,122425,S,,20180504,671.3,93001680,100,67130.0
153,2018-05-04 09:30:15.000,124912,121437,S,,20180504,671.01,93001790,200,134202.0
154,2018-05-04 09:30:15.000,127538,121437,S,,20180504,671.01,93001970,100,67101.0
155,2018-05-04 09:30:15.000,128428,121437,S,,20180504,671.01,93002080,100,67101.0
156,2018-05-04 09:30:15.000,132610,132244,S,,20180504,671.22,93002530,100,67122.0
157,2018-05-04 09:30:15.000,133797,132244,S,,20180504,671.22,93002770,100,67122.0
158,2018-05-04 09:30:15.000,133798,129502,S,,20180504,671.11,93002770,100,67111.0
159,2018-05-04 09:30:15.000,134031,130560,S,,20180504,671.09,93002800,200,134218.0
160,2018-05-04 09:30:15.000,133800,134521,B,,20180504,671.1,93002920,100,67110.0
161,2018-05-04 09:30:15.000,135680,121437,S,,20180504,671.01,93003370,100,67101.0
162,2018-05-04 09:30:15.000,136043,121437,S,,20180504,671.01,93003490,100,67101.0
163,2018-05-04 09:30:15.000,136043,103219,S,,20180504,671.0,93003490,282,189222.0
164,2018-05-04 09:30:15.000,136043,109654,S,,20180504,671.0,93003490,100,67100.0
165,2018-05-04 09:30:15.000,136043,110261,S,,20180504,671.0,93003490,18,12078.0
166,2018-05-04 09:30:15.000,133801,136365,B,,20180504,671.1,93003680,100,67110.0
167,2018-05-04 09:30:15.000,133803,136365,B,,20180504,671.1,93003680,100,67110.0
168,2018-05-04 09:30:15.000,134035,136365,B,,20180504,671.1,93003680,100,67110.0
169,2018-05-04 09:30:15.000,134035,136672,B,,20180504,671.1,93003880,100,67110.0
170,2018-05-04 09:30:15.000,134036,136672,B,,20180504,671.1,93003880,100,67110.0
171,2018-05-04 09:30:15.000,134037,136672,B,,20180504,671.1,93003880,100,67110.0
172,2018-05-04 09:30:15.000,134038,136672,B,,20180504,671.1,93003880,100,67110.0
173,2018-05-04 09:30:15.000,137050,136792,S,,20180504,671.01,93004100,100,67101.0
174,2018-05-04 09:30:15.000,137150,136792,S,,20180504,671.01,93004230,100,67101.0
175,2018-05-04 09:30:15.000,137150,110261,S,,20180504,671.0,93004230,82,55022.0
176,2018-05-04 09:30:15.000,137150,112446,S,,20180504,671.0,93004230,100,67100.0
177,2018-05-04 09:30:15.000,137150,115438,S,,20180504,671.0,93004230,218,146278.0
178,2018-05-04 09:30:15.000,139235,139005,S,,20180504,671.01,93006690,11,7381.11
179,2018-05-04 09:30:15.000,139236,139005,S,,20180504,671.01,93006690,89,59719.89
180,2018-05-04 09:30:15.000,139236,139054,S,,20180504,671.01,93006690,9,6039.09
181,2018-05-04 09:30:15.000,139237,139054,S,,20180504,671.01,93006690,10,6710.1
182,2018-05-04 09:30:15.000,126232,139238,B,,20180504,671.5,93006690,200,134300.0
183,2018-05-04 09:30:15.000,126232,139239,B,,20180504,671.5,93006690,800,537200.0
184,2018-05-04 09:30:15.000,139406,139054,S,,20180504,671.01,93007110,100,67101.0
185,2018-05-04 09:30:15.000,126232,139660,B,,20180504,671.5,93007860,400,268600.0
186,2018-05-04 09:30:15.000,140190,139567,S,,20180504,671.1,93009840,100,67110.0
187,2018-05-04 09:30:15.000,126232,140191,B,,20180504,671.5,93009840,100,67150.0
188,2018-05-04 09:30:15.000,140281,140167,S,,20180504,671.1,93010100,100,67110.0
189,2018-05-04 09:30:15.000,126232,140550,B,,20180504,671.5,93011050,500,335750.0
190,2018-05-04 09:30:15.000,140892,140167,S,,20180504,671.1,93012230,100,67110.0
191,2018-05-04 09:30:15.000,141032,140558,S,,20180504,671.1,93012730,100,67110.0
192,2018-05-04 09:30:15.000,141032,140861,S,,20180504,671.1,93012730,346,232200.6
193,2018-05-04 09:30:15.000,140734,141033,B,,20180504,671.49,93012730,100,67149.0
194,2018-05-04 09:30:15.000,140903,141033,B,,20180504,671.49,93012730,100,67149.0
195,2018-05-04 09:30:15.000,141120,140861,S,,20180504,671.1,93012990,100,67110.0
196,2018-05-04 09:30:15.000,140903,141412,B,,20180504,671.49,93013980,400,268596.0
197,2018-05-04 09:30:15.000,141114,141412,B,,20180504,671.49,93013980,600,402894.0
198,2018-05-04 09:30:15.000,141115,141412,B,,20180504,671.5,93013980,1400,940100.0
199,2018-05-04 09:30:15.000,141496,141412,S,,20180504,671.5,93014270,100,67150.0
200,2018-05-04 09:30:15.000,141538,141412,S,,20180504,671.5,93014430,600,402900.0
201,2018-05-04 09:30:15.000,141552,141412,S,,20180504,671.5,93014480,100,67150.0
202,2018-05-04 09:30:15.000,141625,141412,S,,20180504,671.5,93014750,300,201450.0
203,2018-05-04 09:30:15.000,141636,141412,S,,20180504,671.5,93014800,100,67150.0
204,2018-05-04 09:30:15.000,141646,141412,S,,20180504,671.5,93014850,600,402900.0
205,2018-05-04 09:30:15.000,141684,141412,S,,20180504,671.5,93014990,200,134300.0
206,2018-05-04 09:30:15.300,141766,141412,S,,20180504,671.5,93015300,600,402900.0
207,2018-05-04 09:30:18.000,137313,141879,B,,20180504,671.63,93015650,100,67163.0
208,2018-05-04 09:30:18.000,141922,141879,S,,20180504,671.63,93015730,100,67163.0
209,2018-05-04 09:30:18.000,105315,141923,B,,20180504,671.67,93015730,100,67167.0
210,2018-05-04 09:30:18.000,119593,141923,B,,20180504,671.67,93015730,100,67167.0
211,2018-05-04 09:30:18.000,117674,141924,B,,20180504,671.7,93015730,100,67170.0
212,2018-05-04 09:30:18.000,142044,141412,S,,20180504,671.5,93016000,200,134300.0
213,2018-05-04 09:30:18.000,142168,141412,S,,20180504,671.5,93016400,100,67150.0
214,2018-05-04 09:30:16.980,142335,141412,S,,20180504,671.5,93016980,146,98039.0
215,2018-05-04 09:30:21.000,141925,142916,B,,20180504,671.63,93018740,100,67163.0
216,2018-05-04 09:30:21.000,142580,142917,B,,20180504,671.63,93018740,100,67163.0
217,2018-05-04 09:30:21.000,142635,142917,B,,20180504,671.63,93018740,100,67163.0
218,2018-05-04 09:30:21.000,117674,142917,B,,20180504,671.7,93018740,200,134340.0
219,2018-05-04 09:30:21.000,142055,142917,B,,20180504,671.7,93018740,200,134340.0
220,2018-05-04 09:30:21.000,143103,143009,S,,20180504,671.66,93019240,300,201498.0
221,2018-05-04 09:30:21.000,143213,143009,S,,20180504,671.66,93019600,100,67166.0
222,2018-05-04 09:30:21.000,143213,143059,S,,20180504,671.63,93019600,200,134326.0
223,2018-05-04 09:30:21.000,143337,143059,S,,20180504,671.63,93020030,100,67163.0
224,2018-05-04 09:30:21.000,143337,143385,B,,20180504,671.63,93020200,200,134326.0
225,2018-05-04 09:30:21.000,143398,143385,S,,20180504,671.63,93020250,100,67163.0
226,2018-05-04 09:30:21.000,143398,142878,S,,20180504,671.51,93020250,400,268604.0
227,2018-05-04 09:30:21.000,143488,143460,S,,20180504,671.63,93020520,100,67163.0
228,2018-05-04 09:30:21.000,143488,143592,B,,20180504,671.63,93020910,100,67163.0
229,2018-05-04 09:30:21.220,143488,143670,B,,20180504,671.63,93021220,100,67163.0
230,2018-05-04 09:30:24.000,143788,143853,B,,20180504,671.62,93021720,100,67162.0
231,2018-05-04 09:30:24.000,143809,143853,B,,20180504,671.63,93021720,100,67163.0
232,2018-05-04 09:30:24.000,142055,144010,B,,20180504,671.7,93022130,100,67170.0
233,2018-05-04 09:30:24.000,144043,143983,S,,20180504,671.63,93022220,100,67163.0
234,2018-05-04 09:30:24.000,144088,144158,B,,20180504,671.7,93022580,100,67170.0
235,2018-05-04 09:30:24.000,144279,143823,S,,20180504,671.57,93022970,34,22833.38
236,2018-05-04 09:30:23.610,144472,143823,S,,20180504,671.57,93023610,100,67157.0
237,2018-05-04 09:30:27.000,144826,143823,S,,20180504,671.57,93024720,496,333098.72000000003
238,2018-05-04 09:30:27.000,144280,145145,B,,20180504,671.7,93025600,100,67170.0
239,2018-05-04 09:30:27.000,144309,145633,B,,20180504,671.7,93027010,100,67170.0
240,2018-05-04 09:30:27.000,145547,145633,B,,20180504,671.7,93027010,100,67170.0
241,2018-05-04 09:30:27.000,113490,145633,B,,20180504,671.85,93027010,300,201555.0
242,2018-05-04 09:30:27.000,138876,145633,B,,20180504,671.88,93027010,300,201564.0
243,2018-05-04 09:30:27.000,86549,145633,B,,20180504,671.89,93027010,100,67189.0
244,2018-05-04 09:30:27.360,145752,145646,S,,20180504,671.63,93027360,100,67163.0
245,2018-05-04 09:30:30.000,145788,145936,B,,20180504,671.7,93027830,200,134340.0
246,2018-05-04 09:30:30.000,146236,146192,S,,20180504,671.8,93028620,100,67180.0
247,2018-05-04 09:30:30.000,146696,146192,S,,20180504,671.8,93029840,100,67180.0
248,2018-05-04 09:30:30.000,146696,145859,S,,20180504,671.64,93029840,200,134328.0
249,2018-05-04 09:30:30.000,146750,145859,S,,20180504,671.64,93030010,100,67164.0
250,2018-05-04 09:30:30.240,146858,145646,S,,20180504,671.63,93030240,100,67163.0
251,2018-05-04 09:30:33.000,86549,147290,B,,20180504,671.89,93031340,855,574465.95
252,2018-05-04 09:30:33.000,146013,147290,B,,20180504,671.89,93031340,200,134378.0
253,2018-05-04 09:30:33.000,146065,147290,B,,20180504,671.89,93031340,600,403134.0
254,2018-05-04 09:30:33.000,146453,147290,B,,20180504,671.89,93031340,200,134378.0
255,2018-05-04 09:30:33.000,146454,147290,B,,20180504,671.89,93031340,100,67189.0
256,2018-05-04 09:30:33.000,147114,147290,B,,20180504,671.89,93031340,400,268756.0
257,2018-05-04 09:30:33.000,147418,147290,S,,20180504,671.92,93031710,245,164620.4
258,2018-05-04 09:30:33.000,147418,147827,B,,20180504,671.89,93032960,100,67189.0
259,2018-05-04 09:30:32.960,147829,146916,S,,20180504,671.7,93032960,22,14777.400000000001
260,2018-05-04 09:30:36.000,148071,147892,S,,20180504,671.79,93033580,100,67179.0
261,2018-05-04 09:30:36.000,147418,148086,B,,20180504,671.89,93033600,100,67189.0
262,2018-05-04 09:30:36.000,148478,147892,S,,20180504,671.79,93034570,100,67179.0
263,2018-05-04 09:30:35.510,147418,148842,B,,20180504,671.89,93035510,200,134378.0
264,2018-05-04 09:30:39.000,147418,149350,B,,20180504,671.89,93036770,1200,806268.0
265,2018-05-04 09:30:39.000,147418,149351,B,,20180504,671.89,93036770,55,36953.95
266,2018-05-04 09:30:39.000,149623,149351,S,,20180504,671.89,93037420,100,67189.0
267,2018-05-04 09:30:39.000,145075,150215,B,,20180504,671.97,93038890,100,67197.0
268,2018-05-04 09:30:39.000,87728,150215,B,,20180504,672.0,93038890,100,67200.0
269,2018-05-04 09:30:38.890,90324,150215,B,,20180504,672.0,93038890,100,67200.0
270,2018-05-04 09:30:42.000,150539,150525,S,,20180504,672.01,93039700,487,327268.87
271,2018-05-04 09:30:42.000,150678,150525,S,,20180504,672.01,93039950,1,672.01
272,2018-05-04 09:30:42.000,151345,150525,S,,20180504,672.01,93041590,100,67201.0
273,2018-05-04 09:30:41.830,151422,150525,S,,20180504,672.01,93041830,100,67201.0
274,2018-05-04 09:30:45.000,151695,150525,S,,20180504,672.01,93042540,100,67201.0
275,2018-05-04 09:30:45.000,151954,150525,S,,20180504,672.01,93043110,612,411270.12
276,2018-05-04 09:30:45.000,151954,151724,S,,20180504,672.01,93043110,500,336005.0
277,2018-05-04 09:30:45.000,151954,150215,S,,20180504,672.0,93043110,700,470400.0
278,2018-05-04 09:30:45.000,151954,150832,S,,20180504,672.0,93043110,188,126336.0
279,2018-05-04 09:30:45.000,152231,150832,S,,20180504,672.0,93043880,12,8064.0
280,2018-05-04 09:30:45.000,152231,151320,S,,20180504,672.0,93043880,588,395136.0
281,2018-05-04 09:30:45.000,152279,151320,S,,20180504,672.0,93043970,100,67200.0
282,2018-05-04 09:30:45.000,152292,151320,S,,20180504,672.0,93044010,12,8064.0
283,2018-05-04 09:30:45.000,152292,151554,S,,20180504,672.0,93044010,100,67200.0
284,2018-05-04 09:30:45.000,152292,151555,S,,20180504,672.0,93044010,100,67200.0
285,2018-05-04 09:30:45.000,152292,151556,S,,20180504,672.0,93044010,388,260736.0
286,2018-05-04 09:30:45.000,119598,152349,B,,20180504,672.42,93044180,100,67242.0
287,2018-05-04 09:30:45.000,150538,152349,B,,20180504,672.42,93044180,100,67242.0
288,2018-05-04 09:30:45.000,151404,152349,B,,20180504,672.42,93044180,100,67242.0
289,2018-05-04 09:30:45.000,136892,152489,B,,20180504,672.43,93044480,100,67243.0
290,2018-05-04 09:30:45.000,152529,152349,S,,20180504,672.42,93044570,100,67242.0
291,2018-05-04 09:30:45.000,152563,152349,S,,20180504,672.42,93044640,300,201726.0
292,2018-05-04 09:30:45.000,152638,152349,S,,20180504,672.42,93044800,300,201726.0
293,2018-05-04 09:30:45.000,152771,152349,S,,20180504,672.42,93045120,300,201726.0
294,2018-05-04 09:30:45.270,152825,152349,S,,20180504,672.42,93045270,100,67242.0
295,2018-05-04 09:30:48.000,127076,152904,B,,20180504,672.89,93045430,100,67289.0
296,2018-05-04 09:30:48.000,97709,152904,B,,20180504,672.99,93045430,100,67299.0
297,2018-05-04 09:30:48.000,14665,152904,B,,20180504,673.0,93045430,100,67300.0
298,2018-05-04 09:30:48.000,107983,152904,B,,20180504,673.0,93045430,100,67300.0
299,2018-05-04 09:30:48.000,109868,152904,B,,20180504,673.0,93045430,100,67300.0
300,2018-05-04 09:30:48.000,113998,152904,B,,20180504,673.0,93045430,200,134600.0
301,2018-05-04 09:30:48.000,153624,152985,S,,20180504,672.22,93047130,600,403332.0
302,2018-05-04 09:30:48.000,153243,153805,B,,20180504,672.41,93047560,100,67241.0
303,2018-05-04 09:30:48.000,153886,152985,S,,20180504,672.22,93047770,100,67222.0
304,2018-05-04 09:30:48.000,153898,152985,S,,20180504,672.22,93047800,600,403332.0
305,2018-05-04 09:30:48.000,153898,152493,S,,20180504,672.21,93047800,100,67221.0
306,2018-05-04 09:30:48.000,153901,152493,S,,20180504,672.21,93047800,100,67221.0
307,2018-05-04 09:30:48.000,153963,152493,S,,20180504,672.21,93047950,546,367026.66000000003
308,2018-05-04 09:30:48.000,154160,152493,S,,20180504,672.21,93048400,354,237962.34000000003
309,2018-05-04 09:30:48.000,154160,153876,S,,20180504,672.21,93048400,600,403326.0
310,2018-05-04 09:30:48.400,154160,153962,S,,20180504,672.21,93048400,46,30921.660000000003
311,2018-05-04 09:30:51.000,153292,154241,B,,20180504,672.89,93048560,100,67289.0
312,2018-05-04 09:30:51.000,153577,154547,B,,20180504,672.89,93049250,100,67289.0
313,2018-05-04 09:30:51.000,154832,154801,S,,20180504,672.92,93049940,100,67292.0
314,2018-05-04 09:30:51.000,154856,154568,S,,20180504,672.42,93049990,7,4706.94
315,2018-05-04 09:30:51.000,155106,154568,S,,20180504,672.42,93050610,93,62535.06
316,2018-05-04 09:30:51.000,155107,154266,S,,20180504,672.22,93050610,100,67222.0
317,2018-05-04 09:30:51.350,155106,155395,B,,20180504,672.37,93051350,300,201711.0
318,2018-05-04 09:30:54.000,155106,155491,B,,20180504,672.37,93051600,7,4706.59
319,2018-05-04 09:30:54.000,113998,155746,B,,20180504,673.0,93052100,100,67300.0
320,2018-05-04 09:30:54.000,155929,155491,S,,20180504,672.92,93052600,93,62581.56
321,2018-05-04 09:30:54.000,156073,156074,B,,20180504,672.37,93052990,100,67237.0
322,2018-05-04 09:30:54.000,156151,154266,S,,20180504,672.22,93053220,249,167382.78
323,2018-05-04 09:30:53.750,156130,156368,B,,20180504,672.37,93053750,100,67237.0
324,2018-05-04 09:30:57.000,156683,156647,S,,20180504,672.45,93054520,100,67245.0
325,2018-05-04 09:30:57.000,156041,156740,B,,20180504,672.6,93054610,100,67260.0
326,2018-05-04 09:30:57.000,156802,156749,S,,20180504,672.6,93054740,100,67260.0
327,2018-05-04 09:30:57.000,156803,156749,S,,20180504,672.6,93054740,100,67260.0
328,2018-05-04 09:30:57.000,157051,156749,S,,20180504,672.6,93055300,100,67260.0
329,2018-05-04 09:30:57.000,157226,156749,S,,20180504,672.6,93055740,100,67260.0
330,2018-05-04 09:30:57.000,157386,156749,S,,20180504,672.6,93056180,100,67260.0
331,2018-05-04 09:30:57.000,157424,156856,S,,20180504,672.6,93056270,100,67260.0
332,2018-05-04 09:30:57.000,155929,157425,B,,20180504,672.8,93056270,100,67280.0
333,2018-05-04 09:30:57.000,155929,157492,B,,20180504,672.8,93056490,807,542949.6
334,2018-05-04 09:30:57.000,156909,157492,B,,20180504,672.8,93056490,300,201840.0
335,2018-05-04 09:30:57.000,156564,157492,B,,20180504,672.89,93056490,100,67289.0
336,2018-05-04 09:30:57.000,149294,157492,B,,20180504,673.0,93056490,100,67300.0
337,2018-05-04 09:30:57.000,157519,157492,S,,20180504,673.0,93056560,100,67300.0
338,2018-05-04 09:30:57.000,157582,157492,S,,20180504,673.0,93056680,100,67300.0
339,2018-05-04 09:30:57.000,157668,157492,S,,20180504,673.0,93056910,100,67300.0
340,2018-05-04 09:30:57.000,157669,157492,S,,20180504,673.0,93056910,100,67300.0
341,2018-05-04 09:30:57.000,157789,157492,S,,20180504,673.0,93057300,100,67300.0
342,2018-05-04 09:30:57.360,157803,157492,S,,20180504,673.0,93057360,100,67300.0
343,2018-05-04 09:31:00.000,27136,157896,B,,20180504,673.49,93057630,200,134698.0
344,2018-05-04 09:31:00.000,7950,158029,B,,20180504,673.88,93057840,100,67388.0
345,2018-05-04 09:31:00.000,158058,157896,S,,20180504,673.49,93057900,100,67349.0
346,2018-05-04 09:31:00.000,158061,157896,S,,20180504,673.49,93057900,100,67349.0
347,2018-05-04 09:31:00.000,158200,157896,S,,20180504,673.49,93058280,200,134698.0
348,2018-05-04 09:31:00.000,158848,157492,S,,20180504,673.0,93059860,200,134600.0
349,2018-05-04 09:31:00.390,159067,157492,S,,20180504,673.0,93100390,800,538400.0
350,2018-05-04 09:31:03.000,158669,159149,B,,20180504,673.49,93100590,100,67349.0
351,2018-05-04 09:31:03.000,159216,159150,S,,20180504,673.5,93100730,100,67350.0
352,2018-05-04 09:31:03.000,159217,159149,S,,20180504,673.49,93100730,100,67349.0
353,2018-05-04 09:31:03.000,159509,159267,S,,20180504,673.51,93101320,100,67351.0
354,2018-05-04 09:31:03.000,159509,159250,S,,20180504,673.5,93101320,100,67350.0
355,2018-05-04 09:31:03.000,159777,159149,S,,20180504,673.49,93101980,300,202047.0
356,2018-05-04 09:31:03.000,159777,159312,S,,20180504,673.49,93101980,2,1346.98
357,2018-05-04 09:31:03.000,159831,159312,S,,20180504,673.49,93102090,98,66002.02
358,2018-05-04 09:31:03.000,159831,157492,S,,20180504,673.0,93102090,2,1346.0
359,2018-05-04 09:31:03.000,159877,157492,S,,20180504,673.0,93102230,100,67300.0
360,2018-05-04 09:31:03.000,160040,159895,S,,20180504,673.54,93102590,100,67354.0
361,2018-05-04 09:31:03.300,67492,160368,B,,20180504,673.88,93103300,300,202164.0
362,2018-05-04 09:31:06.000,161034,160477,S,,20180504,673.09,93104790,100,67309.0
363,2018-05-04 09:31:06.000,161195,161692,B,,20180504,673.78,93106270,100,67378.0
364,2018-05-04 09:31:06.270,67492,161692,B,,20180504,673.88,93106270,100,67388.0
365,2018-05-04 09:31:09.000,161849,160071,S,,20180504,673.06,93106630,100,67306.0
366,2018-05-04 09:31:09.000,161718,161854,B,,20180504,673.77,93106630,100,67377.0
367,2018-05-04 09:31:09.000,162069,161854,S,,20180504,673.77,93106940,100,67377.0
368,2018-05-04 09:31:09.000,162073,161975,S,,20180504,673.49,93106960,100,67349.0
369,2018-05-04 09:31:09.000,162073,161509,S,,20180504,673.06,93106960,100,67306.0
370,2018-05-04 09:31:09.000,162088,161509,S,,20180504,673.06,93106960,100,67306.0
371,2018-05-04 09:31:09.000,162088,161624,S,,20180504,673.06,93106960,100,67306.0
372,2018-05-04 09:31:09.000,161900,162095,B,,20180504,673.8,93106960,100,67380.0
373,2018-05-04 09:31:09.000,162106,162209,B,,20180504,673.49,93107220,100,67349.0
374,2018-05-04 09:31:09.000,67492,162387,B,,20180504,673.88,93107610,100,67388.0
375,2018-05-04 09:31:09.000,71263,162387,B,,20180504,673.88,93107610,200,134776.0
376,2018-05-04 09:31:09.000,162421,162468,B,,20180504,673.8,93107750,300,202140.0
377,2018-05-04 09:31:09.000,100883,162468,B,,20180504,673.88,93107750,100,67388.0
378,2018-05-04 09:31:09.000,162591,162468,S,,20180504,673.88,93107960,100,67388.0
379,2018-05-04 09:31:09.000,162592,162468,S,,20180504,673.88,93107960,50,33694.0
380,2018-05-04 09:31:09.000,159280,162669,B,,20180504,673.99,93108090,100,67399.0
381,2018-05-04 09:31:09.000,27386,162787,B,,20180504,674.0,93108290,500,337000.0
382,2018-05-04 09:31:09.000,110671,162787,B,,20180504,674.0,93108290,100,67400.0
383,2018-05-04 09:31:09.000,148526,162787,B,,20180504,674.0,93108290,100,67400.0
384,2018-05-04 09:31:09.000,129922,162787,B,,20180504,674.03,93108290,800,539224.0
385,2018-05-04 09:31:09.000,163030,162468,S,,20180504,673.88,93108830,100,67388.0
386,2018-05-04 09:31:09.000,163097,162468,S,,20180504,673.88,93108960,100,67388.0
387,2018-05-04 09:31:09.000,163113,162468,S,,20180504,673.88,93109020,100,67388.0
388,2018-05-04 09:31:09.000,163259,162468,S,,20180504,673.88,93109400,150,101082.0
389,2018-05-04 09:31:09.400,163259,162835,S,,20180504,673.88,93109400,250,168470.0
390,2018-05-04 09:31:12.000,163462,162835,S,,20180504,673.88,93109760,88,59301.44
391,2018-05-04 09:31:12.000,163488,162835,S,,20180504,673.88,93109810,162,109168.56
392,2018-05-04 09:31:12.000,163488,163198,S,,20180504,673.88,93109810,100,67388.0
393,2018-05-04 09:31:12.000,163488,162596,S,,20180504,673.78,93109810,38,25603.64
394,2018-05-04 09:31:12.000,163751,162596,S,,20180504,673.78,93110300,100,67378.0
395,2018-05-04 09:31:12.000,163015,163759,B,,20180504,674.0,93110320,100,67400.0
396,2018-05-04 09:31:12.000,163461,163759,B,,20180504,674.0,93110320,100,67400.0
397,2018-05-04 09:31:12.000,163463,163759,B,,20180504,674.0,93110320,100,67400.0
398,2018-05-04 09:31:12.000,163571,163759,B,,20180504,674.0,93110320,100,67400.0
399,2018-05-04 09:31:12.000,129922,163759,B,,20180504,674.03,93110320,200,134806.0
400,2018-05-04 09:31:12.000,163999,163759,S,,20180504,674.03,93110730,100,67403.0
401,2018-05-04 09:31:12.000,164046,163759,S,,20180504,674.03,93110800,100,67403.0
402,2018-05-04 09:31:12.000,164241,164319,B,,20180504,673.8,93111380,100,67380.0
403,2018-05-04 09:31:12.000,164167,164532,B,,20180504,674.0,93111830,100,67400.0
404,2018-05-04 09:31:12.380,164762,164532,S,,20180504,674.0,93112380,100,67400.0
405,2018-05-04 09:31:15.000,164989,164532,S,,20180504,674.0,93112760,200,134800.0
406,2018-05-04 09:31:15.000,30151,164997,B,,20180504,674.08,93112760,300,202224.0
407,2018-05-04 09:31:15.000,51480,165065,B,,20180504,674.1,93112880,100,67410.0
408,2018-05-04 09:31:15.000,165203,164532,S,,20180504,674.0,93113130,400,269600.0
409,2018-05-04 09:31:15.000,165203,164636,S,,20180504,673.94,93113130,100,67394.0
410,2018-05-04 09:31:15.000,165442,164636,S,,20180504,673.94,93113660,100,67394.0
411,2018-05-04 09:31:15.000,165463,165578,B,,20180504,673.99,93113940,100,67399.0
412,2018-05-04 09:31:15.000,165717,164391,S,,20180504,673.88,93114190,100,67388.0
413,2018-05-04 09:31:15.000,165869,162886,S,,20180504,673.07,93114580,100,67307.0
414,2018-05-04 09:31:15.000,166212,165951,S,,20180504,674.0,93115350,100,67400.0
415,2018-05-04 09:31:15.350,166214,165951,S,,20180504,674.0,93115350,100,67400.0
416,2018-05-04 09:31:18.000,165950,166262,B,,20180504,674.08,93115490,200,134816.0
417,2018-05-04 09:31:18.000,166292,165951,S,,20180504,674.0,93115560,100,67400.0
418,2018-05-04 09:31:18.000,166292,165985,S,,20180504,674.0,93115560,100,67400.0
419,2018-05-04 09:31:18.000,166292,166315,B,,20180504,674.0,93115640,300,202200.0
420,2018-05-04 09:31:18.000,166141,166331,B,,20180504,674.08,93115640,100,67408.0
421,2018-05-04 09:31:18.000,87639,166331,B,,20180504,674.43,93115640,100,67443.0
422,2018-05-04 09:31:18.000,108025,166331,B,,20180504,674.5,93115640,100,67450.0
423,2018-05-04 09:31:18.000,49872,166331,B,,20180504,674.58,93115640,200,134916.0
424,2018-05-04 09:31:18.000,36605,166331,B,,20180504,674.75,93115640,300,202425.0
425,2018-05-04 09:31:18.000,166371,166383,B,,20180504,673.88,93115760,300,202164.0
426,2018-05-04 09:31:18.000,166368,166383,B,,20180504,673.99,93115760,200,134798.0
427,2018-05-04 09:31:18.000,166369,166424,B,,20180504,674.08,93115830,100,67408.0
428,2018-05-04 09:31:18.000,166751,166424,S,,20180504,674.08,93116420,100,67408.0
429,2018-05-04 09:31:17.810,167418,166424,S,,20180504,674.08,93117810,100,67408.0
430,2018-05-04 09:31:21.000,167421,167834,B,,20180504,674.19,93118630,100,67419.0
431,2018-05-04 09:31:21.000,167840,167682,S,,20180504,674.08,93118650,100,67408.0
432,2018-05-04 09:31:21.000,167888,167932,B,,20180504,674.19,93118750,100,67419.0
433,2018-05-04 09:31:21.000,168124,167964,S,,20180504,674.19,93119150,100,67419.0
434,2018-05-04 09:31:21.000,167420,168287,B,,20180504,674.3,93119460,100,67430.0
435,2018-05-04 09:31:21.000,64745,168287,B,,20180504,674.8,93119460,100,67480.0
436,2018-05-04 09:31:21.000,118921,168287,B,,20180504,674.8,93119460,100,67480.0
437,2018-05-04 09:31:21.000,27767,168287,B,,20180504,674.83,93119460,100,67483.0
438,2018-05-04 09:31:21.000,168343,168430,B,,20180504,674.19,93119690,100,67419.0
439,2018-05-04 09:31:21.000,168817,166383,S,,20180504,674.0,93120520,100,67400.0
440,2018-05-04 09:31:21.000,168867,166383,S,,20180504,674.0,93120660,800,539200.0
441,2018-05-04 09:31:21.000,168867,166770,S,,20180504,674.0,93120660,200,134800.0
442,2018-05-04 09:31:21.000,168904,167059,S,,20180504,674.0,93120740,100,67400.0
443,2018-05-04 09:31:21.000,168934,168908,S,,20180504,674.08,93120810,100,67408.0
444,2018-05-04 09:31:21.090,169039,168908,S,,20180504,674.08,93121090,100,67408.0
445,2018-05-04 09:31:24.000,169357,168908,S,,20180504,674.08,93121770,100,67408.0
446,2018-05-04 09:31:24.000,169357,167995,S,,20180504,674.0,93121770,100,67400.0
447,2018-05-04 09:31:24.000,169357,168030,S,,20180504,674.0,93121770,100,67400.0
448,2018-05-04 09:31:24.000,169671,169288,S,,20180504,673.88,93122450,100,67388.0
449,2018-05-04 09:31:24.000,169791,170110,B,,20180504,673.4,93123500,100,67340.0
450,2018-05-04 09:31:23.500,169357,170110,B,,20180504,673.95,93123500,100,67395.0
451,2018-05-04 09:31:27.000,170663,170233,S,,20180504,673.88,93124680,100,67388.0
452,2018-05-04 09:31:27.000,169357,170698,B,,20180504,673.95,93124760,200,134790.0
453,2018-05-04 09:31:27.000,169494,170698,B,,20180504,673.95,93124760,600,404370.0
454,2018-05-04 09:31:27.000,170664,171238,B,,20180504,673.95,93125950,100,67395.0
455,2018-05-04 09:31:26.940,170664,171680,B,,20180504,673.95,93126940,100,67395.0
456,2018-05-04 09:31:30.000,171283,172154,B,,20180504,673.95,93127730,100,67395.0
457,2018-05-04 09:31:30.000,172164,171619,S,,20180504,673.49,93127760,64,43103.36
458,2018-05-04 09:31:30.000,171700,172210,B,,20180504,673.95,93127810,100,67395.0
459,2018-05-04 09:31:30.000,172163,172210,B,,20180504,673.95,93127810,100,67395.0
460,2018-05-04 09:31:30.000,172163,172502,B,,20180504,673.95,93128390,100,67395.0
461,2018-05-04 09:31:28.390,170273,172502,B,,20180504,673.99,93128390,100,67399.0
462,2018-05-04 09:31:33.000,173602,171619,S,,20180504,673.49,93130650,36,24245.64
463,2018-05-04 09:31:33.000,173602,172935,S,,20180504,673.49,93130650,300,202047.0
464,2018-05-04 09:31:33.000,173602,173543,S,,20180504,673.49,93130650,64,43103.36
465,2018-05-04 09:31:33.000,173352,173772,B,,20180504,673.83,93130850,300,202149.0
466,2018-05-04 09:31:33.000,173352,173980,B,,20180504,673.83,93131310,100,67383.0
467,2018-05-04 09:31:33.000,173377,173980,B,,20180504,673.88,93131310,200,134776.0
468,2018-05-04 09:31:33.000,174501,173543,S,,20180504,673.49,93132470,36,24245.64
469,2018-05-04 09:31:33.000,174501,173746,S,,20180504,673.49,93132470,100,67349.0
470,2018-05-04 09:31:33.000,174501,174503,B,,20180504,673.49,93132470,64,43103.36
471,2018-05-04 09:31:33.000,173377,174503,B,,20180504,673.88,93132470,36,24259.68
472,2018-05-04 09:31:33.000,173377,174676,B,,20180504,673.88,93132850,100,67388.0
473,2018-05-04 09:31:33.000,173377,174741,B,,20180504,673.88,93132970,64,43128.32
474,2018-05-04 09:31:33.000,173454,174741,B,,20180504,673.88,93132970,100,67388.0
475,2018-05-04 09:31:32.970,173665,174741,B,,20180504,673.88,93132970,136,91647.68
476,2018-05-04 09:31:36.000,175082,161882,S,,20180504,673.0,93133750,100,67300.0
477,2018-05-04 09:31:36.000,175082,163628,S,,20180504,673.0,93133750,100,67300.0
478,2018-05-04 09:31:36.000,175082,167523,S,,20180504,673.0,93133750,58,39034.0
479,2018-05-04 09:31:36.000,175084,167523,S,,20180504,673.0,93133750,42,28266.0
480,2018-05-04 09:31:36.000,175084,161807,S,,20180504,672.8,93133750,100,67280.0
481,2018-05-04 09:31:36.000,175084,156647,S,,20180504,672.45,93133750,100,67245.0
482,2018-05-04 09:31:36.000,175084,156625,S,,20180504,672.42,93133750,100,67242.0
483,2018-05-04 09:31:36.000,175084,158563,S,,20180504,672.42,93133750,200,134484.0
484,2018-05-04 09:31:36.000,175084,156368,S,,20180504,672.37,93133750,100,67237.0
485,2018-05-04 09:31:36.000,173665,175171,B,,20180504,673.88,93133890,64,43128.32
486,2018-05-04 09:31:36.000,173825,175171,B,,20180504,673.88,93133890,100,67388.0
487,2018-05-04 09:31:36.000,175015,175171,B,,20180504,673.88,93133890,100,67388.0
488,2018-05-04 09:31:36.000,175083,175171,B,,20180504,673.88,93133890,36,24259.68
489,2018-05-04 09:31:36.000,175083,175397,B,,20180504,673.88,93134360,64,43128.32
490,2018-05-04 09:31:36.000,172989,175397,B,,20180504,673.94,93134360,36,24261.840000000004
491,2018-05-04 09:31:34.600,172989,175522,B,,20180504,673.94,93134600,200,134788.0
492,2018-05-04 09:31:39.000,175640,176501,B,,20180504,673.49,93136820,100,67349.0
493,2018-05-04 09:31:39.000,176658,176432,S,,20180504,672.23,93137100,100,67223.0
494,2018-05-04 09:31:39.000,176658,157997,S,,20180504,672.2,93137100,300,201660.0
495,2018-05-04 09:31:39.000,176658,154057,S,,20180504,671.89,93137100,200,134378.0
496,2018-05-04 09:31:39.000,176364,176684,B,,20180504,673.49,93137180,100,67349.0
497,2018-05-04 09:31:39.000,176696,176739,B,,20180504,673.0,93137270,100,67300.0
498,2018-05-04 09:31:38.310,176364,177168,B,,20180504,673.49,93138310,100,67349.0
499,2018-05-04 09:31:42.000,177889,176775,S,,20180504,672.23,93139810,100,67223.0
500,2018-05-04 09:31:42.000,177908,176969,S,,20180504,672.23,93139860,100,67223.0
501,2018-05-04 09:31:42.000,177236,178077,B,,20180504,673.0,93140150,100,67300.0
502,2018-05-04 09:31:42.000,177423,178077,B,,20180504,673.0,93140150,1000,673000.0
503,2018-05-04 09:31:42.000,178673,178768,B,,20180504,672.17,93141770,300,201651.0
504,2018-05-04 09:31:42.000,178799,178768,S,,20180504,672.23,93141850,100,67223.0
505,2018-05-04 09:31:41.940,177423,178848,B,,20180504,673.0,93141940,100,67300.0
506,2018-05-04 09:31:42.770,177423,179291,B,,20180504,673.0,93142770,800,538400.0
507,2018-05-04 09:31:48.000,179735,180530,B,,20180504,672.99,93145430,100,67299.0
508,2018-05-04 09:31:45.650,179735,180630,B,,20180504,672.99,93145650,100,67299.0
509,2018-05-04 09:31:51.000,180721,182099,B,,20180504,672.23,93148790,100,67223.0
510,2018-05-04 09:31:51.000,180721,182100,B,,20180504,672.23,93148790,100,67223.0
511,2018-05-04 09:31:51.000,182199,182101,S,,20180504,672.23,93148950,200,134446.0
512,2018-05-04 09:31:51.000,182199,179193,S,,20180504,671.9,93148950,200,134380.0
513,2018-05-04 09:31:51.000,182431,179421,S,,20180504,671.9,93149510,200,134380.0
514,2018-05-04 09:31:51.000,182431,182359,S,,20180504,671.9,93149510,100,67190.0
515,2018-05-04 09:31:51.000,182431,154057,S,,20180504,671.89,93149510,100,67189.0
516,2018-05-04 09:31:51.000,183068,182137,S,,20180504,671.89,93150850,200,134378.0
517,2018-05-04 09:31:50.850,183068,149320,S,,20180504,671.8,93150850,100,67180.0
518,2018-05-04 09:31:54.000,182924,183533,B,,20180504,672.22,93151890,100,67222.0
519,2018-05-04 09:31:54.000,183862,184110,B,,20180504,671.9,93153130,100,67190.0
520,2018-05-04 09:31:54.000,184042,184312,B,,20180504,672.22,93153590,100,67222.0
521,2018-05-04 09:31:54.000,182466,184571,B,,20180504,672.23,93154160,100,67223.0
522,2018-05-04 09:31:54.000,183757,184571,B,,20180504,672.23,93154160,100,67223.0
523,2018-05-04 09:31:54.000,183912,184571,B,,20180504,672.35,93154160,100,67235.0
524,2018-05-04 09:31:54.310,182225,184639,B,,20180504,672.42,93154310,100,67242.0
525,2018-05-04 09:31:57.000,184748,184622,S,,20180504,672.23,93154620,100,67223.0
526,2018-05-04 09:31:57.000,184929,184622,S,,20180504,672.23,93154940,100,67223.0
527,2018-05-04 09:31:57.000,184929,184715,S,,20180504,671.81,93154940,100,67181.0
528,2018-05-04 09:31:57.000,184929,184306,S,,20180504,671.8,93154940,100,67180.0
529,2018-05-04 09:31:57.000,184929,146916,S,,20180504,671.7,93154940,78,52392.600000000006
530,2018-05-04 09:31:57.000,184929,147764,S,,20180504,671.7,93154940,22,14777.400000000001
531,2018-05-04 09:31:57.000,183911,184932,B,,20180504,672.47,93154940,100,67247.0
532,2018-05-04 09:31:57.000,185597,185747,B,,20180504,671.75,93156780,300,201525.0
533,2018-05-04 09:31:57.120,185597,185877,B,,20180504,671.75,93157120,100,67175.0
534,2018-05-04 09:32:00.000,185597,186366,B,,20180504,671.75,93158130,200,134350.0
535,2018-05-04 09:32:00.000,185630,186366,B,,20180504,671.75,93158130,100,67175.0
536,2018-05-04 09:32:00.000,185630,186380,B,,20180504,671.75,93158130,300,201525.0
537,2018-05-04 09:32:00.000,186382,147764,S,,20180504,671.7,93158130,184,123592.8
538,2018-05-04 09:32:00.000,186484,147764,S,,20180504,671.7,93158410,200,134340.0
539,2018-05-04 09:32:00.000,185630,186550,B,,20180504,671.75,93158550,200,134350.0
540,2018-05-04 09:32:00.000,186002,186550,B,,20180504,671.8,93158550,100,67180.0
541,2018-05-04 09:32:00.000,186289,186550,B,,20180504,671.8,93158550,100,67180.0
542,2018-05-04 09:32:00.000,186828,187199,B,,20180504,671.75,93159860,200,134350.0
543,2018-05-04 09:32:00.000,186176,187199,B,,20180504,671.9,93159860,100,67190.0
544,2018-05-04 09:32:00.000,185051,187199,B,,20180504,672.2,93159860,100,67220.0
545,2018-05-04 09:32:00.000,184930,187199,B,,20180504,672.47,93159860,100,67247.0
546,2018-05-04 09:32:00.000,185195,187199,B,,20180504,672.66,93159860,100,67266.0
547,2018-05-04 09:32:00.000,181709,187199,B,,20180504,672.88,93159860,100,67288.0
548,2018-05-04 09:32:00.000,186639,187199,B,,20180504,672.96,93159860,200,134592.0
549,2018-05-04 09:32:00.280,187242,187413,B,,20180504,671.75,93200280,100,67175.0
550,2018-05-04 09:32:03.000,187684,147764,S,,20180504,671.7,93200750,138,92694.6
551,2018-05-04 09:32:03.000,187242,187945,B,,20180504,671.75,93201260,100,67175.0
552,2018-05-04 09:32:03.000,187242,188186,B,,20180504,671.75,93201750,100,67175.0
553,2018-05-04 09:32:03.000,187597,188186,B,,20180504,671.75,93201750,100,67175.0
554,2018-05-04 09:32:03.000,187597,188384,B,,20180504,671.75,93202160,100,67175.0
555,2018-05-04 09:32:02.870,188711,147764,S,,20180504,671.7,93202870,100,67170.0
556,2018-05-04 09:32:06.000,187597,189216,B,,20180504,671.75,93203820,600,403050.0
557,2018-05-04 09:32:06.000,188476,189216,B,,20180504,671.75,93203820,100,67175.0
558,2018-05-04 09:32:06.000,188959,189216,B,,20180504,671.75,93203820,100,67175.0
559,2018-05-04 09:32:06.000,187224,189216,B,,20180504,671.8,93203820,200,134360.0
560,2018-05-04 09:32:06.000,189496,147764,S,,20180504,671.7,93204390,100,67170.0
561,2018-05-04 09:32:06.000,187224,189686,B,,20180504,671.8,93204750,300,201540.0
562,2018-05-04 09:32:06.000,187689,189686,B,,20180504,671.8,93204750,200,134360.0
563,2018-05-04 09:32:06.000,189707,189610,S,,20180504,671.75,93204820,100,67175.0
564,2018-05-04 09:32:06.000,190142,189610,S,,20180504,671.75,93205800,100,67175.0
565,2018-05-04 09:32:06.350,190437,190144,S,,20180504,671.71,93206350,300,201513.0
566,2018-05-04 09:32:09.000,187689,190637,B,,20180504,671.8,93206740,100,67180.0
567,2018-05-04 09:32:09.000,189633,190637,B,,20180504,671.8,93206740,100,67180.0
568,2018-05-04 09:32:09.000,190777,190144,S,,20180504,671.71,93206910,1000,671710.0
569,2018-05-04 09:32:09.000,190636,190789,B,,20180504,671.8,93206940,100,67180.0
570,2018-05-04 09:32:09.000,190636,190979,B,,20180504,671.8,93207320,100,67180.0
571,2018-05-04 09:32:09.000,188478,190979,B,,20180504,671.88,93207320,100,67188.0
572,2018-05-04 09:32:09.000,190296,191101,B,,20180504,671.89,93207570,100,67189.0
573,2018-05-04 09:32:09.000,191236,191327,B,,20180504,671.8,93208080,100,67180.0
574,2018-05-04 09:32:09.000,191343,190872,S,,20180504,671.75,93208130,100,67175.0
575,2018-05-04 09:32:09.000,191236,191425,B,,20180504,671.8,93208320,100,67180.0
576,2018-05-04 09:32:08.870,191649,191509,S,,20180504,671.8,93208870,100,67180.0
577,2018-05-04 09:32:12.000,191914,191584,S,,20180504,671.8,93209450,100,67180.0
578,2018-05-04 09:32:12.000,192096,191585,S,,20180504,671.8,93209730,100,67180.0
579,2018-05-04 09:32:12.000,192096,191586,S,,20180504,671.8,93209730,57,38292.6
580,2018-05-04 09:32:12.000,187353,192165,B,,20180504,672.0,93209880,100,67200.0
581,2018-05-04 09:32:12.000,187715,192165,B,,20180504,672.0,93209880,100,67200.0
582,2018-05-04 09:32:12.000,188267,192165,B,,20180504,672.0,93209880,100,67200.0
583,2018-05-04 09:32:12.000,189264,192165,B,,20180504,672.0,93209880,200,134400.0
584,2018-05-04 09:32:12.000,189273,192165,B,,20180504,672.0,93209880,100,67200.0
585,2018-05-04 09:32:12.000,192344,191586,S,,20180504,671.8,93210220,43,28887.399999999998
586,2018-05-04 09:32:12.000,192344,191629,S,,20180504,671.8,93210220,57,38292.6
587,2018-05-04 09:32:12.000,192387,191629,S,,20180504,671.8,93210340,43,28887.399999999998
588,2018-05-04 09:32:12.000,192387,191753,S,,20180504,671.8,93210340,100,67180.0
589,2018-05-04 09:32:12.000,192387,192098,S,,20180504,671.8,93210340,100,67180.0
590,2018-05-04 09:32:12.000,192387,190872,S,,20180504,671.75,93210340,157,105464.75
591,2018-05-04 09:32:12.000,192097,192623,B,,20180504,672.0,93210800,100,67200.0
592,2018-05-04 09:32:12.000,192553,192623,B,,20180504,672.0,93210800,100,67200.0
593,2018-05-04 09:32:12.000,190220,192623,B,,20180504,672.01,93210800,100,67201.0
594,2018-05-04 09:32:12.000,188232,192623,B,,20180504,672.49,93210800,100,67249.0
595,2018-05-04 09:32:12.000,189678,192623,B,,20180504,672.88,93210800,100,67288.0
596,2018-05-04 09:32:12.000,192665,192530,S,,20180504,671.8,93210900,100,67180.0
597,2018-05-04 09:32:12.000,192968,190872,S,,20180504,671.75,93211540,343,230410.25
598,2018-05-04 09:32:12.000,192968,190144,S,,20180504,671.71,93211540,700,470197.0
599,2018-05-04 09:32:12.000,192968,191650,S,,20180504,671.71,93211540,400,268684.0
600,2018-05-04 09:32:12.000,192968,191800,S,,20180504,671.71,93211540,100,67171.0
601,2018-05-04 09:32:12.000,192968,147764,S,,20180504,671.7,93211540,756,507805.2
602,2018-05-04 09:32:12.000,192968,153588,S,,20180504,671.5,93211540,100,67150.0
603,2018-05-04 09:32:12.000,192968,143296,S,,20180504,671.49,93211540,100,67149.0
604,2018-05-04 09:32:12.000,192968,115438,S,,20180504,671.0,93211540,82,55022.0
605,2018-05-04 09:32:12.000,192968,120504,S,,20180504,671.0,93211540,100,67100.0
606,2018-05-04 09:32:12.000,192968,147482,S,,20180504,671.0,93211540,100,67100.0
607,2018-05-04 09:32:11.540,192968,175563,S,,20180504,671.0,93211540,100,67100.0
608,2018-05-04 09:32:15.000,192968,193585,B,,20180504,671.0,93212800,3100,2080100.0
609,2018-05-04 09:32:15.000,192968,193818,B,,20180504,671.0,93213250,100,67100.0
610,2018-05-04 09:32:15.000,194037,118469,S,,20180504,670.99,93213730,200,134198.0
611,2018-05-04 09:32:15.000,194037,129772,S,,20180504,670.99,93213730,100,67099.0
612,2018-05-04 09:32:15.000,194037,193525,S,,20180504,670.99,93213730,100,67099.0
613,2018-05-04 09:32:15.000,194037,101244,S,,20180504,670.98,93213730,100,67098.0
614,2018-05-04 09:32:15.000,194037,106915,S,,20180504,670.98,93213730,300,201294.0
615,2018-05-04 09:32:15.000,194037,106917,S,,20180504,670.98,93213730,200,134196.0
616,2018-05-04 09:32:15.000,194037,114962,S,,20180504,670.98,93213730,100,67098.0
617,2018-05-04 09:32:15.000,194037,121768,S,,20180504,670.98,93213730,100,67098.0
618,2018-05-04 09:32:15.000,194037,122878,S,,20180504,670.98,93213730,100,67098.0
619,2018-05-04 09:32:15.000,194037,138636,S,,20180504,670.98,93213730,200,134196.0
620,2018-05-04 09:32:15.000,194037,143763,S,,20180504,670.98,93213730,200,134196.0
621,2018-05-04 09:32:15.000,194037,145122,S,,20180504,670.98,93213730,100,67098.0
622,2018-05-04 09:32:15.000,194037,146869,S,,20180504,670.98,93213730,200,134196.0
623,2018-05-04 09:32:15.000,194037,194482,B,,20180504,670.96,93214770,200,134192.0
624,2018-05-04 09:32:15.230,194037,194690,B,,20180504,670.96,93215230,100,67096.0
625,2018-05-04 09:32:18.000,192968,194952,B,,20180504,671.0,93215730,2219,1488949.0
626,2018-05-04 09:32:18.000,194276,194952,B,,20180504,671.0,93215730,100,67100.0
627,2018-05-04 09:32:18.000,194656,194952,B,,20180504,671.0,93215730,81,54351.0
628,2018-05-04 09:32:18.000,194656,195143,B,,20180504,671.0,93216120,19,12749.0
629,2018-05-04 09:32:18.000,193246,195143,B,,20180504,671.5,93216120,100,67150.0
630,2018-05-04 09:32:18.000,193002,195143,B,,20180504,671.6,93216120,81,54399.6
631,2018-05-04 09:32:18.000,195248,195381,B,,20180504,670.99,93216710,100,67099.0
632,2018-05-04 09:32:18.000,195324,195461,B,,20180504,671.33,93216900,200,134266.0
633,2018-05-04 09:32:18.000,193002,195461,B,,20180504,671.6,93216900,300,201480.0
634,2018-05-04 09:32:16.980,195493,106239,S,,20180504,670.9,93216980,28,18785.2
635,2018-05-04 09:32:21.000,196874,195757,S,,20180504,671.0,93219730,100,67100.0
636,2018-05-04 09:32:21.000,196997,195757,S,,20180504,671.0,93220010,100,67100.0
637,2018-05-04 09:32:21.080,197110,197447,B,,20180504,671.0,93221080,200,134200.0
638,2018-05-04 09:32:24.000,197762,197447,S,,20180504,671.0,93221730,73,48983.0
639,2018-05-04 09:32:24.000,197518,198421,B,,20180504,671.55,93223060,200,134310.0
640,2018-05-04 09:32:23.530,198641,197447,S,,20180504,671.0,93223530,100,67100.0
641,2018-05-04 09:32:27.000,199161,197447,S,,20180504,671.0,93224650,27,18117.0
642,2018-05-04 09:32:27.000,199161,197458,S,,20180504,671.0,93224650,73,48983.0
643,2018-05-04 09:32:27.000,199807,197458,S,,20180504,671.0,93225970,339,227469.0
644,2018-05-04 09:32:27.000,200191,197458,S,,20180504,671.0,93226900,200,134200.0
645,2018-05-04 09:32:27.000,197930,200214,B,,20180504,671.55,93226970,100,67155.0
646,2018-05-04 09:32:27.290,200353,197458,S,,20180504,671.0,93227290,100,67100.0
647,2018-05-04 09:32:30.000,201307,200559,S,,20180504,671.01,93229340,100,67101.0
648,2018-05-04 09:32:29.340,201307,197458,S,,20180504,671.0,93229340,300,201300.0
649,2018-05-04 09:32:33.000,201911,197458,S,,20180504,671.0,93230650,300,201300.0
650,2018-05-04 09:32:33.000,202726,197458,S,,20180504,671.0,93232360,200,134200.0
651,2018-05-04 09:32:33.000,203025,197458,S,,20180504,671.0,93232970,88,59048.0
652,2018-05-04 09:32:33.000,203025,201460,S,,20180504,671.0,93232970,200,134200.0
653,2018-05-04 09:32:33.000,203025,201485,S,,20180504,671.0,93232970,312,209352.0
654,2018-05-04 09:32:32.970,203027,201485,S,,20180504,671.0,93232970,88,59048.0
655,2018-05-04 09:32:36.000,203027,203402,B,,20180504,670.95,93233710,100,67095.0
656,2018-05-04 09:32:36.000,203403,106239,S,,20180504,670.9,93233710,72,48304.799999999996
657,2018-05-04 09:32:36.000,203027,203526,B,,20180504,670.95,93233830,100,67095.0
658,2018-05-04 09:32:36.000,203027,204124,B,,20180504,670.95,93235010,100,67095.0
659,2018-05-04 09:32:35.140,203027,204191,B,,20180504,670.95,93235140,100,67095.0
660,2018-05-04 09:32:39.000,204817,110786,S,,20180504,670.89,93236590,100,67089.0
661,2018-05-04 09:32:39.000,204879,110786,S,,20180504,670.89,93236700,100,67089.0
662,2018-05-04 09:32:39.000,204879,124992,S,,20180504,670.89,93236700,100,67089.0
663,2018-05-04 09:32:39.000,204879,125007,S,,20180504,670.89,93236700,20,13417.8
664,2018-05-04 09:32:39.000,204943,125007,S,,20180504,670.89,93236780,80,53671.2
665,2018-05-04 09:32:39.000,204943,139191,S,,20180504,670.89,93236780,20,13417.8
666,2018-05-04 09:32:39.000,204966,139191,S,,20180504,670.89,93236810,80,53671.2
667,2018-05-04 09:32:39.000,204966,201672,S,,20180504,670.89,93236810,220,147595.8
668,2018-05-04 09:32:39.000,205007,201672,S,,20180504,670.89,93236870,400,268356.0
669,2018-05-04 09:32:39.000,205008,201672,S,,20180504,670.89,93236870,300,201267.0
670,2018-05-04 09:32:39.000,205028,201672,S,,20180504,670.89,93236900,400,268356.0
671,2018-05-04 09:32:39.000,205033,201672,S,,20180504,670.89,93236900,300,201267.0
672,2018-05-04 09:32:39.000,205047,201672,S,,20180504,670.89,93236950,380,254938.19999999998
673,2018-05-04 09:32:39.000,205056,57166,S,,20180504,670.88,93236950,200,134176.0
674,2018-05-04 09:32:39.000,205056,125927,S,,20180504,670.88,93236950,100,67088.0
675,2018-05-04 09:32:39.000,205047,205233,B,,20180504,670.89,93237330,20,13417.8
676,2018-05-04 09:32:39.000,205117,205233,B,,20180504,670.89,93237330,80,53671.2
677,2018-05-04 09:32:39.000,205878,132825,S,,20180504,670.88,93238950,100,67088.0
678,2018-05-04 09:32:38.950,205878,166887,S,,20180504,670.88,93238950,400,268352.0
679,2018-05-04 09:32:42.000,205117,206163,B,,20180504,670.89,93239580,100,67089.0
680,2018-05-04 09:32:42.000,206291,166887,S,,20180504,670.88,93239790,100,67088.0
681,2018-05-04 09:32:42.000,206302,166887,S,,20180504,670.88,93239810,100,67088.0
682,2018-05-04 09:32:42.000,206303,166887,S,,20180504,670.88,93239810,200,134176.0
683,2018-05-04 09:32:42.000,206333,166887,S,,20180504,670.88,93239810,100,67088.0
684,2018-05-04 09:32:42.000,206334,166887,S,,20180504,670.88,93239810,100,67088.0
685,2018-05-04 09:32:42.000,206335,166887,S,,20180504,670.88,93239810,100,67088.0
686,2018-05-04 09:32:42.000,206343,166887,S,,20180504,670.88,93239810,100,67088.0
687,2018-05-04 09:32:42.000,206344,166887,S,,20180504,670.88,93239810,100,67088.0
688,2018-05-04 09:32:42.000,206345,166887,S,,20180504,670.88,93239810,100,67088.0
689,2018-05-04 09:32:42.000,206356,166887,S,,20180504,670.88,93239840,200,134176.0
690,2018-05-04 09:32:42.000,206357,166887,S,,20180504,670.88,93239840,100,67088.0
691,2018-05-04 09:32:42.000,206365,166887,S,,20180504,670.88,93239870,186,124783.68
692,2018-05-04 09:32:42.000,206415,166887,S,,20180504,670.88,93239930,100,67088.0
693,2018-05-04 09:32:42.000,206563,166887,S,,20180504,670.88,93240160,100,67088.0
694,2018-05-04 09:32:42.000,206618,166887,S,,20180504,670.88,93240240,100,67088.0
695,2018-05-04 09:32:42.000,206635,207054,B,,20180504,670.89,93241250,100,67089.0
696,2018-05-04 09:32:42.000,206635,207144,B,,20180504,670.89,93241460,100,67089.0
697,2018-05-04 09:32:41.720,205847,207275,B,,20180504,670.9,93241720,100,67090.0
698,2018-05-04 09:32:45.000,207546,166887,S,,20180504,670.88,93242440,300,201264.0
699,2018-05-04 09:32:45.000,207725,166887,S,,20180504,670.88,93242760,100,67088.0
700,2018-05-04 09:32:45.000,207734,166887,S,,20180504,670.88,93242790,100,67088.0
701,2018-05-04 09:32:45.000,207744,166887,S,,20180504,670.88,93242810,100,67088.0
702,2018-05-04 09:32:45.000,207778,166887,S,,20180504,670.88,93242840,100,67088.0
703,2018-05-04 09:32:45.000,207789,166887,S,,20180504,670.88,93242870,100,67088.0
704,2018-05-04 09:32:45.000,207828,166887,S,,20180504,670.88,93242920,100,67088.0
705,2018-05-04 09:32:45.000,207951,166887,S,,20180504,670.88,93243140,100,67088.0
706,2018-05-04 09:32:45.000,207974,166887,S,,20180504,670.88,93243210,600,402528.0
707,2018-05-04 09:32:45.000,207979,166887,S,,20180504,670.88,93243240,600,402528.0
708,2018-05-04 09:32:45.000,207401,208030,B,,20180504,670.89,93243310,100,67089.0
709,2018-05-04 09:32:45.000,207402,208030,B,,20180504,670.89,93243310,100,67089.0
710,2018-05-04 09:32:45.000,207869,208030,B,,20180504,670.89,93243310,200,134178.0
711,2018-05-04 09:32:45.000,205847,208030,B,,20180504,670.9,93243310,100,67090.0
712,2018-05-04 09:32:45.000,208336,208686,B,,20180504,670.89,93244910,100,67089.0
713,2018-05-04 09:32:45.000,208701,166887,S,,20180504,670.88,93244930,46,30860.48
714,2018-05-04 09:32:45.100,208771,166887,S,,20180504,670.88,93245100,600,402528.0
715,2018-05-04 09:32:48.000,208980,166887,S,,20180504,670.88,93245620,168,112707.84
716,2018-05-04 09:32:48.000,208980,207280,S,,20180504,670.88,93245620,232,155644.16
717,2018-05-04 09:32:48.000,209016,207280,S,,20180504,670.88,93245670,168,112707.84
718,2018-05-04 09:32:48.000,209118,4039,S,,20180504,670.7,93245870,100,67070.0
719,2018-05-04 09:32:48.000,209118,165653,S,,20180504,670.7,93245870,200,134140.0
720,2018-05-04 09:32:48.000,209016,209666,B,,20180504,670.74,93246950,100,67074.0
721,2018-05-04 09:32:48.000,209016,209695,B,,20180504,670.74,93246990,100,67074.0
722,2018-05-04 09:32:48.000,209724,165653,S,,20180504,670.7,93247040,100,67070.0
723,2018-05-04 09:32:48.000,209016,209763,B,,20180504,670.74,93247140,32,21463.68
724,2018-05-04 09:32:48.000,209043,209763,B,,20180504,670.88,93247140,200,134176.0
725,2018-05-04 09:32:48.000,209085,209763,B,,20180504,670.88,93247140,100,67088.0
726,2018-05-04 09:32:48.000,208336,209763,B,,20180504,670.89,93247140,100,67089.0
727,2018-05-04 09:32:48.000,208433,209763,B,,20180504,670.89,93247140,200,134178.0
728,2018-05-04 09:32:48.000,208702,209763,B,,20180504,670.89,93247140,100,67089.0
729,2018-05-04 09:32:48.000,209075,209763,B,,20180504,670.89,93247140,200,134178.0
730,2018-05-04 09:32:48.000,209784,209763,S,,20180504,670.89,93247190,68,45620.52
731,2018-05-04 09:32:48.000,209784,209858,B,,20180504,670.88,93247360,100,67088.0
732,2018-05-04 09:32:48.000,210160,210313,B,,20180504,670.85,93248380,100,67085.0
733,2018-05-04 09:32:48.000,210134,210313,B,,20180504,670.89,93248380,100,67089.0
734,2018-05-04 09:32:48.380,210167,210313,B,,20180504,670.89,93248380,400,268356.0
735,2018-05-04 09:32:51.000,210581,165653,S,,20180504,670.7,93248750,121,81154.70000000001
736,2018-05-04 09:32:51.000,210341,210595,B,,20180504,670.83,93248750,100,67083.0
737,2018-05-04 09:32:51.000,210607,165653,S,,20180504,670.7,93248800,500,335350.0
738,2018-05-04 09:32:51.000,210836,165653,S,,20180504,670.7,93249250,79,52985.3
739,2018-05-04 09:32:51.000,210836,210523,S,,20180504,670.7,93249250,100,67070.0
740,2018-05-04 09:32:51.000,210836,210841,B,,20180504,670.7,93249250,121,81154.70000000001
741,2018-05-04 09:32:51.000,210341,210841,B,,20180504,670.83,93249250,79,52995.57
742,2018-05-04 09:32:51.000,210341,210858,B,,20180504,670.83,93249300,100,67083.0
743,2018-05-04 09:32:51.000,210887,119526,S,,20180504,670.67,93249370,100,67067.0
744,2018-05-04 09:32:51.000,210887,210524,S,,20180504,670.58,93249370,100,67058.0
745,2018-05-04 09:32:51.000,210341,210998,B,,20180504,670.83,93249600,100,67083.0
746,2018-05-04 09:32:51.000,210341,211148,B,,20180504,670.83,93249950,100,67083.0
747,2018-05-04 09:32:51.000,211210,22553,S,,20180504,670.5,93250110,100,67050.0
748,2018-05-04 09:32:51.000,211363,99926,S,,20180504,670.5,93250480,100,67050.0
749,2018-05-04 09:32:51.000,210341,211447,B,,20180504,670.83,93250700,221,148253.43000000002
750,2018-05-04 09:32:51.000,211058,211447,B,,20180504,670.85,93250700,2300,1542955.0
751,2018-05-04 09:32:51.000,210926,211447,B,,20180504,670.88,93250700,100,67088.0
752,2018-05-04 09:32:51.000,211087,211447,B,,20180504,670.88,93250700,400,268352.0
753,2018-05-04 09:32:51.000,211480,211447,S,,20180504,670.89,93250740,100,67089.0
754,2018-05-04 09:32:51.000,211489,211447,S,,20180504,670.89,93250770,200,134178.0
755,2018-05-04 09:32:51.000,211519,211447,S,,20180504,670.89,93250820,100,67089.0
756,2018-05-04 09:32:51.000,211604,211447,S,,20180504,670.89,93250990,100,67089.0
757,2018-05-04 09:32:51.000,211617,211447,S,,20180504,670.89,93251010,100,67089.0
758,2018-05-04 09:32:51.000,211717,211447,S,,20180504,670.89,93251230,279,187178.31
759,2018-05-04 09:32:51.230,211717,211528,S,,20180504,670.89,93251230,100,67089.0
760,2018-05-04 09:32:54.000,212114,210525,S,,20180504,670.46,93252040,100,67046.0
761,2018-05-04 09:32:54.000,212114,212718,B,,20180504,670.25,93253430,100,67025.0
762,2018-05-04 09:32:54.000,212266,212820,B,,20180504,670.46,93253720,100,67046.0
763,2018-05-04 09:32:54.000,211717,212887,B,,20180504,670.83,93253860,21,14087.43
764,2018-05-04 09:32:54.000,211752,212887,B,,20180504,670.88,93253860,79,52999.52
765,2018-05-04 09:32:54.000,212898,212845,S,,20180504,670.46,93253890,100,67046.0
766,2018-05-04 09:32:54.300,211752,213079,B,,20180504,670.88,93254300,100,67088.0
767,2018-05-04 09:32:57.000,213281,212945,S,,20180504,670.8,93254730,99,66409.2
768,2018-05-04 09:32:57.000,213533,212945,S,,20180504,670.8,93255200,100,67080.0
769,2018-05-04 09:32:57.000,213821,212945,S,,20180504,670.8,93255990,1,670.8
770,2018-05-04 09:32:57.000,213984,214131,B,,20180504,670.67,93256780,100,67067.0
771,2018-05-04 09:32:57.000,213821,214131,B,,20180504,670.7,93256780,199,133469.30000000002
772,2018-05-04 09:32:57.000,213159,214266,B,,20180504,670.83,93257120,100,67083.0
773,2018-05-04 09:32:57.000,211752,214266,B,,20180504,670.88,93257120,100,67088.0
774,2018-05-04 09:32:57.290,214343,214131,S,,20180504,670.8,93257290,100,67080.0
775,2018-05-04 09:33:00.000,214572,214131,S,,20180504,670.8,93257790,84,56347.2
776,2018-05-04 09:33:00.000,214573,214131,S,,20180504,670.8,93257790,17,11403.599999999999
777,2018-05-04 09:33:00.000,214763,213416,S,,20180504,670.28,93258180,100,67028.0
778,2018-05-04 09:33:00.000,215199,213416,S,,20180504,670.28,93259220,100,67028.0
779,2018-05-04 09:33:00.000,215199,213790,S,,20180504,670.04,93259220,100,67004.0
780,2018-05-04 09:33:00.000,215199,204904,S,,20180504,670.03,93259220,300,201009.0
781,2018-05-04 09:33:00.000,215199,212268,S,,20180504,670.03,93259220,200,134006.0
782,2018-05-04 09:33:00.000,215199,72578,S,,20180504,670.0,93259220,100,67000.0
783,2018-05-04 09:32:59.220,215199,87432,S,,20180504,670.0,93259220,3800,2546000.0
784,2018-05-04 09:33:03.000,215874,215861,S,,20180504,670.01,93300730,40,26800.4
785,2018-05-04 09:33:03.000,215856,216147,B,,20180504,670.03,93301230,100,67003.0
786,2018-05-04 09:33:02.400,215857,216600,B,,20180504,670.46,93302400,200,134092.0
787,2018-05-04 09:33:06.000,217215,215861,S,,20180504,670.01,93303740,260,174202.6
788,2018-05-04 09:33:06.000,216524,217332,B,,20180504,670.46,93303910,100,67046.0
789,2018-05-04 09:33:06.000,218224,218064,S,,20180504,670.1,93305960,100,67010.0
790,2018-05-04 09:33:06.330,218373,87432,S,,20180504,670.0,93306330,100,67000.0
791,2018-05-04 09:33:09.000,218596,87432,S,,20180504,670.0,93306780,66,44220.0
792,2018-05-04 09:33:09.000,218954,87432,S,,20180504,670.0,93307550,100,67000.0
793,2018-05-04 09:33:09.000,217501,219072,B,,20180504,670.28,93307850,100,67028.0
794,2018-05-04 09:33:09.000,219380,219251,S,,20180504,670.28,93308650,100,67028.0
795,2018-05-04 09:33:09.000,219589,218964,S,,20180504,670.08,93309240,300,201024.0
796,2018-05-04 09:33:09.000,219589,87432,S,,20180504,670.0,93309240,300,201000.0
797,2018-05-04 09:33:09.000,219590,87432,S,,20180504,670.0,93309240,600,402000.0
798,2018-05-04 09:33:09.000,219603,87432,S,,20180504,670.0,93309260,100,67000.0
799,2018-05-04 09:33:09.390,219518,219663,B,,20180504,670.28,93309390,200,134056.0
800,2018-05-04 09:33:12.000,220386,87432,S,,20180504,670.0,93310990,268,179560.0
801,2018-05-04 09:33:12.000,220443,87432,S,,20180504,670.0,93311130,400,268000.0
802,2018-05-04 09:33:12.000,220609,87432,S,,20180504,670.0,93311490,300,201000.0
803,2018-05-04 09:33:12.000,220668,87432,S,,20180504,670.0,93311660,100,67000.0
804,2018-05-04 09:33:12.240,220906,220676,S,,20180504,670.01,93312240,300,201003.0
805,2018-05-04 09:33:15.000,221048,220676,S,,20180504,670.01,93312590,500,335005.0
806,2018-05-04 09:33:15.000,220842,221183,B,,20180504,670.05,93312840,200,134010.0
807,2018-05-04 09:33:15.000,221346,220676,S,,20180504,670.01,93313150,100,67001.0
808,2018-05-04 09:33:15.000,220842,221459,B,,20180504,670.05,93313380,100,67005.0
809,2018-05-04 09:33:15.000,221692,221459,S,,20180504,670.05,93313880,100,67005.0
810,2018-05-04 09:33:15.000,221692,221615,S,,20180504,670.05,93313880,100,67005.0
811,2018-05-04 09:33:15.000,221692,221640,S,,20180504,670.05,93313880,100,67005.0
812,2018-05-04 09:33:15.000,221692,220676,S,,20180504,670.01,93313880,1700,1139017.0
813,2018-05-04 09:33:15.000,221892,220676,S,,20180504,670.01,93314350,300,201003.0
814,2018-05-04 09:33:15.100,221733,222214,B,,20180504,670.05,93315100,100,67005.0
815,2018-05-04 09:33:18.000,222513,222351,S,,20180504,670.05,93315660,100,67005.0
816,2018-05-04 09:33:18.000,222513,222233,S,,20180504,670.02,93315660,100,67002.0
817,2018-05-04 09:33:18.000,222513,220676,S,,20180504,670.01,93315660,1200,804012.0
818,2018-05-04 09:33:18.000,222655,220676,S,,20180504,670.01,93315910,200,134002.0
819,2018-05-04 09:33:18.160,222590,223559,B,,20180504,670.03,93318160,100,67003.0
820,2018-05-04 09:33:21.000,223580,223679,B,,20180504,670.08,93318440,100,67008.0
821,2018-05-04 09:33:21.000,223898,223559,S,,20180504,670.05,93318890,100,67005.0
822,2018-05-04 09:33:21.000,223912,223559,S,,20180504,670.05,93318940,100,67005.0
823,2018-05-04 09:33:21.000,223948,223559,S,,20180504,670.05,93318990,1,670.05
824,2018-05-04 09:33:21.000,224335,223559,S,,20180504,670.05,93319750,99,66334.95
825,2018-05-04 09:33:19.750,224335,223601,S,,20180504,670.05,93319750,1,670.05
826,2018-05-04 09:33:24.000,225019,223601,S,,20180504,670.05,93321500,100,67005.0
827,2018-05-04 09:33:24.000,225076,223601,S,,20180504,670.05,93321620,399,267349.94999999995
828,2018-05-04 09:33:24.000,225076,225003,S,,20180504,670.05,93321620,101,67675.04999999999
829,2018-05-04 09:33:24.000,225159,225003,S,,20180504,670.05,93321770,188,125969.4
830,2018-05-04 09:33:24.000,225195,225003,S,,20180504,670.05,93321820,100,67005.0
831,2018-05-04 09:33:24.000,225744,225003,S,,20180504,670.05,93323130,100,67005.0
832,2018-05-04 09:33:24.000,225906,225003,S,,20180504,670.05,93323510,600,402030.0
833,2018-05-04 09:33:24.000,226050,225003,S,,20180504,670.05,93323850,100,67005.0
834,2018-05-04 09:33:24.160,226171,225003,S,,20180504,670.05,93324160,100,67005.0
835,2018-05-04 09:33:27.000,223990,226392,B,,20180504,670.08,93324670,100,67008.0
836,2018-05-04 09:33:27.000,224791,226392,B,,20180504,670.08,93324670,100,67008.0
837,2018-05-04 09:33:27.000,226581,226392,S,,20180504,670.08,93325040,100,67008.0
838,2018-05-04 09:33:27.000,226843,225003,S,,20180504,670.05,93325680,200,134010.0
839,2018-05-04 09:33:27.000,226920,225003,S,,20180504,670.05,93325860,100,67005.0
840,2018-05-04 09:33:27.000,226986,225003,S,,20180504,670.05,93326070,74,49583.7
841,2018-05-04 09:33:27.000,227177,227163,S,,20180504,670.06,93326620,100,67006.0
842,2018-05-04 09:33:27.000,227333,227163,S,,20180504,670.06,93327050,100,67006.0
843,2018-05-04 09:33:27.350,227452,227163,S,,20180504,670.06,93327350,100,67006.0
844,2018-05-04 09:33:30.000,226769,227583,B,,20180504,670.08,93327640,200,134016.0
845,2018-05-04 09:33:30.000,227593,227583,S,,20180504,670.08,93327660,100,67008.0
846,2018-05-04 09:33:30.000,222461,227892,B,,20180504,670.1,93328230,100,67010.0
847,2018-05-04 09:33:30.000,228032,225003,S,,20180504,670.05,93328550,700,469034.99999999994
848,2018-05-04 09:33:30.000,227998,228049,B,,20180504,670.08,93328580,100,67008.0
849,2018-05-04 09:33:30.000,227998,228336,B,,20180504,670.08,93329230,100,67008.0
850,2018-05-04 09:33:30.000,222461,228336,B,,20180504,670.1,93329230,100,67010.0
851,2018-05-04 09:33:30.000,225782,228336,B,,20180504,670.1,93329230,100,67010.0
852,2018-05-04 09:33:30.000,227116,228520,B,,20180504,670.41,93329640,100,67041.0
853,2018-05-04 09:33:30.000,228552,228336,S,,20180504,670.28,93329750,200,134056.0
854,2018-05-04 09:33:30.000,228659,225003,S,,20180504,670.05,93329990,79,52933.95
855,2018-05-04 09:33:30.000,228687,225003,S,,20180504,670.05,93330070,100,67005.0
856,2018-05-04 09:33:30.000,228695,225003,S,,20180504,670.05,93330090,100,67005.0
857,2018-05-04 09:33:30.000,228660,228833,B,,20180504,670.08,93330360,100,67008.0
858,2018-05-04 09:33:30.360,228709,228833,B,,20180504,670.08,93330360,200,134016.0
859,2018-05-04 09:33:33.000,228919,228696,S,,20180504,670.06,93330570,200,134012.0
860,2018-05-04 09:33:33.000,229067,225003,S,,20180504,670.05,93330890,27,18091.35
861,2018-05-04 09:33:33.000,229068,225003,S,,20180504,670.05,93330890,200,134010.0
862,2018-05-04 09:33:33.000,229069,225003,S,,20180504,670.05,93330890,60,40203.0
863,2018-05-04 09:33:33.000,229134,225003,S,,20180504,670.05,93331000,100,67005.0
864,2018-05-04 09:33:32.380,229683,225003,S,,20180504,670.05,93332380,400,268020.0
865,2018-05-04 09:33:36.000,230100,229696,S,,20180504,670.08,93333450,100,67008.0
866,2018-05-04 09:33:36.000,230206,230168,S,,20180504,670.1,93333670,100,67010.0
867,2018-05-04 09:33:36.000,230273,229991,S,,20180504,670.06,93333780,100,67006.0
868,2018-05-04 09:33:36.000,230276,230451,B,,20180504,670.08,93334130,100,67008.0
869,2018-05-04 09:33:36.000,230761,229991,S,,20180504,670.06,93334860,300,201017.99999999997
870,2018-05-04 09:33:36.000,230761,225003,S,,20180504,670.05,93334860,100,67005.0
871,2018-05-04 09:33:36.000,230891,225003,S,,20180504,670.05,93335180,100,67005.0
872,2018-05-04 09:33:36.000,231055,225003,S,,20180504,670.05,93335560,100,67005.0
873,2018-05-04 09:33:36.000,231322,225003,S,,20180504,670.05,93336220,100,67005.0
874,2018-05-04 09:33:36.260,231349,225003,S,,20180504,670.05,93336260,100,67005.0
875,2018-05-04 09:33:39.000,230812,231489,B,,20180504,670.06,93336630,100,67006.0
876,2018-05-04 09:33:39.000,231323,231489,B,,20180504,670.06,93336630,200,134012.0
877,2018-05-04 09:33:39.000,231556,231489,S,,20180504,670.08,93336770,100,67008.0
878,2018-05-04 09:33:39.000,231556,232144,B,,20180504,670.06,93338090,200,134012.0
879,2018-05-04 09:33:39.000,231557,232374,B,,20180504,670.06,93338690,100,67006.0
880,2018-05-04 09:33:39.000,232001,232374,B,,20180504,670.06,93338690,100,67006.0
881,2018-05-04 09:33:39.000,232267,232374,B,,20180504,670.06,93338690,100,67006.0
882,2018-05-04 09:33:39.000,232267,232410,B,,20180504,670.06,93338810,100,67006.0
883,2018-05-04 09:33:39.000,232478,225003,S,,20180504,670.05,93338960,170,113908.49999999999
884,2018-05-04 09:33:39.000,232501,225003,S,,20180504,670.05,93339000,100,67005.0
885,2018-05-04 09:33:39.310,232267,232631,B,,20180504,670.06,93339310,100,67006.0
886,2018-05-04 09:33:42.000,232933,225003,S,,20180504,670.05,93339910,100,67005.0
887,2018-05-04 09:33:42.000,232539,232985,B,,20180504,670.06,93340060,100,67006.0
888,2018-05-04 09:33:42.000,232556,233030,B,,20180504,670.06,93340140,100,67006.0
889,2018-05-04 09:33:42.000,232859,233093,B,,20180504,670.06,93340280,200,134012.0
890,2018-05-04 09:33:42.000,233182,233093,S,,20180504,670.08,93340470,100,67008.0
891,2018-05-04 09:33:42.000,233182,225003,S,,20180504,670.05,93340470,100,67005.0
892,2018-05-04 09:33:42.000,233419,225003,S,,20180504,670.05,93341040,501,335695.05
893,2018-05-04 09:33:42.000,233419,227677,S,,20180504,670.05,93341040,100,67005.0
894,2018-05-04 09:33:42.000,233419,232019,S,,20180504,670.05,93341040,99,66334.95
895,2018-05-04 09:33:42.000,233679,232019,S,,20180504,670.05,93341710,1,670.05
896,2018-05-04 09:33:42.070,233818,229137,S,,20180504,670.03,93342070,300,201009.0
897,2018-05-04 09:33:45.000,233679,234203,B,,20180504,670.05,93342870,99,66334.95
898,2018-05-04 09:33:45.000,233246,234203,B,,20180504,670.06,93342870,1,670.06
899,2018-05-04 09:33:45.000,234759,220676,S,,20180504,670.01,93344100,300,201003.0
900,2018-05-04 09:33:45.000,235006,220676,S,,20180504,670.01,93344800,200,134002.0
901,2018-05-04 09:33:45.000,235006,224901,S,,20180504,670.01,93344800,400,268004.0
902,2018-05-04 09:33:45.000,235059,224901,S,,20180504,670.01,93344940,600,402006.0
903,2018-05-04 09:33:45.000,234713,235083,B,,20180504,670.05,93344990,100,67005.0
904,2018-05-04 09:33:44.990,233246,235083,B,,20180504,670.06,93344990,100,67006.0
905,2018-05-04 09:33:48.000,236003,236086,B,,20180504,670.02,93347410,100,67002.0
906,2018-05-04 09:33:48.000,235291,236310,B,,20180504,670.03,93347890,100,67003.0
907,2018-05-04 09:33:48.000,235248,236310,B,,20180504,670.05,93347890,100,67005.0
908,2018-05-04 09:33:48.000,235387,236322,B,,20180504,670.05,93347930,300,201015.0
909,2018-05-04 09:33:48.000,235434,236322,B,,20180504,670.05,93347930,100,67005.0
910,2018-05-04 09:33:48.000,235477,236322,B,,20180504,670.05,93347930,100,67005.0
911,2018-05-04 09:33:48.260,236458,236322,S,,20180504,670.05,93348260,100,67005.0
912,2018-05-04 09:33:51.000,236648,236588,S,,20180504,670.06,93348710,83,55614.979999999996
913,2018-05-04 09:33:51.000,236865,236588,S,,20180504,670.06,93349200,17,11391.019999999999
914,2018-05-04 09:33:51.000,236865,224925,S,,20180504,670.01,93349200,83,55610.83
915,2018-05-04 09:33:51.000,234204,237152,B,,20180504,670.08,93349810,100,67008.0
916,2018-05-04 09:33:51.000,235300,237152,B,,20180504,670.08,93349810,200,134016.0
917,2018-05-04 09:33:51.000,236314,237152,B,,20180504,670.08,93349810,200,134016.0
918,2018-05-04 09:33:51.000,237464,224925,S,,20180504,670.01,93350530,17,11390.17
919,2018-05-04 09:33:51.000,237464,234780,S,,20180504,670.01,93350530,400,268004.0
920,2018-05-04 09:33:51.000,237464,237198,S,,20180504,670.01,93350530,100,67001.0
921,2018-05-04 09:33:51.000,237464,87432,S,,20180504,670.0,93350530,483,323610.0
922,2018-05-04 09:33:51.000,237768,87432,S,,20180504,670.0,93351230,100,67000.0
923,2018-05-04 09:33:51.310,237800,237788,S,,20180504,670.05,93351310,100,67005.0
924,2018-05-04 09:33:54.000,238013,237788,S,,20180504,670.05,93351770,100,67005.0
925,2018-05-04 09:33:54.000,238015,237788,S,,20180504,670.05,93351770,68,45563.399999999994
926,2018-05-04 09:33:52.290,237727,238233,B,,20180504,670.06,93352290,100,67006.0
927,2018-05-04 09:33:57.000,239133,237788,S,,20180504,670.05,93354690,121,81076.04999999999
928,2018-05-04 09:33:57.000,239328,237788,S,,20180504,670.05,93355140,319,213745.94999999998
929,2018-05-04 09:33:57.000,239509,237788,S,,20180504,670.05,93355550,100,67005.0
930,2018-05-04 09:33:57.000,239723,237788,S,,20180504,670.05,93356070,100,67005.0
931,2018-05-04 09:33:57.000,239774,237788,S,,20180504,670.05,93356200,200,134010.0
932,2018-05-04 09:33:57.000,239799,237788,S,,20180504,670.05,93356270,100,67005.0
933,2018-05-04 09:33:56.820,240016,237788,S,,20180504,670.05,93356820,100,67005.0
934,2018-05-04 09:34:00.000,240385,237788,S,,20180504,670.05,93357770,70,46903.5
935,2018-05-04 09:34:00.000,240448,237788,S,,20180504,670.05,93357890,200,134010.0
936,2018-05-04 09:34:00.000,240532,237788,S,,20180504,670.05,93358090,100,67005.0
937,2018-05-04 09:34:00.000,238144,240687,B,,20180504,670.06,93358420,100,67006.0
938,2018-05-04 09:34:00.000,238497,240687,B,,20180504,670.06,93358420,100,67006.0
939,2018-05-04 09:34:00.000,238883,240835,B,,20180504,670.06,93358760,100,67006.0
940,2018-05-04 09:34:00.000,240853,237788,S,,20180504,670.05,93358830,100,67005.0
941,2018-05-04 09:34:00.000,240928,240940,B,,20180504,670.06,93359020,100,67006.0
942,2018-05-04 09:34:00.000,239325,240940,B,,20180504,670.07,93359020,100,67007.0
943,2018-05-04 09:34:00.000,240098,240940,B,,20180504,670.08,93359020,100,67008.0
944,2018-05-04 09:34:00.000,240986,240940,S,,20180504,670.08,93359130,100,67008.0
945,2018-05-04 09:34:00.000,241009,240940,S,,20180504,670.08,93359180,100,67008.0
946,2018-05-04 09:34:00.000,241009,241157,B,,20180504,670.06,93359500,100,67006.0
947,2018-05-04 09:34:00.000,241415,237788,S,,20180504,670.05,93400150,322,215756.09999999998
948,2018-05-04 09:34:00.000,241415,238789,S,,20180504,670.05,93400150,400,268020.0
949,2018-05-04 09:34:00.000,241415,241379,S,,20180504,670.03,93400150,800,536024.0
950,2018-05-04 09:34:00.000,241415,87432,S,,20180504,670.0,93400150,3283,2199610.0
951,2018-05-04 09:34:00.000,241415,176184,S,,20180504,670.0,93400150,100,67000.0
952,2018-05-04 09:34:00.000,241415,219488,S,,20180504,670.0,93400150,100,67000.0
953,2018-05-04 09:34:00.000,241415,223695,S,,20180504,670.0,93400150,100,67000.0
954,2018-05-04 09:34:00.150,241415,225994,S,,20180504,670.0,93400150,195,130650.0
955,2018-05-04 09:34:03.000,241613,241567,S,,20180504,670.05,93400630,100,67005.0
956,2018-05-04 09:34:03.000,241627,225994,S,,20180504,670.0,93400650,305,204350.0
957,2018-05-04 09:34:03.000,241627,226978,S,,20180504,670.0,93400650,100,67000.0
958,2018-05-04 09:34:03.000,241627,233494,S,,20180504,670.0,93400650,95,63650.0
959,2018-05-04 09:34:03.000,242101,233494,S,,20180504,670.0,93401780,5,3350.0
960,2018-05-04 09:34:01.780,242101,241717,S,,20180504,670.0,93401780,100,67000.0
961,2018-05-04 09:34:06.000,242876,100128,S,,20180504,669.18,93403730,10,6691.799999999999
962,2018-05-04 09:34:06.000,242147,243317,B,,20180504,669.98,93404820,100,66998.0
963,2018-05-04 09:34:06.000,242147,243441,B,,20180504,669.98,93405200,200,133996.0
964,2018-05-04 09:34:05.690,242148,243625,B,,20180504,669.98,93405690,100,66998.0
965,2018-05-04 09:34:09.000,243968,100128,S,,20180504,669.18,93406480,90,60226.2
966,2018-05-04 09:34:09.000,244742,117471,S,,20180504,669.0,93408420,100,66900.0
967,2018-05-04 09:34:09.000,243968,244754,B,,20180504,669.16,93408470,110,73607.59999999999
968,2018-05-04 09:34:09.000,244503,244754,B,,20180504,669.16,93408470,90,60224.399999999994
969,2018-05-04 09:34:09.000,244503,244900,B,,20180504,669.16,93408890,10,6691.599999999999
970,2018-05-04 09:34:08.890,244504,244900,B,,20180504,669.16,93408890,90,60224.399999999994
971,2018-05-04 09:34:12.000,245190,181280,S,,20180504,669.0,93409650,100,66900.0
972,2018-05-04 09:34:12.000,245190,245671,B,,20180504,669.0,93410880,100,66900.0
973,2018-05-04 09:34:12.000,244504,245721,B,,20180504,669.16,93410970,10,6691.599999999999
974,2018-05-04 09:34:12.000,244033,245721,B,,20180504,669.18,93410970,90,60226.2
975,2018-05-04 09:34:12.000,245722,245829,B,,20180504,669.16,93411250,100,66916.0
976,2018-05-04 09:34:12.000,244033,245942,B,,20180504,669.18,93411540,10,6691.799999999999
977,2018-05-04 09:34:12.000,245925,245942,B,,20180504,669.18,93411540,90,60226.2
978,2018-05-04 09:34:12.000,245925,246161,B,,20180504,669.18,93412120,10,6691.799999999999
979,2018-05-04 09:34:12.120,243045,246161,B,,20180504,669.98,93412120,290,194294.2
980,2018-05-04 09:34:12.600,246339,246032,S,,20180504,669.0,93412600,300,200700.0
981,2018-05-04 09:34:18.000,246339,247465,B,,20180504,669.0,93415480,100,66900.0
982,2018-05-04 09:34:18.000,247580,229491,S,,20180504,668.8,93415730,300,200640.0
983,2018-05-04 09:34:17.780,248151,248420,B,,20180504,668.8,93417780,100,66880.0
984,2018-05-04 09:34:21.000,248795,248724,S,,20180504,668.88,93418720,63,42139.44
985,2018-05-04 09:34:21.000,249163,248724,S,,20180504,668.88,93419540,37,24748.56
986,2018-05-04 09:34:21.000,249163,241569,S,,20180504,668.7,93419540,163,108998.1
987,2018-05-04 09:34:21.000,247708,249255,B,,20180504,668.95,93419780,100,66895.0
988,2018-05-04 09:34:20.200,247708,249411,B,,20180504,668.95,93420200,200,133790.0
989,2018-05-04 09:34:24.000,249680,250064,B,,20180504,668.75,93421860,500,334375.0
990,2018-05-04 09:34:24.000,250379,241569,S,,20180504,668.7,93422780,100,66870.0
991,2018-05-04 09:34:24.000,250380,241569,S,,20180504,668.7,93422780,37,24741.9
992,2018-05-04 09:34:24.000,250380,250801,B,,20180504,668.68,93423760,63,42126.84
993,2018-05-04 09:34:24.000,250460,250801,B,,20180504,668.69,93423760,137,91610.53000000001
994,2018-05-04 09:34:24.380,251041,250801,S,,20180504,668.7,93424380,100,66870.0
995,2018-05-04 09:34:27.000,251201,244506,S,,20180504,668.03,93424760,224,149638.72
996,2018-05-04 09:34:27.000,251288,251313,B,,20180504,668.7,93425040,100,66870.0
997,2018-05-04 09:34:27.000,249680,251313,B,,20180504,668.75,93425040,100,66875.0
998,2018-05-04 09:34:26.510,251879,244506,S,,20180504,668.03,93426510,221,147634.63
999,2018-05-04 09:34:30.000,252908,244506,S,,20180504,668.03,93428780,55,36741.65
1000,2018-05-04 09:34:30.000,252908,252101,S,,20180504,668.03,93428780,45,30061.35
1001,2018-05-04 09:34:30.000,252909,252101,S,,20180504,668.03,93428780,55,36741.65
1002,2018-05-04 09:34:30.000,252909,251791,S,,20180504,668.02,93428780,45,30060.899999999998
1003,2018-05-04 09:34:30.000,253001,251791,S,,20180504,668.02,93428950,55,36741.1
1004,2018-05-04 09:34:30.000,253001,251892,S,,20180504,668.02,93428950,100,66802.0
1005,2018-05-04 09:34:30.000,251789,253014,B,,20180504,668.7,93428970,100,66870.0
1006,2018-05-04 09:34:30.000,252555,253014,B,,20180504,668.7,93428970,100,66870.0
1007,2018-05-04 09:34:28.970,253002,253014,B,,20180504,668.7,93428970,100,66870.0
1008,2018-05-04 09:34:33.000,253212,253812,B,,20180504,668.7,93430710,100,66870.0
1009,2018-05-04 09:34:33.000,253366,253864,B,,20180504,668.7,93430810,100,66870.0
1010,2018-05-04 09:34:33.000,253397,253865,B,,20180504,668.7,93430810,100,66870.0
1011,2018-05-04 09:34:33.000,253408,253875,B,,20180504,668.7,93430810,100,66870.0
1012,2018-05-04 09:34:33.000,253688,253875,B,,20180504,668.7,93430810,100,66870.0
1013,2018-05-04 09:34:33.000,253688,253876,B,,20180504,668.7,93430810,100,66870.0
1014,2018-05-04 09:34:33.000,253688,253877,B,,20180504,668.7,93430810,100,66870.0
1015,2018-05-04 09:34:33.000,253977,253877,S,,20180504,668.7,93431000,100,66870.0
1016,2018-05-04 09:34:33.000,253977,253935,S,,20180504,668.7,93431000,100,66870.0
1017,2018-05-04 09:34:33.000,254027,253964,S,,20180504,668.7,93431140,100,66870.0
1018,2018-05-04 09:34:33.000,254027,253966,S,,20180504,668.7,93431140,100,66870.0
1019,2018-05-04 09:34:33.000,254027,254058,B,,20180504,668.7,93431190,100,66870.0
1020,2018-05-04 09:34:33.000,254027,254059,B,,20180504,668.7,93431190,100,66870.0
1021,2018-05-04 09:34:33.000,254290,254081,S,,20180504,668.7,93431770,100,66870.0
1022,2018-05-04 09:34:33.000,254290,254082,S,,20180504,668.7,93431770,100,66870.0
1023,2018-05-04 09:34:33.000,254290,254129,S,,20180504,668.7,93431770,100,66870.0
1024,2018-05-04 09:34:33.000,254290,254131,S,,20180504,668.7,93431770,100,66870.0
1025,2018-05-04 09:34:33.000,254333,254164,S,,20180504,668.7,93431870,100,66870.0
1026,2018-05-04 09:34:33.000,253938,254370,B,,20180504,668.8,93431960,100,66880.0
1027,2018-05-04 09:34:33.000,247708,254370,B,,20180504,668.95,93431960,200,133790.0
1028,2018-05-04 09:34:33.000,254519,254195,S,,20180504,668.7,93432350,100,66870.0
1029,2018-05-04 09:34:33.000,254519,254371,S,,20180504,668.7,93432350,100,66870.0
1030,2018-05-04 09:34:33.020,254828,253419,S,,20180504,668.1,93433020,100,66810.0
1031,2018-05-04 09:34:36.000,254928,255221,B,,20180504,668.7,93433970,100,66870.0
1032,2018-05-04 09:34:36.000,255110,255242,B,,20180504,668.7,93434000,100,66870.0
1033,2018-05-04 09:34:36.000,255421,255404,S,,20180504,668.75,93434450,100,66875.0
1034,2018-05-04 09:34:36.000,255430,254308,S,,20180504,668.03,93434480,100,66803.0
1035,2018-05-04 09:34:36.000,255631,254308,S,,20180504,668.03,93434900,100,66803.0
1036,2018-05-04 09:34:36.000,255632,254308,S,,20180504,668.03,93434900,100,66803.0
1037,2018-05-04 09:34:36.000,255663,255860,B,,20180504,668.7,93435480,100,66870.0
1038,2018-05-04 09:34:36.000,256000,255860,S,,20180504,668.7,93435800,100,66870.0
1039,2018-05-04 09:34:36.000,256057,255860,S,,20180504,668.7,93435930,100,66870.0
1040,2018-05-04 09:34:36.000,256125,256014,S,,20180504,668.09,93436100,100,66809.0
1041,2018-05-04 09:34:36.000,256125,255949,S,,20180504,668.04,93436100,100,66804.0
1042,2018-05-04 09:34:36.000,247708,256155,B,,20180504,668.95,93436180,100,66895.0
1043,2018-05-04 09:34:36.180,247760,256155,B,,20180504,668.95,93436180,100,66895.0
1044,2018-05-04 09:34:39.000,247485,256381,B,,20180504,669.0,93436690,200,133800.0
1045,2018-05-04 09:34:39.000,248039,256381,B,,20180504,669.0,93436690,200,133800.0
1046,2018-05-04 09:34:39.000,248365,256381,B,,20180504,669.0,93436690,200,133800.0
1047,2018-05-04 09:34:39.000,248459,256399,B,,20180504,669.0,93436710,400,267600.0
1048,2018-05-04 09:34:39.000,256428,255949,S,,20180504,668.04,93436760,68,45426.72
1049,2018-05-04 09:34:39.000,248459,256433,B,,20180504,669.0,93436760,200,133800.0
1050,2018-05-04 09:34:39.000,248995,256442,B,,20180504,669.0,93436780,100,66900.0
1051,2018-05-04 09:34:39.000,249968,256442,B,,20180504,669.0,93436780,100,66900.0
1052,2018-05-04 09:34:39.000,251874,256458,B,,20180504,669.0,93436810,100,66900.0
1053,2018-05-04 09:34:39.000,252001,256458,B,,20180504,669.0,93436810,100,66900.0
1054,2018-05-04 09:34:39.000,252001,256459,B,,20180504,669.0,93436810,400,267600.0
1055,2018-05-04 09:34:39.000,252013,256459,B,,20180504,669.0,93436810,100,66900.0
1056,2018-05-04 09:34:39.000,254666,256459,B,,20180504,669.0,93436810,100,66900.0
1057,2018-05-04 09:34:39.000,256772,256460,S,,20180504,669.0,93437410,100,66900.0
1058,2018-05-04 09:34:39.000,246191,256794,B,,20180504,669.13,93437440,300,200739.0
1059,2018-05-04 09:34:39.000,246283,256794,B,,20180504,669.13,93437440,200,133826.0
1060,2018-05-04 09:34:39.000,256855,256498,S,,20180504,669.0,93437590,200,133800.0
1061,2018-05-04 09:34:39.000,256918,256498,S,,20180504,669.0,93437750,100,66900.0
1062,2018-05-04 09:34:39.000,256919,256498,S,,20180504,669.0,93437750,100,66900.0
1063,2018-05-04 09:34:39.000,257140,256498,S,,20180504,669.0,93438290,100,66900.0
1064,2018-05-04 09:34:39.000,257180,256498,S,,20180504,669.0,93438390,100,66900.0
1065,2018-05-04 09:34:38.940,257394,256499,S,,20180504,669.0,93438940,300,200700.0
1066,2018-05-04 09:34:42.000,257651,256499,S,,20180504,669.0,93439500,100,66900.0
1067,2018-05-04 09:34:42.000,257685,256521,S,,20180504,669.0,93439570,100,66900.0
1068,2018-05-04 09:34:42.000,257691,256521,S,,20180504,669.0,93439590,300,200700.0
1069,2018-05-04 09:34:42.000,246283,257701,B,,20180504,669.13,93439620,200,133826.0
1070,2018-05-04 09:34:42.000,257702,256524,S,,20180504,669.0,93439620,100,66900.0
1071,2018-05-04 09:34:42.000,257703,256524,S,,20180504,669.0,93439620,200,133800.0
1072,2018-05-04 09:34:42.000,257703,256537,S,,20180504,669.0,93439620,400,267600.0
1073,2018-05-04 09:34:42.000,257703,256538,S,,20180504,669.0,93439620,300,200700.0
1074,2018-05-04 09:34:42.000,257703,256541,S,,20180504,669.0,93439620,100,66900.0
1075,2018-05-04 09:34:42.000,247975,257738,B,,20180504,669.18,93439670,100,66918.0
1076,2018-05-04 09:34:42.000,257978,257728,S,,20180504,669.13,93440170,200,133826.0
1077,2018-05-04 09:34:42.000,257978,257732,S,,20180504,669.13,93440170,100,66913.0
1078,2018-05-04 09:34:42.000,257978,257765,S,,20180504,669.13,93440170,200,133826.0
1079,2018-05-04 09:34:42.000,257978,257827,S,,20180504,669.13,93440170,100,66913.0
1080,2018-05-04 09:34:42.000,258183,258061,S,,20180504,669.25,93440670,100,66925.0
1081,2018-05-04 09:34:42.000,258183,257831,S,,20180504,669.13,93440670,100,66913.0
1082,2018-05-04 09:34:42.000,258183,257933,S,,20180504,669.13,93440670,100,66913.0
1083,2018-05-04 09:34:42.000,258241,257934,S,,20180504,669.13,93440800,100,66913.0
1084,2018-05-04 09:34:42.000,258241,258149,S,,20180504,669.13,93440800,100,66913.0
1085,2018-05-04 09:34:42.000,258242,258149,S,,20180504,669.13,93440800,100,66913.0
1086,2018-05-04 09:34:42.000,258242,258217,S,,20180504,669.13,93440800,100,66913.0
1087,2018-05-04 09:34:42.000,248387,258259,B,,20180504,669.88,93440850,100,66988.0
1088,2018-05-04 09:34:42.000,251051,258259,B,,20180504,669.95,93440850,200,133990.0
1089,2018-05-04 09:34:42.000,258289,258217,S,,20180504,669.13,93440900,100,66913.0
1090,2018-05-04 09:34:42.000,258343,256699,S,,20180504,669.0,93441040,100,66900.0
1091,2018-05-04 09:34:42.000,258344,256699,S,,20180504,669.0,93441040,100,66900.0
1092,2018-05-04 09:34:42.000,258503,258406,S,,20180504,669.26,93441490,100,66926.0
1093,2018-05-04 09:34:42.000,258716,257459,S,,20180504,669.0,93442050,200,133800.0
1094,2018-05-04 09:34:42.000,258716,258218,S,,20180504,669.0,93442050,100,66900.0
1095,2018-05-04 09:34:42.000,258762,258218,S,,20180504,669.0,93442200,100,66900.0
1096,2018-05-04 09:34:42.220,258778,258218,S,,20180504,669.0,93442220,100,66900.0
1097,2018-05-04 09:34:45.000,259004,258836,S,,20180504,669.29,93442750,58,38818.82
1098,2018-05-04 09:34:45.000,259479,258836,S,,20180504,669.29,93443720,42,28110.18
1099,2018-05-04 09:34:45.000,259729,258826,S,,20180504,669.13,93444410,100,66913.0
1100,2018-05-04 09:34:45.000,259729,258832,S,,20180504,669.13,93444410,100,66913.0
1101,2018-05-04 09:34:44.980,259942,259162,S,,20180504,669.13,93444980,100,66913.0
1102,2018-05-04 09:34:48.000,260202,260255,B,,20180504,669.0,93445710,100,66900.0
1103,2018-05-04 09:34:48.000,260202,260313,B,,20180504,669.0,93445800,100,66900.0
1104,2018-05-04 09:34:48.000,259479,260313,B,,20180504,669.27,93445800,158,105744.66
1105,2018-05-04 09:34:48.000,259480,260313,B,,20180504,669.27,93445800,42,28109.34
1106,2018-05-04 09:34:48.000,259480,260330,B,,20180504,669.27,93445830,100,66927.0
1107,2018-05-04 09:34:48.000,259480,260331,B,,20180504,669.27,93445830,58,38817.659999999996
1108,2018-05-04 09:34:48.000,260538,260331,S,,20180504,669.27,93446350,42,28109.34
1109,2018-05-04 09:34:48.000,260538,260341,S,,20180504,669.27,93446350,58,38817.659999999996
1110,2018-05-04 09:34:48.000,260804,260341,S,,20180504,669.27,93446970,32,21416.64
1111,2018-05-04 09:34:46.970,260805,260341,S,,20180504,669.27,93446970,100,66927.0
1112,2018-05-04 09:34:51.000,261765,260341,S,,20180504,669.27,93449270,10,6692.7
1113,2018-05-04 09:34:51.000,261765,260382,S,,20180504,669.27,93449270,90,60234.299999999996
1114,2018-05-04 09:34:51.000,261822,260382,S,,20180504,669.27,93449370,10,6692.7
1115,2018-05-04 09:34:51.000,261822,260385,S,,20180504,669.27,93449370,100,66927.0
1116,2018-05-04 09:34:51.000,261822,260506,S,,20180504,669.27,93449370,100,66927.0
1117,2018-05-04 09:34:51.000,261822,260510,S,,20180504,669.27,93449370,100,66927.0
1118,2018-05-04 09:34:51.000,261822,260558,S,,20180504,669.27,93449370,100,66927.0
1119,2018-05-04 09:34:51.000,261822,260733,S,,20180504,669.27,93449370,100,66927.0
1120,2018-05-04 09:34:51.000,261822,260942,S,,20180504,669.27,93449370,100,66927.0
1121,2018-05-04 09:34:51.000,261822,261456,S,,20180504,669.13,93449370,90,60221.7
1122,2018-05-04 09:34:51.000,262390,261456,S,,20180504,669.13,93450940,310,207430.3
1123,2018-05-04 09:34:51.060,262390,262429,B,,20180504,669.0,93451060,300,200700.0
1124,2018-05-04 09:34:54.000,262390,262661,B,,20180504,669.0,93451620,1790,1197510.0
1125,2018-05-04 09:34:54.000,262697,262661,S,,20180504,669.02,93451690,10,6690.2
1126,2018-05-04 09:34:54.000,262697,258791,S,,20180504,668.95,93451690,90,60205.50000000001
1127,2018-05-04 09:34:54.000,262709,258791,S,,20180504,668.95,93451710,10,6689.5
1128,2018-05-04 09:34:54.000,262709,259723,S,,20180504,668.95,93451710,144,96328.8
1129,2018-05-04 09:34:54.000,262718,262884,B,,20180504,669.08,93452050,100,66908.0
1130,2018-05-04 09:34:54.000,262720,262884,B,,20180504,669.08,93452050,600,401448.0
1131,2018-05-04 09:34:54.000,262856,262884,B,,20180504,669.08,93452050,400,267632.0
1132,2018-05-04 09:34:54.000,261859,262884,B,,20180504,669.29,93452050,100,66929.0
1133,2018-05-04 09:34:54.000,259003,262884,B,,20180504,669.95,93452050,100,66995.0
1134,2018-05-04 09:34:54.000,260196,262884,B,,20180504,669.95,93452050,100,66995.0
1135,2018-05-04 09:34:54.000,249468,262884,B,,20180504,669.97,93452050,100,66997.0
1136,2018-05-04 09:34:54.000,242101,262884,B,,20180504,670.0,93452050,200,134000.0
1137,2018-05-04 09:34:54.000,263217,262727,S,,20180504,669.0,93452780,100,66900.0
1138,2018-05-04 09:34:54.000,263218,262740,S,,20180504,669.0,93452780,100,66900.0
1139,2018-05-04 09:34:54.000,263290,262740,S,,20180504,669.0,93452990,100,66900.0
1140,2018-05-04 09:34:54.000,263290,262741,S,,20180504,669.0,93452990,100,66900.0
1141,2018-05-04 09:34:54.000,263384,262741,S,,20180504,669.0,93453280,200,133800.0
1142,2018-05-04 09:34:54.000,263183,263468,B,,20180504,669.27,93453550,100,66927.0
1143,2018-05-04 09:34:54.080,263555,263686,B,,20180504,669.27,93454080,100,66927.0
1144,2018-05-04 09:34:57.000,263555,263895,B,,20180504,669.27,93454670,100,66927.0
1145,2018-05-04 09:34:57.000,263931,263993,B,,20180504,669.27,93454850,100,66927.0
1146,2018-05-04 09:34:57.000,264024,263519,S,,20180504,669.1,93454940,200,133820.0
1147,2018-05-04 09:34:57.000,264374,263519,S,,20180504,669.1,93455780,100,66910.0
1148,2018-05-04 09:34:57.000,264944,262749,S,,20180504,669.0,93457230,100,66900.0
1149,2018-05-04 09:34:57.000,264945,262749,S,,20180504,669.0,93457230,100,66900.0
1150,2018-05-04 09:34:57.000,264945,262752,S,,20180504,669.0,93457230,500,334500.0
1151,2018-05-04 09:34:57.000,264988,262752,S,,20180504,669.0,93457340,1200,802800.0
1152,2018-05-04 09:34:57.000,264988,262759,S,,20180504,669.0,93457340,300,200700.0
1153,2018-05-04 09:34:57.000,264988,262760,S,,20180504,669.0,93457340,200,133800.0
1154,2018-05-04 09:34:57.340,264988,262769,S,,20180504,669.0,93457340,100,66900.0
1155,2018-05-04 09:35:00.000,264374,265128,B,,20180504,669.08,93457660,100,66908.0
1156,2018-05-04 09:35:00.000,264375,265128,B,,20180504,669.08,93457660,100,66908.0
1157,2018-05-04 09:35:00.000,265138,262770,S,,20180504,669.0,93457660,200,133800.0
1158,2018-05-04 09:35:00.000,265138,262794,S,,20180504,669.0,93457660,100,66900.0
1159,2018-05-04 09:35:00.000,265138,262808,S,,20180504,669.0,93457660,100,66900.0
1160,2018-05-04 09:35:00.000,265138,262839,S,,20180504,669.0,93457660,100,66900.0
1161,2018-05-04 09:35:00.000,264375,265141,B,,20180504,669.08,93457660,100,66908.0
1162,2018-05-04 09:35:00.000,265349,265141,S,,20180504,669.1,93458040,300,200730.0
1163,2018-05-04 09:35:00.000,265350,265281,S,,20180504,669.08,93458040,100,66908.0
1164,2018-05-04 09:35:00.000,265350,265286,S,,20180504,669.08,93458040,100,66908.0
1165,2018-05-04 09:35:00.000,265584,265429,S,,20180504,669.11,93458560,300,200733.0
1166,2018-05-04 09:35:00.000,265584,262870,S,,20180504,669.0,93458560,100,66900.0
1167,2018-05-04 09:35:00.000,265584,262871,S,,20180504,669.0,93458560,200,133800.0
1168,2018-05-04 09:35:00.000,265636,263005,S,,20180504,669.0,93458690,200,133800.0
1169,2018-05-04 09:35:00.000,265636,265210,S,,20180504,669.0,93458690,100,66900.0
1170,2018-05-04 09:35:00.000,265636,265551,S,,20180504,669.0,93458690,100,66900.0
1171,2018-05-04 09:35:00.000,265636,259723,S,,20180504,668.95,93458690,56,37461.200000000004
1172,2018-05-04 09:35:00.000,265636,261211,S,,20180504,668.95,93458690,100,66895.0
1173,2018-05-04 09:34:59.590,265636,265981,B,,20180504,668.95,93459590,44,29433.800000000003
1174,2018-05-04 09:35:03.000,266066,266503,B,,20180504,669.08,93500760,200,133816.0
1175,2018-05-04 09:35:03.000,266620,266532,S,,20180504,669.08,93501040,200,133816.0
1176,2018-05-04 09:35:03.000,266713,266071,S,,20180504,669.01,93501240,100,66901.0
1177,2018-05-04 09:35:03.000,266713,265981,S,,20180504,669.0,93501240,56,37464.0
1178,2018-05-04 09:35:03.000,266713,266703,S,,20180504,669.0,93501240,100,66900.0
1179,2018-05-04 09:35:03.000,266713,266728,B,,20180504,669.0,93501260,300,200700.0
1180,2018-05-04 09:35:03.000,267048,267184,B,,20180504,668.99,93502280,100,66899.0
1181,2018-05-04 09:35:03.000,266713,267389,B,,20180504,669.0,93502770,100,66900.0
1182,2018-05-04 09:35:03.000,266713,267409,B,,20180504,669.0,93502850,300,200700.0
1183,2018-05-04 09:35:02.900,266713,267425,B,,20180504,669.0,93502900,100,66900.0
1184,2018-05-04 09:35:06.000,267768,264462,S,,20180504,668.9,93503730,100,66890.0
1185,2018-05-04 09:35:06.000,266713,267839,B,,20180504,669.0,93503810,100,66900.0
1186,2018-05-04 09:35:06.000,266713,267859,B,,20180504,669.0,93503830,500,334500.0
1187,2018-05-04 09:35:06.000,266713,267876,B,,20180504,669.0,93503830,2144,1434336.0
1188,2018-05-04 09:35:06.000,267769,267876,B,,20180504,669.0,93503830,100,66900.0
1189,2018-05-04 09:35:06.000,267872,267876,B,,20180504,669.0,93503830,100,66900.0
1190,2018-05-04 09:35:06.000,268244,267990,S,,20180504,669.01,93504780,100,66901.0
1191,2018-05-04 09:35:06.000,268323,267876,S,,20180504,669.0,93504950,56,37464.0
1192,2018-05-04 09:35:06.000,268323,267919,S,,20180504,669.0,93504950,144,96336.0
1193,2018-05-04 09:35:06.000,268717,267919,S,,20180504,669.0,93505920,56,37464.0
1194,2018-05-04 09:35:06.000,268717,267920,S,,20180504,669.0,93505920,44,29436.0
1195,2018-05-04 09:35:06.140,266795,268814,B,,20180504,669.08,93506140,100,66908.0
1196,2018-05-04 09:35:09.000,266795,269023,B,,20180504,669.08,93506670,100,66908.0
1197,2018-05-04 09:35:09.000,266445,269023,B,,20180504,669.1,93506670,100,66910.0
1198,2018-05-04 09:35:09.000,269087,267920,S,,20180504,669.0,93506770,36,24084.0
1199,2018-05-04 09:35:09.000,269088,269126,B,,20180504,669.08,93506820,100,66908.0
1200,2018-05-04 09:35:09.000,269239,269156,S,,20180504,669.08,93507030,19,12712.52
1201,2018-05-04 09:35:09.000,269240,269156,S,,20180504,669.08,93507030,81,54195.48
1202,2018-05-04 09:35:09.000,266445,269424,B,,20180504,669.1,93507460,100,66910.0
1203,2018-05-04 09:35:09.000,267387,269518,B,,20180504,669.1,93507700,100,66910.0
1204,2018-05-04 09:35:09.000,267455,269518,B,,20180504,669.1,93507700,100,66910.0
1205,2018-05-04 09:35:09.000,268363,269518,B,,20180504,669.1,93507700,300,200730.0
1206,2018-05-04 09:35:09.000,269545,267949,S,,20180504,669.0,93507770,200,133800.0
1207,2018-05-04 09:35:09.000,269952,268351,S,,20180504,669.0,93508870,200,133800.0
1208,2018-05-04 09:35:09.000,269952,269089,S,,20180504,669.0,93508870,100,66900.0
1209,2018-05-04 09:35:09.000,269952,269310,S,,20180504,669.0,93508870,200,133800.0
1210,2018-05-04 09:35:09.000,269952,269345,S,,20180504,669.0,93508870,100,66900.0
1211,2018-05-04 09:35:09.000,269952,270187,B,,20180504,669.0,93509430,400,267600.0
1212,2018-05-04 09:35:09.430,267829,270187,B,,20180504,669.13,93509430,100,66913.0
1213,2018-05-04 09:35:12.000,265568,270349,B,,20180504,669.27,93509770,100,66927.0
1214,2018-05-04 09:35:12.000,265568,270361,B,,20180504,669.27,93509790,100,66927.0
1215,2018-05-04 09:35:12.000,265568,270362,B,,20180504,669.27,93509790,100,66927.0
1216,2018-05-04 09:35:12.000,265568,270363,B,,20180504,669.27,93509790,200,133854.0
