tick_time,bid,ask,bid 20,ask 20,la 20,bid 40,ask 40,la 40,bid 100,ask 100,la 100,order,price,avePrice,trans,net,askp0,bidp0,askv0,bidv0,profit,profit_rate,is_mocked,order_time,exchange_time,orderSide,new_order_status,reason
09:30:16, , , , ,1.22, , ,1.48, , ,6.49, , , , , ,705.5,705.11,500.0,1400.0, , , , , ,, , 
09:30:19, , , , ,0.7, , ,1.29, , ,5.91, , , , , ,705.8,705.5,100.0,500.0, , , , , ,, , 
09:30:22, , , , ,0.43, , ,1.39, , ,5.54, , , , , ,705.89,705.8,400.0,700.0, , , , , ,, , 
09:30:25, , , , ,0.35, , ,1.75, , ,5.39, , , , , ,705.98,705.89,600.0,700.0, , , , , ,, , 
09:30:28, , , , ,0.29, , ,2.38, , ,5.52, , , , , ,705.99,705.81,100.0,400.0, , , , , ,, , 
09:30:31, , , , ,0.12, , ,2.84, , ,5.46, , , , , ,706.0,705.98,100.0,500.0, , , , , ,, , 
09:30:34, , , , ,0.15, , ,3.61, , ,5.58, , , , , ,706.0,705.81,700.0,200.0, , , , , ,, , 
09:30:37, , , , ,0.03, , ,3.85, , ,5.33, , , , , ,706.06,705.98,100.0,500.0, , , , , ,, , 
09:30:40, , , , ,-0.26, , ,3.92, , ,4.94, , , , , ,706.28,706.21,100.0,100.0, , , , , ,, , 
09:30:43, , , , ,-0.56, , ,4.05, , ,4.61, , , , , ,706.5,706.36,100.0,100.0, , , , , ,, , 
09:30:46, , , , ,-0.05, , ,4.95, , ,5.19, , , , , ,706.06,706.0,100.0,300.0, , , , , ,, , 
09:30:49, , , , ,-0.43, , ,4.94, , ,4.91, , , , , ,706.5,705.98,1500.0,5500.0, , , , , ,, , 
09:30:52, , , , ,-0.42, , ,5.23, , ,4.88, , , , , ,706.5,706.0,900.0,300.0, , , , , ,, , 
09:30:55, , , , ,-0.65, , ,5.15, , ,4.56, , , , , ,706.58,706.3,200.0,500.0, , , , , ,, , 
09:30:58, , , , ,0.16, , ,6.17, , ,5.13, , , , , ,705.98,705.89,3100.0,5000.0, , , , , ,, , 
09:31:01, , , , ,0.2, , ,6.51, , ,4.96, , , , , ,705.98,705.92,2300.0,200.0, , , , , ,, , 
09:31:04, , , , ,-0.17, , ,6.46, , ,4.48, , , , , ,706.49,705.89,100.0,2300.0, , , , , ,, , 
09:31:07, , , , ,-0.23, , ,6.69, , ,4.31, , , , , ,706.49,706.0,900.0,3700.0, , , , , ,, , 
09:31:10, , , , ,-0.22, , ,6.87, , ,4.29, , , , , ,706.49,706.0,1100.0,1800.0, , , , , ,, , 
09:31:13, , , , ,-0.07, , ,7.06, , ,4.29, , , , , ,706.48,706.0,700.0,1400.0, , , , , ,, , 
09:31:16,-0.5,0.29,-1.09,-0.11,0.56,-0.59,-0.32,7.63,0.19,1.31,4.54, , , , , ,706.0,705.89,1900.0,1500.0, , , , , ,, , 
09:31:19,-0.85,0.15,-1.34,-0.28,0.46,-0.83,-0.29,7.33,-0.4,1.01,3.94, , , , , ,706.3,706.18,700.0,100.0, , , , , ,, , 
09:31:22,-0.56,0.29,-1.17,-0.05,0.97,-0.45,-0.1,7.47,-0.07,1.01,3.89, , , , , ,706.3,705.98,900.0,100.0, , , , , ,, , 
09:31:25,-0.16,0.53,-0.58,0.21,1.25,-0.15,0.06,7.16,0.26,1.31,3.47, , , , , ,706.3,706.28,600.0,1900.0, , , , , ,, , 
09:31:28,-0.24,0.3,-0.81,-0.09,2.19,-0.37,-0.25,6.94,0.45,1.25,3.64, , , , , ,706.18,705.89,100.0,100.0, , , , , ,, , 
09:31:31,-0.87,0.03,-1.34,-0.36,2.92,-0.81,-0.48,6.58,-0.46,0.92,3.6, , , , , ,705.98,705.89,200.0,200.0, , , , , ,, , 
09:31:34,-0.91,-0.1,-1.53,-0.39,3.42,-0.93,-0.54,5.98,-0.28,0.64,3.28, , , , , ,706.08,706.0,1000.0,3000.0, , , , , ,, , 
09:31:37,-0.75,-0.12,-1.14,-0.41,3.82,-0.86,-0.54,5.56,-0.25,0.61,3.12, , , , , ,706.08,706.0,300.0,2400.0, , , , , ,, , 
09:31:40,-0.49,-0.1,-0.9,-0.32,4.06,-0.85,-0.71,5.74,0.29,0.72,2.97, , , , , ,706.28,706.0,1900.0,1600.0, , , , , ,, , 
09:31:43,-0.82,-0.26,-1.34,-0.54,4.6,-0.89,-0.67,6.25,-0.22,0.42,3.11, , , , , ,706.08,706.0,100.0,1100.0, , , , , ,, , 
09:31:46,-1.0,-0.38,-1.37,-0.48,5.1,-1.17,-0.94,6.81,-0.47,0.27,3.29, , , , , ,705.95,705.89,100.0,100.0, , , , , ,, , 
09:31:49,-1.03,-0.47,-1.24,-0.57,5.46,-1.19,-0.95,6.84,-0.66,0.1,3.38, , , , , ,705.91,705.84,600.0,200.0, , , , , ,, , 
09:31:52,-0.81,-0.33,-0.94,-0.41,5.72,-1.03,-0.86,6.51,-0.47,0.27,3.36, , , , , ,706.0,705.81,2400.0,700.0, , , , , ,, , 
09:31:55,-0.27,0.25,-0.35,0.13,5.63,-0.29,-0.1,5.73,-0.18,0.73,3.08, , , , , ,706.13,706.08,100.0,1300.0, , , , , ,, , 
09:31:58,0.27,0.58,0.28,0.4,6.03,0.08,0.1,5.3,0.46,1.23,3.33, , , , , ,706.08,706.0,700.0,7000.0, , , , , ,, , 
09:32:01,0.46,0.67,0.24,0.4,6.27,0.29,0.26,4.76,0.86,1.34,3.37, , , , , ,706.13,706.11,100.0,300.0, , , , , ,, , 
09:32:04,0.66,0.73,0.52,0.54,6.58,0.42,0.26,4.64,1.05,1.38,3.55, , , , , ,706.13,706.08,100.0,600.0, , , , , ,, , 
09:32:07,0.53,0.58,0.35,0.27,6.97,0.43,0.32,4.44,0.81,1.16,3.82, , , , , ,706.08,706.0,700.0,7500.0, , , , , ,, , 
09:32:10,0.3,0.43,0.09,0.18,7.13,0.07,0.13,4.13,0.74,0.97,3.79, , , , , ,706.13,706.0,300.0,7500.0, , , , , ,, , 
09:32:13,0.46,0.62,0.39,0.53,7.2,0.19,0.17,4.31,0.8,1.15,3.67, , , , , ,706.15,706.13,100.0,700.0, , , , , ,, , 
09:32:16,1.07,1.13,1.21,1.09,6.78,0.63,0.83,3.97,1.36,1.48,3.1,500.0,706.58,706.58,500.0,500.0,706.58,706.5,100.0,3300.0, , , ,2018-05-10 09:32:16.632000,2018-05-10 09:32:16.632000,, , 
09:32:19,1.36,1.74,1.53,1.76,6.76,1.22,1.65,4.33,1.33,1.81,2.94,500.0,706.74,0.0,0.0,500.0,706.74,706.54,100.0,2700.0, , , ,2018-05-10 09:32:19.644000,2018-05-10 09:32:19.644000,, , 
09:32:22,1.47,2.04,1.47,1.74,6.33,1.34,2.17,4.17,1.59,2.23,2.51, , , , , ,707.0,706.88,11400.0,600.0, , , , , ,, , 
09:32:25,1.97,3.09,2.23,3.03,5.92,1.96,3.19,3.88,1.7,3.06,2.2,500.0,707.3,707.3,500.0,1000.0,707.3,707.02,3400.0,4700.0, , , ,2018-05-10 09:32:25.631000,2018-05-10 09:32:25.631000,, , 
09:32:28,2.0,3.16,1.93,3.03,4.22,2.18,3.11,2.54,1.91,3.33,1.06,500.0,708.0,708.0,500.0,1500.0,708.0,707.89,2200.0,500.0, , , ,2018-05-10 09:32:28.643000,2018-05-10 09:32:28.643000,, , 
09:32:31,2.05,3.2,2.01,3.0,3.25,2.24,3.17,1.84,1.91,3.42,0.58,500.0,708.55,708.55,500.0,2000.0,708.55,708.0,400.0,15000.0, , , ,2018-05-10 09:32:31.626000,2018-05-10 09:32:31.625000,, , 
09:32:34,1.82,2.96,1.81,2.54,2.33,1.87,3.09,1.61,1.77,3.24,0.08,500.0,708.68,708.68,100.0,2100.0,708.68,708.55,100.0,1800.0, , , ,2018-05-10 09:32:34.605000,2018-05-10 09:32:34.605000,, , 
09:32:37,1.6,2.74,1.67,2.39,1.41,1.62,2.73,1.18,1.52,3.09,-0.45, , , , , ,708.98,708.95,200.0,600.0, , , , , ,, , 
09:32:40,1.46,2.74,1.92,2.33,1.55,1.33,2.91,1.01,1.13,2.97,-0.72, , , , , ,709.19,709.0,200.0,100.0, , , , , ,, , 
09:32:43,1.36,2.57,1.98,2.32,1.52,1.09,2.65,0.67,1.0,2.73,-1.26, , , , , ,709.56,709.19,700.0,600.0, , , , , ,, , 
09:32:46,1.23,2.26,1.81,1.78,1.43,0.72,2.35,0.0,1.16,2.66,-1.89, , , , , ,709.88,709.56,400.0,600.0, , , , , ,, , 
09:32:49,0.99,2.0,1.85,1.64,1.15,0.41,1.87,-0.32,0.7,2.49,-2.41, , , , , ,709.9,709.88,500.0,900.0, , , , , ,, , 
09:32:52,0.88,1.74,1.57,1.53,0.8,0.46,1.65,-0.43,0.61,2.04,-2.67, , , , , ,709.97,709.9,600.0,1100.0, , , , , ,, , 
09:32:55,1.32,2.08,2.26,1.78,-0.14,0.74,2.0,-1.04,0.96,2.46,-3.26, , , , , ,710.5,710.0,200.0,1200.0, , , , , ,, , 
09:32:58,1.27,2.18,2.04,1.7,-0.66,0.57,2.29,-1.12,1.19,2.55,-3.42, , , , , ,710.5,710.0,300.0,2500.0, , , , , ,, , 
09:33:01,0.99,1.85,1.8,1.3,-1.77,0.44,1.99,-1.81,0.72,2.27,-4.1, , , , , ,710.9,710.58,1200.0,1100.0, , , , , ,, , 
09:33:04,0.79,1.85,1.23,1.22,-2.21,0.3,2.02,-2.27,0.83,2.32,-4.26, , , , , ,711.0,710.9,1900.0,400.0, , , , , ,, , 
09:33:07,0.97,1.88,1.6,1.34,-2.68,0.28,2.09,-2.23,1.01,2.19,-4.31, , , , , ,711.16,711.0,500.0,9400.0, , , , , ,, , 
09:33:10,0.58,1.34,0.92,0.73,-2.96,-0.2,1.28,-2.08,1.03,1.99,-4.19, , , , , ,711.18,711.0,2700.0,1500.0, , , , , ,, , 
09:33:13,0.2,1.04,0.98,0.63,-2.93,-0.67,1.07,-2.17,0.29,1.41,-4.3, , , , , ,711.36,711.18,200.0,5000.0, , , , , ,, , 
09:33:16,0.38,1.38,1.23,0.93,-2.96,-0.65,1.57,-2.21,0.56,1.65,-4.57, , , , , ,711.56,711.36,100.0,5600.0, , , , , ,, , 
09:33:19,0.4,1.47,0.99,0.93,-2.54,-0.68,1.77,-2.38,0.9,1.72,-4.72, , , , , ,711.66,711.36,400.0,3200.0, , , , , ,, , 
09:33:22,-0.0,0.98,0.37,0.32,-2.17,-0.98,1.01,-2.35,0.61,1.6,-4.79, , , , , ,711.5,711.36,1300.0,200.0, , , , , ,, , 
09:33:25,-0.44,0.5,-0.06,0.11,-1.9,-1.15,0.26,-2.13,-0.13,1.14,-4.78, , , , , ,711.36,711.16,100.0,200.0, , , , , ,, , 
09:33:28,-0.86,0.01,-0.57,-0.26,-2.02,-1.08,-0.09,-1.95,-0.92,0.38,-4.88, , , , , ,711.36,711.0,700.0,500.0, , , , , ,, , 
09:33:31,-0.64,0.51,-0.01,0.61,-0.42,-0.91,0.6,-0.05,-1.0,0.32,-3.19, , , , , ,710.75,709.0,200.0,300.0, , , , , ,, , 
09:33:34,-0.68,0.75,-0.24,0.54,-0.34,-0.79,1.05,-0.21,-0.99,0.66,-3.39, , , , , ,711.0,709.0,3400.0,300.0, , , , , ,, , 
09:33:37,-0.63,0.72,-0.51,0.51,-0.28,-0.61,0.62,-0.3,-0.77,1.05,-3.31, , , , , ,711.0,709.0,1500.0,300.0, , , , , ,, , 
09:33:40,-0.48,0.83,-0.52,0.39,-0.23,-0.47,0.88,-0.33,-0.46,1.22,-3.04, , , , , ,710.95,709.0,2600.0,300.0, , , , , ,, , 
09:33:43,-0.76,0.66,-1.11,0.14,-1.34,-0.83,0.55,-1.57,-0.34,1.31,-3.97, , , , , ,710.86,710.75,500.0,100.0, , , , , ,, , 
09:33:46,-0.46,0.76,-0.73,0.32,-1.87,-0.41,0.68,-1.91,-0.25,1.29,-4.08, , , , , ,711.1,711.0,100.0,3800.0, , , , , ,, , 
09:33:49,-0.08,0.87,-0.31,0.25,-2.0,0.07,0.77,-1.95,0.0,1.61,-4.08, , , , , ,711.18,711.0,100.0,1800.0, , , , , ,, , 
09:33:52,0.23,1.18,0.23,0.34,-0.35,0.26,1.14,-0.26,0.2,2.07,-2.4, , , , , ,710.75,709.0,400.0,400.0, , , , , ,, , 
09:33:55,0.18,1.35,-0.11,0.4,-0.67,0.08,1.26,-0.45,0.57,2.38,-2.64, , , , , ,710.97,709.0,5400.0,400.0, , , , , ,, , 
09:33:58,0.38,1.22,0.34,0.22,-0.29,0.26,1.01,-0.14,0.54,2.41,-2.2, , , , , ,710.97,708.35,4900.0,100.0, , , , , ,, , 
09:34:01,0.45,1.48,0.31,0.69,-0.21,0.5,1.45,-0.2,0.54,2.31,-2.04, , , , , ,710.9,708.3,700.0,1400.0, , , , , ,, , 
09:34:04,0.48,1.78,0.08,1.17,0.94,0.71,1.89,0.96,0.65,2.29,-0.74, , , , , ,709.0,708.35,200.0,1300.0, , , , , ,, , 
09:34:07,-0.05,1.6,-0.97,1.25,-0.13,0.18,1.42,-0.42,0.65,2.12,-1.97, , , , , ,710.6,708.59,400.0,100.0, , , , , ,, , 
09:34:10,-0.11,1.14,-0.64,1.02,1.11,0.01,0.85,0.65,0.31,1.55,-0.8, , , , , ,709.0,708.65,1200.0,200.0, , , , , ,, , 
09:34:13,0.25,1.78,0.0,1.68,1.27,0.6,1.77,0.64,0.16,1.88,-0.65, , , , , ,709.0,708.65,900.0,1300.0, , , , , ,, , 
09:34:16,0.05,1.54,-0.59,1.25,0.54,0.57,1.6,-0.48,0.17,1.76,-1.45, , , , , ,710.0,709.0,2000.0,1500.0, , , , , ,, , 
09:34:19,-0.41,1.16,-1.16,1.18,-0.6,-0.21,0.78,-1.74,0.12,1.53,-2.35, , , , , ,710.5,710.0,300.0,4200.0, , , , , ,, , 
09:34:22,-0.32,1.1,-0.82,0.53,-0.69,0.05,1.09,-1.91,-0.19,1.68,-2.28, , , , , ,710.49,710.0,100.0,4700.0, , , , , ,, , 
09:34:25,0.27,1.54,0.07,0.85,0.27,0.52,1.72,-1.14,0.23,2.05,-1.3, , , , , ,710.0,709.1,1061.0,1500.0, , , , , ,, , 
09:34:28,0.03,1.47,-0.28,0.83,0.32,0.37,1.68,-1.35,-0.02,1.9,-1.32, , , , , ,710.0,709.13,761.0,100.0, , , , , ,, , 
09:34:31,0.39,1.45,0.44,0.73,0.34,0.32,1.72,-1.57,0.4,1.91,-1.35, , , , , ,710.0,709.2,100.0,339.0, , , , , ,, , 
09:34:34,0.61,1.52,0.81,0.73,0.34,0.6,1.74,-1.75,0.43,2.09,-1.33, , , , , ,710.0,709.2,100.0,1100.0, , , , , ,, , 
09:34:37,0.31,1.4,0.01,0.73,-0.67,0.59,1.53,-2.84,0.32,1.94,-2.23, , , , , ,710.5,710.02,700.0,100.0, , , , , ,, , 
09:34:40,0.09,1.19,-0.19,0.57,0.01,0.36,1.47,-2.1,0.1,1.51,-1.51, , , , , ,710.45,709.01,100.0,600.0, , , , , ,, , 
09:34:43,0.54,1.31,0.47,0.72,0.05,0.53,1.58,-2.0,0.62,1.63,-1.35, , , , , ,710.0,709.3,600.0,1400.0, , , , , ,, , 
09:34:46,0.63,1.21,0.57,0.75,-0.08,0.78,1.33,-2.12,0.52,1.54,-1.43, , , , , ,710.0,709.5,1100.0,100.0, , , , , ,, , 
09:34:49,0.2,1.18,0.25,0.66,-0.06,0.38,1.37,-2.1,-0.02,1.52,-1.37, , , , , ,710.0,709.5,1300.0,400.0, , , , , ,, , 
09:34:52,0.26,1.11,0.3,0.69,0.27,0.51,1.31,-1.73,-0.03,1.32,-0.92, , , , , ,710.0,709.01,1500.0,700.0, , , , , ,, , 
09:34:55,0.28,1.01,0.0,0.64,0.23,0.63,0.98,-1.72,0.21,1.41,-0.93, , , , , ,710.0,709.01,5000.0,1700.0, , , , , ,, , 
09:34:58,-0.02,0.8,-0.21,0.39,0.38,0.17,0.76,-1.27,-0.03,1.26,-0.68, , , , , ,709.5,709.09,300.0,100.0, , , , , ,, , 
09:35:01,0.09,0.88,-0.14,0.46,-0.07,0.3,0.85,-1.41,0.11,1.32,-0.93, , , , , ,709.91,709.09,200.0,600.0, , , , , ,, , 
09:35:04,0.12,0.87,-0.01,0.37,-0.2,0.47,0.87,-1.25,-0.09,1.36,-0.89, , , , , ,709.98,709.02,100.0,600.0, , , , , ,, , 
09:35:07,0.26,1.05,-0.12,0.58,0.33,0.53,0.99,-0.45,0.38,1.59,-0.18, , , , , ,709.09,709.02,100.0,1400.0, , , , , ,, , 
09:35:10,0.23,0.96,-0.14,0.4,-0.94,0.48,0.89,-1.71,0.33,1.59,-1.39, , , , , ,709.99,709.9,304.0,1900.0, , , , , ,, , 
09:35:13,-0.11,0.8,-0.44,0.17,-0.95,0.17,0.75,-1.71,-0.05,1.48,-1.42, , , , , ,709.99,709.9,404.0,1300.0, , , , , ,, , 
09:35:16,-0.11,0.73,-0.22,0.06,-1.11,0.05,0.84,-1.72,-0.16,1.29,-1.44, , , , , ,709.99,709.9,704.0,500.0, , , , , ,, , 
09:35:19,0.06,0.72,-0.13,0.15,-0.96,0.09,0.66,-1.39,0.21,1.35,-1.18, , , , , ,709.9,709.5,500.0,200.0, , , , , ,, , 
09:35:22,0.07,0.55,-0.0,0.06,-1.13,0.07,0.33,-1.37,0.14,1.25,-1.18, , , , , ,709.88,709.5,200.0,1200.0, , , , , ,, , 
09:35:25,0.03,0.66,0.08,0.26,-1.34,0.07,0.58,-1.37,-0.06,1.14,-1.2, , , , , ,709.88,709.5,100.0,1000.0, , , , , ,, , 
09:35:28,0.04,0.61,0.06,0.19,-1.82,0.17,0.66,-1.69,-0.12,0.97,-1.38, , , , , ,709.9,709.89,1700.0,100.0, , , , , ,, , 
09:35:31,0.05,0.66,0.04,0.31,-1.99,0.12,0.58,-1.71,-0.02,1.09,-1.23, , , , , ,709.9,709.89,200.0,700.0, , , , , ,, , 
09:35:34,0.1,0.61,0.08,0.32,-2.17,0.08,0.49,-1.73,0.15,1.02,-1.02, , , , , ,709.9,709.89,8600.0,200.0, , , , , ,, , 
09:35:37,-0.16,0.31,-0.59,-0.02,-2.05,0.08,0.22,-1.47,0.04,0.73,-0.5, , , , , ,709.89,709.5,1100.0,100.0, , , , , ,, , 
09:35:40,-0.01,0.29,-0.31,0.11,-2.0,0.37,0.15,-1.5,-0.1,0.62,-0.26, , , , , ,709.8,709.51,100.0,3000.0, , , , , ,, , 
09:35:43,0.14,0.57,-0.27,0.27,-2.07,0.35,0.45,-1.71,0.33,0.99,-0.1, , , , , ,709.89,709.51,500.0,1900.0, , , , , ,, , 
09:35:46,0.16,0.57,-0.46,0.13,-2.05,0.37,0.39,-1.85,0.56,1.18,0.08, , , , , ,709.9,709.49,6100.0,100.0, , , , , ,, , 
09:35:49,0.26,0.6,-0.52,0.15,-2.04,0.37,0.37,-2.17,0.92,1.28,0.22, , , , , ,709.8,709.63,200.0,100.0, , , , , ,, , 
09:35:52,0.29,0.57,-0.5,0.03,-2.03,0.5,0.54,-2.36,0.88,1.15,0.58, , , , , ,709.8,709.63,1300.0,600.0, , , , , ,, , 
09:35:55,0.3,0.61,-0.33,0.13,-1.92,0.42,0.51,-2.42,0.81,1.18,0.99, , , , , ,709.7,709.6,600.0,100.0, , , , , ,, , 
09:35:58,0.01,0.45,-0.85,0.02,-1.67,0.12,0.24,-2.46,0.76,1.09,1.38, , , , , ,709.63,709.52,1100.0,1700.0, , , , , ,, , 
09:36:01,-0.18,0.36,-1.01,0.03,-1.15,0.04,-0.01,-2.09,0.42,1.06,2.03, , , , , ,709.52,709.1,2000.0,1400.0, , , , , ,, , 
09:36:04,-0.35,0.2,-1.14,-0.18,-0.94,-0.17,-0.08,-1.92,0.26,0.85,2.22, , , , , ,709.45,709.1,500.0,1400.0, , , , , ,, , 
09:36:07,-0.51,0.13,-1.24,-0.28,-0.76,-0.45,-0.14,-1.78,0.16,0.82,2.4, , , , , ,709.45,709.1,200.0,900.0, , , , , ,, , 
09:36:10,-0.44,0.18,-1.08,-0.25,-0.79,-0.58,-0.2,-1.68,0.34,0.97,2.56, , , , , ,709.5,709.1,100.0,400.0, , , , , ,, , 
09:36:13,-0.3,0.27,-1.12,-0.24,-0.76,-0.47,-0.22,-1.5,0.68,1.27,2.79, , , , , ,709.45,709.1,100.0,300.0, , , , , ,, , 
09:36:16,-0.0,0.4,-0.87,-0.19,-0.73,-0.02,-0.02,-1.46,0.88,1.41,3.0, , , , , ,709.5,709.0,100.0,2600.0, , , , , ,, , 
09:36:19,0.09,0.65,-1.06,0.03,-0.12,0.12,0.12,-0.92,1.2,1.81,3.8, , , , , ,709.1,708.5,100.0,100.0, , , , , ,, , 
09:36:22,-0.1,0.49,-1.34,0.02,-0.05,-0.11,-0.05,-1.02,1.14,1.52,4.06, , , , , ,709.0,708.5,400.0,100.0, , , , , ,, , 
09:36:25,0.04,0.59,-0.89,0.06,-0.05,-0.23,0.04,-1.25,1.24,1.66,4.28, , , , , ,709.0,708.5,100.0,100.0, , , , , ,, , 
09:36:28,0.08,0.55,-0.48,0.01,0.05,-0.18,0.13,-1.35,0.91,1.51,4.25, , , , , ,708.98,708.35,800.0,100.0, , , , , ,, , 
09:36:31,0.01,0.59,-0.76,0.17,0.61,-0.13,0.08,-0.91,0.93,1.5,4.78, , , , , ,708.5,708.01,100.0,1700.0, , , , , ,, , 
09:36:34,0.32,0.78,-0.41,0.17,0.58,-0.01,0.66,-0.94,1.37,1.53,4.86, , , , , ,708.5,708.01,400.0,2800.0, , , , , ,, , 
09:36:37,0.3,0.85,-0.43,0.26,0.56,0.08,0.55,-0.84,1.25,1.74,4.94, , , , , ,708.5,708.01,200.0,2300.0, , , , , ,, , 
09:36:40,0.0,0.84,-0.44,0.43,0.57,-0.32,0.46,-0.52,0.77,1.63,5.37, , , , , ,708.35,708.02,100.0,600.0, , , , , ,, , 
09:36:43,0.15,0.9,-0.37,0.54,0.33,-0.08,0.55,-0.38,0.9,1.61,5.47, , , , , ,708.47,708.02,100.0,1600.0, , , , , ,, , 
09:36:46,-0.07,0.8,-0.5,0.54,0.2,-0.46,0.26,-0.14,0.75,1.61,5.5, , , , , ,708.47,708.01,100.0,900.0, , , , , ,, , 
09:36:49,-0.08,0.83,-0.56,0.51,-0.15,-0.25,0.36,-0.15,0.59,1.62,5.37, , , , , ,708.47,708.1,100.0,200.0, , , , , ,, , 
09:36:52,-0.02,0.76,-0.51,0.48,-0.34,-0.08,0.28,-0.16,0.54,1.53,5.28, , , , , ,708.47,708.1,100.0,800.0, , , , , ,, , 
09:36:55,0.19,0.85,-0.33,0.55,-0.52,0.07,0.52,-0.27,0.82,1.47,5.17, , , , , ,708.5,708.1,200.0,396.0, , , , , ,, , 
09:36:58,0.13,0.67,-0.34,0.43,-0.61,0.14,0.26,-0.23,0.58,1.3,5.1, , , , , ,708.5,708.02,200.0,296.0, , , , , ,, , 
09:37:01,0.25,0.67,-0.02,0.32,-1.27,0.22,0.37,-0.81,0.55,1.34,4.38, , , , , ,708.94,708.5,100.0,6100.0, , , , , ,, , 
09:37:04,0.18,0.76,0.1,0.43,-1.13,0.1,0.63,-0.81,0.32,1.23,4.31, , , , , ,708.94,708.5,100.0,4800.0, , , , , ,, , 
09:37:07,0.19,0.77,0.04,0.51,-1.04,0.1,0.63,-0.78,0.44,1.17,4.17, , , , , ,709.0,708.5,3187.0,4400.0, , , , , ,, , 
09:37:10,0.45,0.72,0.43,0.64,-0.9,0.17,0.58,-0.7,0.75,0.96,3.81, , , , , ,709.0,708.5,3187.0,3500.0, , , , , ,, , 
09:37:13,0.52,0.82,0.59,0.71,-0.73,0.19,0.87,-0.51,0.77,0.87,3.5, , , , , ,708.94,708.5,100.0,3300.0, , , , , ,, , 
09:37:16,0.24,0.67,0.2,0.6,-0.73,0.11,0.6,-0.35,0.4,0.82,3.25, , , , , ,708.94,708.5,200.0,3300.0, , , , , ,, , 
09:37:19,0.21,0.59,0.11,0.62,-0.8,0.22,0.47,-0.2,0.29,0.67,3.07, , , , , ,708.94,708.5,200.0,4100.0, , , , , ,, , 
09:37:22,0.18,0.5,0.07,0.66,-0.95,0.15,0.26,-0.11,0.32,0.58,3.23, , , , , ,708.9,708.5,100.0,4100.0, , , , , ,, , 
09:37:25,0.25,0.47,0.04,0.52,-1.21,0.22,0.29,-0.13,0.5,0.6,3.44, , , , , ,708.94,708.5,300.0,2000.0, , , , , ,, , 
09:37:28,0.11,0.41,0.01,0.54,-1.43,0.16,0.16,-0.13,0.17,0.52,3.25, , , , , ,708.94,708.5,200.0,1900.0, , , , , ,, , 
09:37:31,-0.13,0.22,-0.29,0.32,-1.47,-0.13,-0.04,-0.03,0.02,0.39,3.13, , , , , ,708.8,708.51,3000.0,300.0, , , , , ,, , 
09:37:34,-0.35,0.22,-0.45,0.32,-1.5,-0.42,-0.02,-0.01,-0.18,0.36,2.92, , , , , ,708.8,708.51,3000.0,500.0, , , , , ,, , 
09:37:37,-0.24,0.24,-0.27,0.31,-1.41,-0.48,-0.06,0.04,0.04,0.46,2.61, , , , , ,708.78,708.52,300.0,600.0, , , , , ,, , 
09:37:40,-0.51,-0.06,-0.55,-0.04,-1.17,-0.72,-0.38,0.02,-0.28,0.23,2.61, , , , , ,708.78,708.51,500.0,400.0, , , , , ,, , 
09:37:43,-0.59,0.15,-0.87,0.36,-0.58,-0.79,-0.18,0.42,-0.11,0.25,2.98, , , , , ,708.78,708.0,400.0,496.0, , , , , ,, , 
09:37:46,-0.79,-0.21,-1.22,0.06,-0.15,-0.94,-0.64,0.68,-0.22,-0.04,3.18,-2100.0,708.48,708.48,-200.0,1900.0,708.5,708.0,100.0,496.0, , , ,2018-05-10 09:37:46.640000,2018-05-10 09:37:46.640000,, , 
09:37:49,-0.99,-0.19,-1.5,0.05,-0.08,-1.1,-0.6,0.76,-0.38,-0.01,3.18, , , , , ,708.48,708.0,1900.0,1496.0, , , , , ,, , 
09:37:52,-0.94,-0.31,-1.38,-0.12,0.47,-1.12,-0.7,1.43,-0.34,-0.12,3.71,-1900.0,707.98,707.98,-100.0,1800.0,708.0,707.68,3004.0,100.0, , , ,2018-05-10 09:37:52.669000,2018-05-10 09:37:52.669000,, , 
09:37:55,-1.0,-0.29,-1.72,-0.1,0.4,-0.88,-0.61,1.44,-0.41,-0.16,3.75,-1800.0,707.96,707.96,-200.0,1600.0,707.98,707.68,1900.0,200.0, , , ,2018-05-10 09:37:56.054000,2018-05-10 09:37:56.054000,, , 
09:37:58,-1.31,-0.52,-2.12,-0.41,0.39,-1.22,-0.83,1.41,-0.59,-0.3,3.58,-1600.0,707.94,707.94,-1100.0,500.0,707.96,707.68,1700.0,200.0, , , ,2018-05-10 09:37:59.077000,2018-05-10 09:37:59.077000,, , 
09:38:01,-1.27,-0.42,-2.14,-0.42,0.48,-0.91,-0.7,1.46,-0.77,-0.13,3.42,-500.0,707.92,707.92,-500.0,0.0,707.94,707.68,500.0,1200.0,-1042.53,-0.7, ,2018-05-10 09:38:02.130000,2018-05-10 09:38:02.129000,, , 
09:38:04,-1.06,-0.29,-1.68,-0.34,0.43,-0.88,-0.53,1.45,-0.62,0.01,3.38, , , , , ,708.0,707.68,3004.0,300.0, , , , , ,, , 
09:38:07,-0.61,-0.09,-1.08,-0.22,0.0,-0.57,-0.25,1.03,-0.18,0.2,2.68, , , , , ,708.4,708.0,100.0,5596.0, , , , , ,, , 
09:38:10,-0.46,-0.04,-0.93,-0.13,0.08,-0.4,-0.14,1.08,-0.04,0.15,3.16, , , , , ,708.4,708.0,100.0,4196.0, , , , , ,, , 
09:38:13,-0.37,0.08,-0.88,0.08,0.23,-0.36,-0.07,1.04,0.14,0.22,3.62, , , , , ,708.4,708.0,100.0,3796.0, , , , , ,, , 
09:38:16,-0.11,0.24,-0.61,0.22,0.34,-0.13,0.14,0.97,0.4,0.35,4.17, , , , , ,708.47,708.0,100.0,4296.0, , , , , ,, , 
09:38:19,0.04,0.43,-0.31,0.42,0.54,0.01,0.52,0.94,0.41,0.36,4.94, , , , , ,708.4,708.0,100.0,3996.0, , , , , ,, , 
09:38:22,-0.23,0.22,-0.7,0.17,0.91,-0.29,0.2,1.23,0.31,0.28,5.51, , , , , ,708.0,707.96,3975.0,200.0, , , , , ,, , 
09:38:25,-0.72,-0.01,-1.33,0.09,1.35,-0.56,-0.3,1.65,-0.27,0.18,6.2, , , , , ,707.68,707.67,8000.0,100.0, , , , , ,, , 
09:38:28,-0.82,0.1,-1.47,0.2,1.48,-0.73,-0.14,1.87,-0.26,0.26,6.42, , , , , ,707.68,707.5,5200.0,4600.0, , , , , ,, , 
09:38:31,-0.56,0.1,-1.2,0.29,1.48,-0.53,-0.08,2.03,0.06,0.1,6.53, , , , , ,707.68,707.5,4500.0,3600.0, , , , , ,, , 
09:38:34,-0.3,0.2,-0.9,0.36,1.5,-0.16,-0.02,2.24,0.16,0.27,6.62, , , , , ,707.68,707.5,1000.0,3700.0, , , , , ,, , 
09:38:37,-0.08,0.39,-0.73,0.53,1.52,0.04,0.14,2.47,0.45,0.51,6.65, , , , , ,707.68,707.51,500.0,100.0, , , , , ,, , 
09:38:40,0.4,0.78,0.04,0.92,1.16,0.3,0.68,2.31,0.84,0.76,6.27, , , , , ,708.0,707.68,1475.0,200.0, , , , , ,, , 
09:38:43,0.59,1.16,0.11,1.16,0.63,0.5,1.27,1.96,1.15,1.06,5.66, , , , , ,708.48,708.0,200.0,425.0, , , , , ,, , 
09:38:46,0.65,1.3,0.02,1.01,0.68,0.78,1.64,2.12,1.15,1.24,5.69, , , , , ,708.5,708.0,500.0,625.0, , , , , ,, , 
09:38:49,0.68,1.25,0.27,0.96,0.74,0.56,1.34,2.29,1.21,1.45,5.82, , , , , ,708.5,708.0,100.0,25.0, , , , , ,, , 
09:38:52,0.71,1.21,0.49,1.0,1.21,0.36,1.16,3.01,1.3,1.46,6.13,500.0,708.0,708.0,500.0,500.0,708.0,707.99,3875.0,100.0, , , ,2018-05-10 09:38:52.640000,2018-05-10 09:38:52.640000,, , 
09:38:55,0.77,1.26,0.55,1.08,0.93,0.56,1.35,3.05,1.19,1.36,5.79,500.0,708.4,708.4,500.0,1000.0,708.4,707.99,1904.0,100.0, , , ,2018-05-10 09:38:55.617000,2018-05-10 09:38:55.617000,, , 
09:38:58,0.82,1.18,0.42,1.01,1.16,0.6,1.26,3.62,1.43,1.27,5.96,500.0,708.0,708.0,500.0,1500.0,708.0,707.99,300.0,1400.0, , , ,2018-05-10 09:38:58.658000,2018-05-10 09:38:58.658000,, , 
09:39:01,0.85,1.24,0.49,1.02,0.91,0.5,1.39,3.6,1.55,1.32,5.5,500.0,708.4,708.4,500.0,2000.0,708.4,708.0,1404.0,300.0, , , ,2018-05-10 09:39:01.634000,2018-05-10 09:39:01.634000,, , 
09:39:04,0.81,1.29,0.57,1.0,0.94,0.53,1.47,3.74,1.33,1.41,5.63, , , , , ,708.4,708.0,804.0,3900.0, , , , , ,, , 
09:39:07,1.0,1.15,0.59,0.95,1.04,0.9,1.15,3.93,1.51,1.35,5.43,500.0,708.39,708.39,500.0,2500.0,708.39,708.0,200.0,3900.0, , , ,2018-05-10 09:39:07.691000,2018-05-10 09:39:07.691000,, , 
09:39:10,0.96,1.1,0.59,0.88,1.08,0.99,1.11,4.12,1.31,1.32,5.21, , , , , ,708.39,708.0,100.0,4300.0, , , , , ,, , 
09:39:13,1.07,1.19,0.7,0.97,0.71,1.0,1.21,3.97,1.5,1.38,4.64, , , , , ,708.49,708.4,4.0,4600.0, , , , , ,, , 
09:39:16,1.04,1.5,0.76,1.23,0.43,0.97,1.65,3.89,1.4,1.61,4.06, , , , , ,708.8,708.44,675.0,1000.0, , , , , ,, , 
09:39:19,1.46,1.77,1.26,1.64,0.34,1.28,1.79,4.04,1.85,1.88,4.24, , , , , ,708.8,708.45,675.0,400.0, , , , , ,, , 
09:39:22,1.53,1.81,1.12,1.64,0.32,1.45,1.91,4.24,2.01,1.89,4.42, , , , , ,708.8,708.45,675.0,200.0, , , , , ,, , 
09:39:25,1.43,1.86,0.98,1.75,0.3,1.2,1.93,4.46,2.1,1.89,4.62, , , , , ,708.8,708.45,575.0,2000.0, , , , , ,, , 
09:39:28,1.11,1.71,0.87,1.59,0.41,0.79,1.82,4.31,1.67,1.72,4.79, , , , , ,708.8,708.45,575.0,1400.0, , , , , ,, , 
09:39:31,1.07,1.49,0.89,1.45,0.53,0.69,1.42,4.22,1.63,1.61,4.76, , , , , ,708.8,708.5,175.0,100.0, , , , , ,, , 
09:39:34,1.06,1.37,0.94,1.37,0.74,0.65,1.34,4.3,1.59,1.39,4.58, , , , , ,708.8,708.5,175.0,700.0, , , , , ,, , 
09:39:37,1.04,1.42,0.83,1.47,0.94,0.58,1.49,4.35,1.7,1.3,4.54, , , , , ,708.8,708.55,75.0,1000.0, , , , , ,, , 
09:39:40,0.95,1.42,0.72,1.42,1.05,0.52,1.61,4.61,1.61,1.24,4.3, , , , , ,708.9,708.55,100.0,1825.0, , , , , ,, , 
09:39:43,1.08,1.27,0.8,1.43,1.49,0.75,1.16,5.0,1.7,1.24,4.35, , , , , ,708.61,708.55,100.0,900.0, , , , , ,, , 
09:39:46,0.89,1.1,0.48,1.22,1.4,0.76,0.96,4.75,1.43,1.12,4.11, , , , , ,708.98,708.55,100.0,800.0, , , , , ,, , 
09:39:49,0.7,1.0,0.32,1.1,1.41,0.44,1.0,4.53,1.34,0.91,3.76, , , , , ,708.95,708.8,100.0,100.0, , , , , ,, , 
09:39:52,0.42,0.89,0.27,0.94,1.75,0.08,0.94,4.42,0.91,0.78,3.71, , , , , ,708.98,708.8,100.0,1000.0, , , , , ,, , 
09:39:55,0.21,0.54,0.23,0.85,2.07,-0.11,0.34,4.34,0.5,0.44,3.71, , , , , ,708.97,708.8,100.0,700.0, , , , , ,, , 
09:39:58,0.04,0.29,-0.05,0.63,2.56,-0.18,-0.03,4.41,0.36,0.27,3.9, , , , , ,708.8,708.69,600.0,400.0, , , , , ,, , 
09:40:01,0.02,0.35,-0.16,0.8,2.82,-0.36,0.04,4.34,0.56,0.21,4.08, , , , , ,708.8,708.69,200.0,800.0, , , , , ,, , 
09:40:04,0.18,0.6,-0.0,0.97,2.62,-0.09,0.51,3.93,0.63,0.33,3.97, , , , , ,709.0,708.98,5887.0,200.0, , , , , ,, , 
09:40:07,0.3,0.55,0.24,0.92,2.81,-0.02,0.37,3.83,0.67,0.36,3.98, , , , , ,708.99,708.98,100.0,800.0, , , , , ,, , 
09:40:10,0.24,0.39,0.05,0.65,3.0,0.03,0.11,3.47,0.65,0.4,3.96, , , , , ,709.0,708.98,5887.0,300.0, , , , , ,, , 
09:40:13,-0.01,0.27,-0.26,0.59,3.34,-0.33,-0.07,3.26,0.55,0.3,3.94, , , , , ,708.9,708.87,300.0,100.0, , , , , ,, , 
09:40:16,-0.1,0.27,-0.13,0.56,3.47,-0.5,0.03,2.99,0.33,0.22,3.7, , , , , ,709.0,708.82,5887.0,100.0, , , , , ,, , 
09:40:19,0.36,0.44,0.34,0.93,3.64,0.04,0.16,2.81,0.69,0.23,3.87, , , , , ,709.0,708.82,5387.0,100.0, , , , , ,, , 
09:40:22,0.63,0.63,0.34,1.02,4.06,0.58,0.36,3.17,0.96,0.5,4.09, , , , , ,708.8,708.7,100.0,1100.0, , , , , ,, , 
09:40:25,0.65,0.71,0.36,1.01,4.13,0.39,0.63,3.26,1.2,0.48,3.95, , , , , ,709.0,708.7,1287.0,2200.0, , , , , ,, , 
09:40:28,0.64,0.96,0.41,1.08,3.98,0.42,1.03,3.06,1.09,0.78,4.29, , , , , ,709.0,708.71,1087.0,100.0, , , , , ,, , 
09:40:31,0.85,1.04,0.66,1.2,3.44,0.61,1.05,2.36,1.29,0.88,3.98, , , , , ,709.4,709.0,100.0,1200.0, , , , , ,, , 
09:40:34,0.91,0.98,0.53,1.09,3.52,0.87,0.97,2.15,1.34,0.88,4.33, , , , , ,709.4,709.0,100.0,1400.0, , , , , ,, , 
09:40:37,0.89,1.11,0.32,1.37,3.25,0.81,0.94,1.49,1.55,1.03,4.34, , , , , ,709.49,709.4,100.0,200.0, , , , , ,, , 
09:40:40,0.83,1.27,0.71,1.38,3.48,0.41,1.31,1.38,1.37,1.12,4.27, , , , , ,709.55,709.49,200.0,100.0, , , , , ,, , 
09:40:43,0.72,1.18,0.82,1.32,3.4,0.13,1.13,1.1,1.2,1.09,4.08, , , , , ,709.8,709.63,300.0,200.0, , , , , ,, , 
09:40:46,0.89,1.27,0.91,1.49,3.23,0.58,1.17,0.91,1.18,1.13,4.0, , , , , ,709.89,709.8,1400.0,600.0, , , , , ,, , 
09:40:49,1.18,1.62,1.18,1.95,3.02,0.93,1.62,0.79,1.44,1.3,4.0, , , , , ,709.99,709.89,100.0,1000.0, , , , , ,, , 
09:40:52,1.44,2.16,1.71,2.57,2.86,0.99,2.29,0.67,1.61,1.61,4.07, , , , , ,710.0,709.99,5704.0,600.0, , , , , ,, , 
09:40:55,1.7,2.28,1.83,2.7,1.71,1.43,2.23,-0.37,1.85,1.9,3.12, , , , , ,711.0,710.48,8100.0,500.0, , , , , ,, , 
09:40:58,1.7,2.4,1.67,2.81,1.58,1.67,2.31,-0.55,1.76,2.07,3.24, , , , , ,711.0,710.49,6700.0,1300.0, , , , , ,, , 
09:41:01,1.62,2.48,1.64,2.8,1.51,1.36,2.49,-0.72,1.87,2.15,3.33, , , , , ,711.0,710.49,5700.0,3700.0, , , , , ,, , 
09:41:04,1.4,2.44,1.63,2.76,1.45,0.86,2.37,-0.72,1.7,2.18,3.37, , , , , ,711.0,710.5,4400.0,1000.0, , , , , ,, , 
09:41:07,1.3,2.25,1.62,2.65,0.78,0.75,2.02,-1.48,1.53,2.07,2.88, , , , , ,711.25,711.05,100.0,100.0, , , , , ,, , 
09:41:10,1.35,2.37,1.5,2.95,0.25,1.08,1.86,-1.18,1.48,2.31,2.75, , , , , ,711.5,711.05,1500.0,1700.0, , , , , ,, , 
09:41:13,1.26,2.11,1.65,2.75,-0.1,0.77,1.69,-0.71,1.37,1.89,2.81, , , , , ,711.5,711.05,100.0,1600.0, , , , , ,, , 
09:41:16,1.03,2.06,1.52,2.69,-0.42,0.43,1.68,-0.19,1.15,1.81,2.83, , , , , ,711.58,711.06,200.0,100.0, , , , , ,, , 
09:41:19,0.94,2.06,1.43,2.79,-1.02,0.56,1.72,0.1,0.84,1.67,2.46, , , , , ,711.75,711.5,1200.0,100.0, , , , , ,, , 
09:41:22,1.0,1.89,1.29,2.45,-1.05,0.85,1.5,0.19,0.86,1.71,2.35, , , , , ,711.8,711.69,400.0,100.0, , , , , ,, , 
09:41:25,0.88,1.66,1.18,2.2,-0.94,0.57,1.33,0.33,0.89,1.46,2.31, , , , , ,711.85,711.81,100.0,300.0, , , , , ,, , 
09:41:28,0.81,1.56,1.13,2.04,-1.27,0.36,1.39,0.29,0.95,1.26,2.22, , , , , ,712.0,711.85,7900.0,2500.0, , , , , ,, , 
09:41:31,0.61,1.17,0.94,1.65,-0.47,-0.01,0.9,1.4,0.91,0.96,3.19, , , , , ,711.42,711.01,1800.0,100.0, , , , , ,, , 
09:41:34,0.04,0.77,0.36,1.33,-1.21,-0.15,0.27,0.96,-0.1,0.71,2.63, , , , , ,711.68,711.5,100.0,100.0, , , , , ,, , 
09:41:37,-0.15,0.63,0.11,1.05,-2.19,-0.08,0.14,0.35,-0.48,0.7,1.95, , , , , ,712.12,712.0,100.0,200.0, , , , , ,, , 
09:41:40,-0.14,0.39,0.03,0.62,-2.31,-0.2,0.05,0.18,-0.27,0.5,1.81, , , , , ,712.3,712.0,4956.0,1400.0, , , , , ,, , 
09:41:43,-0.17,0.51,0.19,0.86,-2.31,-0.51,-0.03,0.14,-0.2,0.7,1.92, , , , , ,712.29,712.0,500.0,2100.0, , , , , ,, , 
09:41:46,-0.11,0.43,0.0,0.69,-2.31,-0.18,-0.06,0.19,-0.16,0.68,1.98, , , , , ,712.29,712.0,700.0,1000.0, , , , , ,, , 
09:41:49,-0.21,0.32,-0.17,0.64,-2.25,-0.34,-0.2,0.38,-0.13,0.52,2.06, , , , , ,712.2,712.0,100.0,700.0, , , , , ,, , 
09:41:52,-0.19,0.36,-0.08,0.57,-2.08,-0.42,0.01,0.54,-0.06,0.49,2.23, , , , , ,711.95,711.94,300.0,100.0, , , , , ,, , 
09:41:55,-0.23,0.36,-0.05,0.56,-2.0,-0.66,0.05,0.56,0.04,0.48,2.21, , , , , ,712.0,711.8,200.0,300.0, , , , , ,, , 
09:41:58,-0.17,0.29,-0.12,0.39,-2.17,-0.42,-0.01,0.44,0.03,0.5,2.15, , , , , ,712.0,711.8,400.0,200.0, , , , , ,, , 
09:42:01,-0.27,0.33,-0.22,0.4,-2.12,-0.57,-0.01,0.49,-0.03,0.6,2.25, , , , , ,711.8,711.68,800.0,100.0, , , , , ,, , 
09:42:04,-0.39,0.21,-0.3,0.19,-2.11,-0.72,-0.04,0.62,-0.16,0.48,2.34, , , , , ,711.8,711.68,600.0,1000.0, , , , , ,, , 
09:42:07,-0.39,0.1,-0.4,0.19,-2.29,-0.62,-0.08,0.43,-0.15,0.18,2.45, , , , , ,711.79,711.68,600.0,100.0, , , , , ,, , 
09:42:10,-0.33,0.13,-0.37,0.13,-1.65,-0.31,-0.04,0.38,-0.3,0.29,2.72, , , , , ,711.8,711.42,100.0,200.0, , , , , ,, , 
09:42:13,-0.04,0.68,-0.11,0.64,0.07,-0.03,0.59,1.43,0.01,0.8,4.12, , , , , ,711.0,710.45,3800.0,100.0, , , , , ,, , 
09:42:16,-0.06,0.84,-0.07,0.73,0.65,-0.02,0.79,1.09,-0.09,1.01,4.09, , , , , ,711.0,710.45,900.0,100.0, , , , , ,, , 
09:42:19,-0.11,0.78,-0.33,0.66,0.91,0.04,0.62,0.82,-0.04,1.06,3.33, , , , , ,711.64,710.45,300.0,1000.0, , , , , ,, , 
09:42:22,0.01,0.9,-0.23,0.62,1.09,0.14,0.76,0.92,0.13,1.33,3.25, , , , , ,711.2,711.0,100.0,100.0, , , , , ,, , 
09:42:25,0.05,1.01,-0.25,0.66,1.35,0.12,0.71,1.11,0.29,1.66,3.3, , , , , ,711.2,711.0,200.0,2000.0, , , , , ,, , 
09:42:28,-0.08,1.21,-0.46,0.72,1.03,-0.11,0.98,0.88,0.33,1.94,2.92, , , , , ,711.8,711.0,300.0,400.0, , , , , ,, , 
09:42:31,0.03,1.09,-0.19,0.72,2.41,-0.0,0.83,2.15,0.29,1.71,4.23, , , , , ,711.0,710.0,1300.0,5800.0, , , , , ,, , 
09:42:34,0.38,1.27,0.17,0.84,2.5,0.44,1.26,1.96,0.54,1.72,4.08, , , , , ,711.0,710.0,1600.0,6800.0, , , , , ,, , 
09:42:37,0.31,1.16,0.07,0.72,2.54,0.38,1.08,1.96,0.49,1.67,3.99, , , , , ,711.0,710.0,1600.0,6800.0, , , , , ,, , 
09:42:40,0.27,1.02,0.07,0.61,2.5,0.3,1.13,1.79,0.42,1.32,3.69, , , , , ,711.0,710.0,1500.0,4392.0, , , , , ,, , 
09:42:43,0.26,0.97,0.01,0.7,2.46,0.51,1.09,1.64,0.27,1.13,3.63, , , , , ,711.0,710.0,1700.0,4392.0, , , , , ,, , 
09:42:46,0.14,0.93,-0.05,0.64,2.51,0.35,0.9,1.66,0.13,1.24,3.46, , , , , ,710.99,710.0,100.0,4292.0, , , , , ,, , 
09:42:49,0.12,1.03,-0.14,0.79,2.65,0.49,1.0,1.48,0.0,1.3,3.17, , , , , ,710.98,710.0,100.0,4892.0, , , , , ,, , 
09:42:52,0.37,1.04,0.31,0.7,2.58,0.56,1.11,1.45,0.25,1.32,3.22, , , , , ,710.98,710.01,400.0,100.0, , , , , ,, , 
09:42:55,0.52,1.21,0.3,0.86,2.7,0.82,1.21,1.6,0.42,1.56,3.31, , , , , ,710.75,710.01,200.0,2000.0, , , , , ,, , 
09:42:58,0.7,1.37,0.49,0.91,2.34,0.91,1.26,1.35,0.71,1.92,3.01, , , , , ,710.99,710.1,700.0,100.0, , , , , ,, , 
09:43:01,0.59,1.49,0.33,1.07,2.93,0.79,1.24,2.3,0.65,2.16,3.51, , , , , ,710.01,710.0,600.0,292.0, , , , , ,, , 
09:43:04,0.25,1.17,0.17,0.87,3.07,0.25,0.89,2.53,0.32,1.75,3.1, , , , , ,710.01,710.0,400.0,1092.0, , , , , ,, , 
09:43:07,-0.07,1.06,-0.43,0.71,2.33,0.12,0.81,1.99,0.11,1.67,2.23, , , , , ,710.78,710.0,100.0,192.0, , , , , ,, , 
09:43:10,0.21,1.22,0.04,0.91,2.64,0.12,1.1,2.53,0.48,1.66,2.42, , , , , ,710.01,710.0,100.0,392.0, , , , , ,, , 
09:43:13,-0.15,1.2,-0.8,0.81,0.56,-0.03,1.06,0.47,0.38,1.72,0.48, , , , , ,711.68,711.0,600.0,1400.0, , , , , ,, , 
09:43:16,-0.41,0.61,-0.88,0.13,0.22,-0.55,0.48,0.27,0.21,1.23,0.4, , , , , ,711.68,711.0,700.0,1000.0, , , , , ,, , 
09:43:19,0.01,0.99,-0.0,0.43,-0.59,-0.24,1.16,-0.56,0.27,1.39,-0.59, , , , , ,712.1,712.0,100.0,8100.0, , , , , ,, , 
09:43:22,0.37,1.34,0.52,0.74,-0.41,-0.12,1.72,-0.56,0.71,1.55,-0.55, , , , , ,712.1,712.0,100.0,7900.0, , , , , ,, , 
09:43:25,0.28,1.04,0.25,0.53,-0.26,0.02,1.08,-0.6,0.57,1.49,-0.6, , , , , ,712.16,712.0,200.0,7700.0, , , , , ,, , 
09:43:28,0.35,1.26,0.62,0.91,-0.08,0.04,1.58,-0.27,0.38,1.3,-0.59, , , , , ,712.16,712.0,200.0,8400.0, , , , , ,, , 
09:43:31,0.31,1.47,0.32,1.08,-0.42,0.26,1.66,-0.43,0.34,1.66,-0.6, , , , , ,712.35,712.3,100.0,244.0, , , , , ,, , 
09:43:34,0.53,1.41,0.76,1.04,-0.65,0.33,1.37,-0.11,0.51,1.82,-0.32, , , , , ,712.4,712.3,500.0,400.0, , , , , ,, , 
09:43:37,0.52,1.41,0.91,1.14,-0.65,0.12,1.08,0.24,0.52,2.02,0.04, , , , , ,712.4,712.3,500.0,1200.0, , , , , ,, , 
09:43:40,0.17,1.13,0.68,0.9,-0.59,-0.55,1.05,0.5,0.37,1.44,0.61, , , , , ,712.39,712.0,100.0,2244.0, , , , , ,, , 
09:43:43,-0.37,0.57,-0.14,0.68,-0.79,-0.66,0.59,0.54,-0.33,0.44,0.41, , , , , ,712.3,712.15,1400.0,100.0, , , , , ,, , 
09:43:46,-0.37,0.44,-0.2,0.58,-0.77,-0.52,0.38,0.65,-0.39,0.35,0.27, , , , , ,712.3,712.15,1200.0,700.0, , , , , ,, , 
09:43:49,-0.46,0.64,-0.24,0.71,-1.31,-0.59,0.55,0.42,-0.56,0.65,-0.42, , , , , ,712.6,712.35,400.0,100.0, , , , , ,, , 
09:43:52,-0.12,0.81,0.17,0.7,-1.45,-0.48,0.95,0.46,-0.04,0.79,-0.86, , , , , ,712.6,712.51,400.0,200.0, , , , , ,, , 
09:43:55,0.19,1.0,0.32,0.99,-0.79,-0.02,1.3,1.24,0.27,0.71,-0.36, , , , , ,712.15,712.0,100.0,2944.0, , , , , ,, , 
09:43:58,0.01,0.51,-0.07,0.66,-0.8,-0.39,0.36,1.36,0.5,0.51,-0.54, , , , , ,712.15,712.0,300.0,2744.0, , , , , ,, , 
09:44:01,-0.3,0.21,-0.15,0.43,-0.7,-0.47,0.02,1.37,-0.29,0.19,-0.46, , , , , ,712.28,712.0,600.0,4544.0, , , , , ,, , 
09:44:04,-0.43,0.03,-0.41,0.36,-0.38,-0.59,-0.02,1.5,-0.31,-0.26,-0.21, , , , , ,712.15,712.0,600.0,4544.0, , , , , ,, , 
09:44:07,-0.52,0.08,-0.55,0.41,-0.91,-0.6,0.04,1.05,-0.41,-0.2,-0.57, , , , , ,712.6,712.3,200.0,200.0, , , , , ,, , 
09:44:10,-0.49,-0.02,-0.62,0.12,0.42,-0.68,-0.13,2.44,-0.17,-0.04,0.76, , , , , ,712.0,711.0,8456.0,1400.0, , , , , ,, , 
09:44:13,-0.89,-0.08,-0.87,0.12,0.25,-1.06,-0.27,2.5,-0.72,-0.08,0.6, , , , , ,712.0,711.0,5856.0,1400.0, , , , , ,, , 
09:44:16,-0.8,0.22,-0.74,0.23,0.05,-0.97,0.3,2.58,-0.69,0.13,0.45, , , , , ,711.99,711.0,100.0,2200.0, , , , , ,, , 
09:44:19,-0.64,0.34,-0.57,0.29,0.21,-0.86,0.22,2.64,-0.48,0.52,0.29, , , , , ,712.0,711.0,2156.0,1300.0, , , , , ,, , 
09:44:22,-0.46,0.37,-0.51,0.28,-0.51,-0.72,0.31,1.96,-0.15,0.51,-0.32, , , , , ,712.03,712.0,100.0,2544.0, , , , , ,, , 
09:44:25,-0.59,0.35,-0.67,0.23,-0.53,-0.7,0.26,2.03,-0.4,0.55,-0.22, , , , , ,712.05,712.0,800.0,2844.0, , , , , ,, , 
09:44:28,-0.48,0.23,-0.68,0.2,-0.2,-0.63,0.22,2.06,-0.13,0.29,-0.13, , , , , ,712.05,712.02,1000.0,800.0, , , , , ,, , 
09:44:31,-0.36,0.27,-0.55,0.22,-0.01,-0.63,0.25,2.05,0.09,0.33,-0.02, , , , , ,712.05,712.0,900.0,1144.0, , , , , ,, , 
09:44:34,-0.4,0.1,-0.72,-0.02,0.37,-0.74,0.1,2.04,0.26,0.22,0.0, , , , , ,712.02,712.0,200.0,44.0, , , , , ,, , 
09:44:37,-0.56,0.07,-0.71,0.11,1.44,-0.59,0.03,2.74,-0.38,0.07,0.71, , , , , ,712.0,711.0,1800.0,500.0, , , , , ,, , 
09:44:40,-0.52,0.22,-0.58,0.2,0.73,-0.59,0.47,1.97,-0.38,-0.01,-0.15, , , , , ,712.05,712.02,900.0,744.0, , , , , ,, , 
09:44:43,-0.3,0.22,-0.48,0.25,1.48,-0.26,0.28,2.75,-0.15,0.13,0.42, , , , , ,712.0,711.11,700.0,200.0, , , , , ,, , 
09:44:46,-0.06,0.27,-0.31,0.25,1.59,-0.17,0.29,2.81,0.29,0.26,0.27, , , , , ,712.0,711.11,1100.0,100.0, , , , , ,, , 
09:44:49,-0.35,0.34,-0.55,0.32,1.72,-0.49,0.35,2.83,-0.0,0.36,0.16, , , , , ,712.0,711.11,2500.0,100.0, , , , , ,, , 
09:44:52,-0.46,0.21,-0.7,0.13,1.95,-0.68,0.19,2.87,0.01,0.31,0.21, , , , , ,711.98,711.02,300.0,100.0, , , , , ,, , 
09:44:55,-0.37,0.49,-0.56,0.42,2.08,-0.7,0.44,2.81,0.16,0.61,0.23, , , , , ,711.93,711.02,1000.0,100.0, , , , , ,, , 
09:44:58,0.06,0.82,-0.2,0.67,2.14,-0.27,0.68,2.69,0.66,1.11,0.17, , , , , ,712.02,711.03,100.0,100.0, , , , , ,, , 
09:45:01,0.12,0.98,-0.07,0.58,2.23,0.04,0.93,2.54,0.38,1.44,0.16, , , , , ,712.03,711.03,100.0,1296.0, , , , , ,, , 
09:45:04,0.22,0.83,-0.15,0.42,1.57,0.26,0.89,1.94,0.56,1.19,-0.6, , , , , ,712.03,712.02,500.0,100.0, , , , , ,, , 
09:45:07,0.29,0.78,-0.07,0.36,1.49,0.25,0.81,1.89,0.7,1.16,-0.83, , , , , ,712.25,712.02,500.0,1300.0, , , , , ,, , 
09:45:10,0.49,0.81,0.16,0.48,2.42,0.36,0.82,2.86,0.95,1.14,-0.02, , , , , ,712.0,711.03,2500.0,196.0, , , , , ,, , 
09:45:13,0.0,1.0,-0.46,0.88,2.46,0.09,0.94,3.0,0.37,1.18,-0.04, , , , , ,712.0,711.05,2500.0,933.0, , , , , ,, , 
09:45:16,0.04,0.94,-0.35,0.96,2.52,0.26,1.0,2.95,0.22,0.85,0.01, , , , , ,712.0,711.08,1900.0,200.0, , , , , ,, , 
09:45:19,0.01,1.05,-0.55,0.9,2.58,-0.09,1.23,2.63,0.67,1.03,-0.07, , , , , ,712.0,711.08,1800.0,200.0, , , , , ,, , 
09:45:22,-0.02,1.3,-0.71,1.11,1.97,-0.34,1.31,1.97,1.01,1.48,-0.79, , , , , ,712.02,712.0,800.0,200.0, , , , , ,, , 
09:45:25,-0.05,1.06,-0.4,0.97,2.75,-0.41,0.97,2.71,0.66,1.23,-0.2, , , , , ,711.99,711.05,100.0,733.0, , , , , ,, , 
09:45:28,0.17,1.18,-0.0,1.1,2.79,-0.18,1.15,2.75,0.7,1.3,-0.2, , , , , ,711.99,711.05,300.0,1733.0, , , , , ,, , 
09:45:31,0.23,1.05,-0.1,0.79,1.35,-0.16,1.08,1.38,0.94,1.3,-1.44, , , , , ,712.54,712.5,4000.0,4700.0, , , , , ,, , 
09:45:34,0.55,1.2,0.14,0.57,1.33,0.14,1.39,1.24,1.36,1.63,-1.29, , , , , ,712.54,712.5,4000.0,5500.0, , , , , ,, , 
09:45:37,0.75,1.59,0.58,0.98,1.3,0.47,1.88,1.15,1.2,1.92,-1.19, , , , , ,712.54,712.5,2400.0,5200.0, , , , , ,, , 
09:45:40,1.03,1.6,1.03,1.08,1.27,0.68,1.7,0.81,1.37,2.02,-1.21, , , , , ,712.57,712.5,100.0,3700.0, , , , , ,, , 
09:45:43,1.32,1.77,1.52,1.36,1.24,0.74,1.95,0.63,1.7,2.0,-1.45, , , , , ,712.66,712.6,600.0,3944.0, , , , , ,, , 
09:45:46,1.6,1.97,1.6,1.57,1.11,1.2,2.05,0.27,1.99,2.28,-1.74, , , , , ,712.9,712.63,100.0,700.0, , , , , ,, , 
09:45:49,1.42,1.99,1.34,1.47,1.06,1.19,2.19,-0.1,1.73,2.31,-1.9, , , , , ,713.0,712.63,6000.0,1000.0, , , , , ,, , 
09:45:52,1.29,1.83,1.23,1.4,0.9,0.98,2.1,-0.16,1.65,1.98,-2.13, , , , , ,713.0,712.79,3600.0,200.0, , , , , ,, , 
09:45:55,1.37,1.99,1.47,1.72,0.59,0.96,2.16,-0.45,1.69,2.09,-2.45, , , , , ,713.06,713.05,1000.0,100.0, , , , , ,, , 
09:45:58,1.68,2.3,1.74,2.0,0.51,1.31,2.5,-0.54,2.0,2.4,-2.59, , , , , ,713.08,713.06,100.0,4000.0, , , , , ,, , 
09:46:01,1.47,2.37,1.49,2.11,0.25,1.15,2.52,-0.94,1.77,2.47,-2.84, , , , , ,713.27,713.06,100.0,4900.0, , , , , ,, , 
09:46:04,1.51,2.25,1.65,2.03,0.33,1.06,2.36,-1.35,1.83,2.35,-3.13, , , , , ,713.27,713.08,100.0,100.0, , , , , ,, , 
09:46:07,1.4,2.06,1.49,2.04,0.42,1.12,2.11,-1.69,1.6,2.04,-3.42, , , , , ,713.27,713.08,100.0,1000.0, , , , , ,, , 
09:46:10,1.47,2.04,1.35,1.9,0.39,1.21,2.2,-2.18,1.86,2.01,-3.72, , , , , ,713.28,713.27,100.0,100.0, , , , , ,, , 
09:46:13,1.16,1.87,0.79,1.53,0.46,0.89,2.02,-2.3,1.79,2.07,-3.94, , , , , ,713.35,713.3,100.0,1400.0, , , , , ,, , 
09:46:16,0.93,1.52,0.91,1.31,0.44,0.4,1.58,-2.38,1.47,1.65,-3.89, , , , , ,713.35,713.3,100.0,1000.0, , , , , ,, , 
09:46:19,0.72,1.24,0.75,1.24,0.02,0.37,1.21,-2.49,1.03,1.27,-3.89, , , , , ,713.5,713.3,1500.0,900.0, , , , , ,, , 
09:46:22,0.66,1.06,0.58,1.11,-0.08,0.54,1.02,-2.53,0.85,1.04,-3.98, , , , , ,713.5,713.43,1200.0,200.0, , , , , ,, , 
09:46:25,0.46,1.29,0.62,1.26,-0.02,0.53,1.36,-2.54,0.23,1.24,-4.18, , , , , ,713.5,713.43,1200.0,1100.0, , , , , ,, , 
09:46:28,0.81,1.46,0.8,1.49,-0.11,0.69,1.61,-2.66,0.94,1.3,-4.5, , , , , ,713.56,713.55,600.0,900.0, , , , , ,, , 
09:46:31,0.74,1.23,0.54,1.33,-0.03,0.59,1.41,-2.29,1.09,0.95,-4.66, , , , , ,713.56,713.5,700.0,200.0, , , , , ,, , 
09:46:34,0.4,0.8,0.21,0.92,0.02,0.15,0.92,-1.77,0.83,0.57,-4.65, , , , , ,713.43,713.35,700.0,200.0, , , , , ,, , 
09:46:37,0.3,0.99,0.17,0.9,-0.08,0.23,1.07,-1.42,0.48,1.0,-4.64, , , , , ,713.43,713.35,200.0,1200.0, , , , , ,, , 
09:46:40,0.47,0.85,0.26,0.94,-0.49,0.42,1.01,-1.18,0.72,0.61,-4.77, , , , , ,713.5,713.44,500.0,100.0, , , , , ,, , 
09:46:43,0.54,0.95,0.21,0.99,-0.59,0.66,1.02,-1.37,0.75,0.84,-4.82, , , , , ,713.56,713.44,100.0,900.0, , , , , ,, , 
09:46:46,0.79,1.06,0.28,1.1,-1.01,0.92,1.14,-1.77,1.16,0.94,-5.12, , , , , ,713.8,713.56,600.0,200.0, , , , , ,, , 
09:46:49,0.59,1.11,0.24,0.98,-1.17,0.7,1.23,-1.96,0.82,1.13,-5.01, , , , , ,713.58,713.56,100.0,1000.0, , , , , ,, , 
09:46:52,0.38,0.66,0.13,0.6,-1.04,0.17,0.74,-2.23,0.82,0.65,-4.98, , , , , ,713.56,713.5,5100.0,1600.0, , , , , ,, , 
09:46:55,-0.22,0.09,-0.28,0.15,-0.89,-0.27,0.05,-2.17,-0.11,0.07,-4.79, , , , , ,713.43,713.3,400.0,3800.0, , , , , ,, , 
09:46:58,-0.56,-0.16,-0.64,-0.13,-1.04,-0.57,-0.24,-2.44,-0.49,-0.12,-4.95,-2500.0,713.54,713.54,-700.0,1800.0,713.56,713.3,2800.0,200.0, , , ,2018-05-10 09:46:58.674000,2018-05-10 09:46:58.674000,, , 
09:47:01,-0.66,-0.14,-0.63,-0.13,-1.27,-0.69,-0.25,-2.23,-0.64,-0.05,-4.89, , , , , ,713.54,713.27,1800.0,100.0, , , , , ,, , 
09:47:04,-0.6,-0.19,-0.51,-0.15,-1.32,-0.7,-0.23,-1.71,-0.6,-0.18,-4.51,-1800.0,713.28,713.28,-1800.0,0.0,713.3,713.0,700.0,200.0,10700.44,6.04, ,2018-05-10 09:47:04.658000,2018-05-10 09:47:04.658000,, , 
09:47:07,-0.26,0.13,-0.24,0.13,-2.35,-0.28,0.3,-2.25,-0.26,-0.04,-5.18, , , , , ,713.7,713.6,400.0,10600.0, , , , , ,, , 
09:47:10,-0.29,0.17,-0.25,0.1,-2.77,-0.47,0.3,-2.33,-0.14,0.12,-5.12, , , , , ,713.8,713.6,800.0,6600.0, , , , , ,, , 
09:47:13,-0.3,0.29,-0.39,0.13,-2.82,-0.43,0.48,-2.49,-0.09,0.25,-4.98, , , , , ,713.8,713.6,500.0,6500.0, , , , , ,, , 
09:47:16,-0.52,0.06,-0.59,-0.07,-2.73,-0.68,0.19,-2.46,-0.28,0.07,-4.66, , , , , ,713.58,713.56,3461.0,300.0, , , , , ,, , 
09:47:19,-0.73,-0.22,-0.74,-0.31,-2.73,-0.95,-0.18,-2.61,-0.51,-0.18,-4.45, , , , , ,713.58,713.56,3461.0,1000.0, , , , , ,, , 
09:47:22,-0.7,-0.01,-0.67,-0.13,-1.62,-0.98,0.08,-1.44,-0.46,0.02,-3.17, , , , , ,713.0,712.63,600.0,200.0, , , , , ,, , 
09:47:25,-0.68,0.06,-0.7,-0.1,-2.87,-0.86,0.24,-2.57,-0.48,0.04,-4.29, , , , , ,713.79,713.6,100.0,3139.0, , , , , ,, , 
09:47:28,-0.59,0.07,-0.65,-0.18,-2.86,-0.75,0.19,-2.46,-0.38,0.2,-4.09, , , , , ,713.8,713.6,100.0,1639.0, , , , , ,, , 
09:47:31,-0.63,-0.11,-0.68,-0.4,-2.52,-0.77,-0.02,-2.36,-0.45,0.07,-3.94, , , , , ,713.79,713.6,1100.0,139.0, , , , , ,, , 
09:47:34,-0.65,-0.23,-0.77,-0.47,-1.14,-0.72,-0.25,-1.29,-0.46,0.02,-2.73, , , , , ,713.3,712.57,100.0,200.0, , , , , ,, , 
09:47:37,-0.84,-0.29,-1.0,-0.5,-1.27,-0.75,-0.29,-1.78,-0.78,-0.08,-3.0, , , , , ,713.56,713.0,6200.0,100.0, , , , , ,, , 
09:47:40,-0.72,-0.2,-0.82,-0.39,-1.12,-0.64,-0.3,-2.1,-0.72,0.1,-3.09, , , , , ,713.56,713.3,6000.0,1500.0, , , , , ,, , 
09:47:43,-0.58,0.0,-0.68,-0.29,-0.41,-0.6,-0.03,-1.35,-0.47,0.34,-2.1, , , , , ,713.0,712.64,2000.0,900.0, , , , , ,, , 
09:47:46,-0.59,0.14,-0.83,-0.16,-0.52,-0.75,0.09,-1.45,-0.18,0.49,-1.98, , , , , ,713.0,712.57,1700.0,200.0, , , , , ,, , 
09:47:49,-0.86,-0.04,-1.14,-0.36,-0.85,-1.02,-0.23,-1.57,-0.43,0.46,-1.92, , , , , ,713.0,712.57,800.0,100.0, , , , , ,, , 
09:47:52,-0.84,-0.06,-0.81,-0.36,-0.88,-1.17,-0.26,-1.28,-0.54,0.43,-1.55, , , , , ,713.0,712.13,2100.0,100.0, , , , , ,, , 
09:47:55,-0.69,0.03,-0.91,-0.28,-1.66,-1.1,-0.06,-1.91,-0.07,0.42,-2.12, , , , , ,713.0,712.99,3600.0,100.0, , , , , ,, , 
09:47:58,-0.62,0.2,-0.81,-0.15,-1.26,-1.01,0.28,-1.33,-0.03,0.47,-1.52, , , , , ,712.64,712.54,926.0,1300.0, , , , , ,, , 
09:48:01,-0.68,0.15,-0.86,-0.05,-1.09,-0.74,0.02,-1.33,-0.43,0.48,-1.48, , , , , ,712.64,712.54,926.0,1000.0, , , , , ,, , 
09:48:04,-0.5,0.42,-0.66,0.29,0.17,-0.5,0.38,-0.3,-0.34,0.6,-0.4, , , , , ,712.54,711.08,400.0,100.0, , , , , ,, , 
09:48:07,-0.33,0.79,-0.51,0.6,0.28,-0.33,0.98,-0.42,-0.14,0.78,-0.48, , , , , ,712.54,711.16,1000.0,1500.0, , , , , ,, , 
09:48:10,-0.09,1.13,-0.48,0.89,0.55,-0.02,1.37,-0.21,0.24,1.14,-0.21, , , , , ,712.13,711.16,100.0,1200.0, , , , , ,, , 
09:48:13,-0.07,1.15,-0.42,1.03,0.49,0.14,1.18,-0.12,0.06,1.24,-0.15, , , , , ,712.0,711.16,100.0,1200.0, , , , , ,, , 
09:48:16,-0.12,1.2,-0.35,0.93,0.2,-0.04,1.25,-0.17,0.02,1.42,-0.27, , , , , ,712.13,711.2,800.0,500.0, , , , , ,, , 
09:48:19,0.09,1.33,-0.01,1.01,0.15,0.18,1.54,-0.15,0.11,1.42,-0.2, , , , , ,712.0,711.2,100.0,1200.0, , , , , ,, , 
09:48:22,0.1,1.34,0.04,1.05,0.18,-0.05,1.4,-0.32,0.3,1.58,-0.3, , , , , ,712.13,711.2,400.0,1100.0, , , , , ,, , 
09:48:25,-0.05,1.15,0.03,0.87,0.22,-0.24,1.19,-0.48,0.07,1.39,-0.3, , , , , ,712.22,711.21,100.0,200.0, , , , , ,, , 
09:48:28,0.05,1.26,0.24,0.99,0.45,-0.18,1.28,-0.35,0.11,1.51,-0.04, , , , , ,712.0,711.25,300.0,3000.0, , , , , ,, , 
09:48:31,0.13,1.15,0.14,0.99,0.54,0.09,1.22,-0.19,0.17,1.25,0.03, , , , , ,712.0,711.25,300.0,2900.0, , , , , ,, , 
09:48:34,-0.14,1.06,-0.45,0.94,-0.85,-0.05,1.18,-1.43,0.08,1.07,-1.29, , , , , ,712.64,712.6,826.0,2500.0, , , , , ,, , 
09:48:37,-0.18,1.03,-0.32,0.66,-0.88,-0.24,1.15,-1.34,0.0,1.27,-1.33, , , , , ,712.64,712.62,726.0,900.0, , , , , ,, , 
09:48:40,-0.17,1.05,-0.53,0.65,-0.99,0.0,1.12,-1.34,0.02,1.37,-1.4, , , , , ,712.64,712.62,826.0,500.0, , , , , ,, , 
09:48:43,-0.52,0.64,-0.36,0.42,-1.09,-0.66,0.61,-1.44,-0.52,0.91,-1.4, , , , , ,712.64,712.62,826.0,300.0, , , , , ,, , 
09:48:46,-0.46,0.69,-0.22,0.5,-0.63,-0.56,0.84,-0.95,-0.62,0.74,-0.79, , , , , ,712.4,712.0,1000.0,200.0, , , , , ,, , 
09:48:49,-0.37,0.63,-0.09,0.62,-0.75,-0.38,0.7,-1.03,-0.64,0.58,-0.84, , , , , ,712.4,712.0,1000.0,200.0, , , , , ,, , 
09:48:52,-0.29,0.59,-0.02,0.8,-0.03,-0.16,0.48,-0.41,-0.69,0.48,-0.15, , , , , ,712.0,711.33,400.0,200.0, , , , , ,, , 
09:48:55,-0.29,0.64,-0.02,0.76,-0.08,-0.47,0.52,-0.54,-0.4,0.63,-0.26, , , , , ,712.0,711.38,300.0,100.0, , , , , ,, , 
09:48:58,-0.29,0.62,-0.11,0.62,-0.08,-0.42,0.47,-0.68,-0.36,0.77,-0.34, , , , , ,712.0,711.41,600.0,600.0, , , , , ,, , 
09:49:01,-0.38,0.53,-0.11,0.48,-0.08,-0.49,0.43,-0.8,-0.55,0.69,-0.36, , , , , ,712.0,711.41,500.0,1400.0, , , , , ,, , 
09:49:04,-0.45,0.36,-0.19,0.19,-0.77,-0.74,0.26,-1.69,-0.43,0.61,-0.99, , , , , ,712.3,712.0,100.0,5600.0, , , , , ,, , 
09:49:07,-0.54,0.31,-0.42,0.08,-0.86,-0.91,0.22,-2.0,-0.29,0.62,-1.02, , , , , ,712.3,712.02,1100.0,100.0, , , , , ,, , 
09:49:10,-0.63,0.39,-0.49,0.23,-0.93,-0.81,0.33,-2.16,-0.59,0.61,-1.05, , , , , ,712.3,712.02,1100.0,900.0, , , , , ,, , 
09:49:13,-0.5,0.41,-0.05,0.35,-0.27,-0.84,0.29,-1.65,-0.61,0.58,-0.41, , , , , ,712.0,711.38,2200.0,200.0, , , , , ,, , 
09:49:16,-0.58,0.27,-0.21,0.24,-0.21,-0.85,0.12,-1.62,-0.69,0.46,-0.48, , , , , ,711.99,711.41,100.0,600.0, , , , , ,, , 
09:49:19,-0.6,0.2,-0.24,0.14,-0.29,-0.88,0.09,-1.51,-0.68,0.37,-0.54, , , , , ,711.99,711.41,100.0,1400.0, , , , , ,, , 
09:49:22,-0.66,0.41,-0.47,0.33,-0.42,-0.73,0.22,-1.58,-0.79,0.67,-0.65, , , , , ,711.99,711.5,300.0,100.0, , , , , ,, , 
09:49:25,-0.72,0.59,-0.56,0.41,-0.9,-0.79,0.5,-2.15,-0.81,0.87,-1.07, , , , , ,712.02,712.0,300.0,1100.0, , , , , ,, , 
09:49:28,-0.49,0.63,-0.3,0.61,-0.89,-0.64,0.49,-2.34,-0.54,0.8,-1.08, , , , , ,712.02,712.0,100.0,5400.0, , , , , ,, , 
09:49:31,-0.77,0.31,-0.66,0.26,-0.74,-0.82,0.24,-2.54,-0.83,0.44,-1.14, , , , , ,712.02,712.0,100.0,3000.0, , , , , ,, , 
09:49:34,-0.66,0.34,-0.51,0.26,-0.57,-0.69,0.4,-2.72,-0.78,0.37,-1.2, , , , , ,712.02,712.0,100.0,4200.0, , , , , ,, , 
09:49:37,-0.75,0.43,-0.52,0.33,-0.47,-0.99,0.34,-2.71,-0.74,0.62,-1.25, , , , , ,712.02,712.0,4300.0,3800.0, , , , , ,, , 
09:49:40,-0.93,0.09,-0.62,0.02,-0.45,-1.15,-0.04,-2.71,-1.02,0.29,-1.39, , , , , ,712.0,711.99,400.0,200.0, , , , , ,, , 
09:49:43,-1.12,-0.16,-0.78,-0.15,-0.15,-1.41,-0.41,-2.31,-1.18,0.07,-1.08, , , , , ,712.0,711.41,4400.0,300.0, , , , , ,, , 
09:49:46,-1.22,-0.2,-0.95,-0.18,-0.26,-1.47,-0.4,-2.36,-1.23,-0.01,-1.19, , , , , ,712.0,711.41,5300.0,400.0, , , , , ,, , 
09:49:49,-1.37,-0.4,-1.14,-0.32,-0.21,-1.58,-0.7,-2.27,-1.37,-0.18,-1.15, , , , , ,711.8,711.41,200.0,400.0, , , , , ,, , 
09:49:52,-1.33,-0.38,-1.2,-0.39,-0.39,-1.4,-0.61,-2.35,-1.39,-0.15,-1.21, , , , , ,711.79,711.5,1100.0,100.0, , , , , ,, , 
09:49:55,-1.26,-0.39,-1.13,-0.52,-0.48,-1.48,-0.47,-2.39,-1.18,-0.18,-1.21, , , , , ,711.79,711.5,1100.0,800.0, , , , , ,, , 
09:49:58,-1.13,-0.29,-1.15,-0.46,-0.59,-1.14,-0.34,-2.46,-1.11,-0.06,-1.22, , , , , ,711.79,711.5,1000.0,800.0, , , , , ,, , 
09:50:01,-1.06,-0.23,-0.93,-0.36,-0.71,-1.16,-0.37,-2.44,-1.09,0.04,-1.22, , , , , ,711.79,711.5,900.0,900.0, , , , , ,, , 
09:50:04,-1.06,-0.27,-0.92,-0.28,-0.97,-1.06,-0.41,-2.39,-1.19,-0.11,-1.21, , , , , ,711.77,711.5,100.0,700.0, , , , , ,, , 
09:50:07,-1.17,-0.39,-1.01,-0.49,-1.02,-1.22,-0.5,-2.11,-1.29,-0.19,-1.03, , , , , ,711.5,711.41,2800.0,400.0, , , , , ,, , 
09:50:10,-1.24,-0.44,-1.13,-0.55,-1.17,-1.33,-0.54,-1.98,-1.27,-0.24,-1.09, , , , , ,711.5,711.41,4400.0,500.0, , , , , ,, , 
09:50:13,-1.22,-0.43,-1.01,-0.57,-1.31,-1.4,-0.58,-1.83,-1.25,-0.14,-1.16, , , , , ,711.5,711.4,2900.0,100.0, , , , , ,, , 
09:50:16,-1.03,-0.21,-0.78,-0.29,-1.53,-1.21,-0.22,-1.96,-1.11,-0.12,-1.48, , , , , ,711.77,711.5,100.0,2000.0, , , , , ,, , 
09:50:19,-0.9,-0.07,-0.63,-0.19,-1.42,-1.14,-0.03,-1.74,-0.93,0.0,-1.48, , , , , ,711.77,711.5,100.0,1192.0, , , , , ,, , 
09:50:22,-0.99,-0.05,-0.79,-0.2,-0.89,-1.16,0.04,-0.97,-1.03,0.01,-0.95, , , , , ,711.3,711.2,1808.0,100.0, , , , , ,, , 
09:50:25,-1.07,-0.14,-0.93,-0.15,-1.08,-1.29,-0.26,-0.86,-0.99,-0.0,-0.96, , , , , ,711.3,711.2,1951.0,1000.0, , , , , ,, , 
09:50:28,-0.91,-0.0,-0.73,-0.12,-1.43,-1.15,-0.07,-0.81,-0.86,0.18,-1.12, , , , , ,711.41,711.3,100.0,892.0, , , , , ,, , 
09:50:31,-0.58,0.16,-0.35,0.07,-2.02,-0.9,0.08,-1.06,-0.48,0.33,-1.47, , , , , ,711.79,711.5,900.0,5592.0, , , , , ,, , 
09:50:34,-0.23,0.41,-0.25,0.25,-2.29,-0.45,0.29,-1.0,0.02,0.7,-1.57, , , , , ,711.91,711.5,100.0,2392.0, , , , , ,, , 
09:50:37,-0.69,0.18,-0.53,0.05,-2.29,-0.9,0.1,-0.8,-0.63,0.4,-1.57, , , , , ,711.91,711.5,100.0,92.0, , , , , ,, , 
09:50:40,-0.78,0.08,-0.49,0.15,-2.21,-0.95,-0.05,-0.59,-0.89,0.13,-1.48, , , , , ,711.79,711.5,100.0,900.0, , , , , ,, , 
09:50:43,-0.92,-0.0,-0.53,0.06,-2.23,-1.17,-0.06,-0.46,-1.05,-0.02,-1.5, , , , , ,711.79,711.5,100.0,100.0, , , , , ,, , 
09:50:46,-0.91,-0.13,-0.51,-0.01,-1.93,-1.12,-0.24,-0.04,-1.12,-0.15,-1.09, , , , , ,711.5,711.3,1500.0,4792.0, , , , , ,, , 
09:50:49,-0.96,-0.09,-0.51,0.09,-1.98,-1.42,-0.28,0.02,-0.94,-0.09,-1.1, , , , , ,711.5,711.3,800.0,3992.0, , , , , ,, , 
09:50:52,-1.0,-0.09,-0.57,0.07,-2.0,-1.39,-0.32,0.09,-1.05,-0.02,-1.01, , , , , ,711.49,711.3,300.0,3892.0, , , , , ,, , 
09:50:55,-1.21,-0.3,-0.71,-0.28,-1.89,-1.8,-0.52,0.27,-1.12,-0.1,-0.85, , , , , ,711.3,711.28,100.0,100.0, , , , , ,, , 
09:50:58,-1.3,-0.31,-0.88,-0.17,-1.74,-1.86,-0.51,0.53,-1.15,-0.25,-0.64, , , , , ,711.28,711.0,100.0,757.0, , , , , ,, , 
09:51:01,-1.37,-0.39,-0.96,-0.29,-1.61,-2.02,-0.64,0.67,-1.14,-0.24,-0.46, , , , , ,711.12,711.0,200.0,57.0, , , , , ,, , 
09:51:04,-1.45,-0.39,-1.14,-0.34,-1.58,-1.86,-0.54,0.65,-1.35,-0.3,-0.47, , , , , ,711.12,711.0,200.0,57.0, , , , , ,, , 
09:51:07,-1.43,-0.21,-1.24,0.01,-0.78,-1.9,-0.49,1.41,-1.14,-0.15,0.22, , , , , ,711.0,710.01,943.0,300.0, , , , , ,, , 
09:51:10,-1.14,0.2,-1.07,0.41,-0.36,-1.61,-0.06,1.68,-0.72,0.24,0.29, , , , , ,710.5,710.11,100.0,100.0, , , , , ,, , 
09:51:13,-1.15,0.25,-1.21,0.4,-0.67,-1.58,-0.06,1.2,-0.67,0.41,-0.32, , , , , ,711.0,710.25,1243.0,800.0, , , , , ,, , 
09:51:16,-1.04,0.37,-1.05,0.42,-0.54,-1.37,0.26,1.19,-0.71,0.44,-0.51, , , , , ,711.0,710.25,1543.0,1800.0, , , , , ,, , 
09:51:19,-0.79,0.38,-0.9,0.51,-0.32,-1.13,0.3,1.17,-0.33,0.34,-0.64, , , , , ,711.0,710.25,1543.0,1400.0, , , , , ,, , 
09:51:22,-0.83,0.44,-0.81,0.59,-0.09,-1.33,0.35,1.15,-0.34,0.37,-0.69, , , , , ,711.0,710.25,1543.0,1200.0, , , , , ,, , 
09:51:25,-1.01,0.29,-0.89,0.45,0.03,-1.48,0.04,1.24,-0.66,0.39,-0.84, , , , , ,710.96,710.28,1200.0,100.0, , , , , ,, , 
09:51:28,-0.76,0.42,-0.62,0.58,1.0,-1.25,0.21,2.15,-0.4,0.47,-0.15, , , , , ,710.11,710.02,2700.0,100.0, , , , , ,, , 
09:51:31,-0.77,0.31,-0.68,0.39,1.17,-1.41,0.17,2.24,-0.21,0.36,-0.24, , , , , ,710.11,710.01,2200.0,200.0, , , , , ,, , 
09:51:34,-0.69,0.4,-0.6,0.52,1.28,-1.3,0.16,2.27,-0.15,0.53,-0.36, , , , , ,710.11,710.05,2000.0,100.0, , , , , ,, , 
09:51:37,-0.67,0.42,-0.6,0.39,1.48,-1.2,0.25,2.25,-0.21,0.61,-0.43, , , , , ,710.11,710.05,2000.0,1100.0, , , , , ,, , 
09:51:40,-0.67,0.51,-0.65,0.44,1.61,-1.09,0.42,2.19,-0.28,0.66,-0.52, , , , , ,710.11,710.05,1900.0,500.0, , , , , ,, , 
09:51:43,-0.79,0.27,-0.74,0.11,1.82,-1.32,0.26,2.26,-0.3,0.43,-0.53, , , , , ,710.05,710.0,300.0,2500.0, , , , , ,, , 
09:51:46,-0.7,0.28,-0.64,0.23,1.85,-1.08,0.15,2.23,-0.37,0.46,-0.61, , , , , ,710.11,710.0,2800.0,1200.0, , , , , ,, , 
09:51:49,-0.63,0.24,-0.66,0.23,2.07,-1.04,0.11,2.33,-0.2,0.38,-0.5, , , , , ,710.0,709.89,3100.0,400.0, , , , , ,, , 
09:51:52,-0.63,0.33,-0.75,0.34,2.13,-1.0,0.13,2.26,-0.15,0.51,-0.58, , , , , ,710.0,709.89,4500.0,400.0, , , , , ,, , 
09:51:55,-0.49,0.41,-0.5,0.52,2.16,-0.78,0.23,2.2,-0.18,0.48,-0.74, , , , , ,710.0,709.89,3700.0,400.0, , , , , ,, , 
09:51:58,-0.37,0.57,-0.38,0.59,2.21,-0.64,0.46,2.15,-0.1,0.66,-0.84, , , , , ,710.0,709.89,3300.0,183.0, , , , , ,, , 
09:52:01,-0.34,0.52,-0.33,0.53,2.5,-0.52,0.42,2.4,-0.16,0.62,-0.64, , , , , ,709.78,709.73,317.0,1100.0, , , , , ,, , 
09:52:04,-0.29,0.73,-0.12,0.83,2.13,-0.51,0.6,2.02,-0.23,0.77,-0.96, , , , , ,710.02,710.0,100.0,3783.0, , , , , ,, , 
09:52:07,0.0,0.91,0.07,0.98,2.09,-0.1,0.85,1.98,0.04,0.9,-0.99, , , , , ,710.05,710.0,800.0,3683.0, , , , , ,, , 
09:52:10,0.36,1.07,0.23,1.06,2.07,0.42,0.9,1.95,0.44,1.25,-1.06, , , , , ,710.05,710.0,200.0,8483.0, , , , , ,, , 
09:52:13,0.55,1.26,0.34,1.2,1.9,0.64,1.21,1.8,0.67,1.38,-1.27, , , , , ,710.25,710.0,2300.0,6983.0, , , , , ,, , 
09:52:16,0.41,1.18,0.35,1.2,1.48,0.34,1.0,1.32,0.54,1.32,-1.85, , , , , ,710.58,710.25,200.0,1900.0, , , , , ,, , 
09:52:19,0.6,1.21,0.49,1.21,1.46,0.68,1.26,1.27,0.65,1.17,-1.83, , , , , ,710.58,710.25,200.0,3200.0, , , , , ,, , 
09:52:22,0.68,1.43,0.43,1.32,1.16,0.92,1.53,0.93,0.7,1.43,-2.18, , , , , ,710.99,710.26,100.0,100.0, , , , , ,, , 
09:52:25,0.54,1.29,0.33,1.32,1.01,0.76,1.3,0.65,0.54,1.23,-2.54, , , , , ,710.99,710.58,100.0,100.0, , , , , ,, , 
09:52:28,0.47,1.34,0.4,1.4,1.24,0.58,1.37,0.73,0.44,1.25,-2.54, , , , , ,710.85,710.58,100.0,1100.0, , , , , ,, , 
09:52:31,0.43,1.17,0.31,1.2,0.92,0.6,1.3,0.28,0.39,1.01,-3.23, , , , , ,711.0,710.99,1143.0,100.0, , , , , ,, , 
09:52:34,0.54,1.42,0.26,1.38,0.9,0.9,1.58,0.15,0.46,1.32,-3.54, , , , , ,711.11,711.0,100.0,800.0, , , , , ,, , 
09:52:37,0.7,1.52,0.52,1.55,0.69,0.96,1.6,-0.11,0.61,1.41,-3.9, , , , , ,711.28,711.11,200.0,1700.0, , , , , ,, , 
09:52:40,0.68,1.43,0.44,1.43,0.48,0.83,1.4,-0.4,0.78,1.46,-4.2, , , , , ,711.3,711.28,100.0,1600.0, , , , , ,, , 
09:52:43,0.6,1.35,0.38,1.31,0.4,0.78,1.36,-0.58,0.64,1.38,-4.29, , , , , ,711.4,711.3,260.0,1700.0, , , , , ,, , 
09:52:46,0.69,1.37,0.44,1.23,0.27,1.01,1.24,-0.82,0.63,1.64,-4.5, , , , , ,711.49,711.4,100.0,1600.0, , , , , ,, , 
09:52:49,0.53,1.2,0.3,1.07,0.27,0.73,1.06,-0.87,0.56,1.46,-4.53, , , , , ,711.5,711.32,408.0,100.0, , , , , ,, , 
09:52:52,0.28,0.91,0.21,0.88,0.14,0.39,0.69,-0.94,0.24,1.15,-4.67, , , , , ,711.5,711.41,208.0,800.0, , , , , ,, , 
09:52:55,0.28,0.84,0.31,0.91,-0.03,0.34,0.72,-1.04,0.21,0.88,-4.85, , , , , ,711.55,711.5,100.0,92.0, , , , , ,, , 
09:52:58,0.27,0.91,0.31,0.84,-0.1,0.27,0.74,-1.07,0.24,1.15,-4.86, , , , , ,711.55,711.52,100.0,800.0, , , , , ,, , 
09:53:01,0.19,0.86,0.24,0.84,-0.12,0.22,0.7,-1.06,0.1,1.05,-4.89, , , , , ,711.55,711.52,100.0,200.0, , , , , ,, , 
09:53:04,-0.26,0.39,-0.09,0.53,-0.12,-0.23,0.12,-1.08,-0.47,0.54,-4.91, , , , , ,711.55,711.52,100.0,200.0, , , , , ,, , 
09:53:07,-0.54,0.2,-0.25,0.4,-0.07,-0.67,0.04,-1.06,-0.71,0.16,-4.85, , , , , ,711.5,711.46,400.0,100.0, , , , , ,, , 
09:53:10,-0.49,0.15,-0.22,0.37,-0.1,-0.57,-0.1,-1.12,-0.66,0.19,-4.88, , , , , ,711.5,711.46,300.0,700.0, , , , , ,, , 
09:53:13,-0.59,0.09,-0.34,0.33,-0.11,-0.66,-0.13,-1.2,-0.75,0.06,-4.7, , , , , ,711.5,711.46,400.0,600.0, , , , , ,, , 
09:53:16,-0.77,-0.11,-0.49,0.09,-0.12,-0.84,-0.27,-1.22,-0.98,-0.15,-4.47, , , , , ,711.46,711.44,100.0,400.0, , , , , ,, , 
09:53:19,-0.89,-0.15,-0.67,0.05,-0.21,-0.99,-0.15,-1.25,-1.02,-0.34,-4.3, , , , , ,711.5,711.44,200.0,400.0, , , , , ,, , 
09:53:22,-0.73,-0.13,-0.5,0.07,-0.21,-0.9,-0.3,-1.19,-0.79,-0.18,-4.03, , , , , ,711.44,711.42,1100.0,100.0, , , , , ,, , 
09:53:25,-0.7,-0.08,-0.49,0.06,-0.27,-0.82,-0.24,-1.21,-0.78,-0.06,-3.98, , , , , ,711.44,711.42,1300.0,800.0, , , , , ,, , 
09:53:28,-0.62,0.08,-0.59,0.2,-0.61,-0.72,-0.09,-1.57,-0.55,0.13,-4.27, , , , , ,712.0,711.35,4700.0,100.0, , , , , ,, , 
09:53:31,-0.2,0.25,-0.26,0.45,-0.9,-0.31,-0.02,-1.74,-0.04,0.34,-4.44, , , , , ,711.88,711.8,700.0,1400.0, , , , , ,, , 
09:53:34,-0.03,0.45,-0.19,0.2,-0.69,-0.12,0.36,-1.5,0.22,0.78,-4.14, , , , , ,711.8,711.5,1400.0,300.0, , , , , ,, , 
09:53:37,-0.5,0.27,-0.5,0.13,-0.71,-0.65,0.1,-1.45,-0.35,0.59,-4.1, , , , , ,711.8,711.44,1600.0,100.0, , , , , ,, , 
09:53:40,-0.46,0.14,-0.38,0.12,-0.86,-0.68,-0.06,-1.45,-0.33,0.34,-4.0, , , , , ,711.8,711.44,1700.0,800.0, , , , , ,, , 
09:53:43,-0.42,0.14,-0.46,0.09,-1.01,-0.57,0.06,-1.52,-0.24,0.27,-3.95, , , , , ,711.8,711.5,2000.0,200.0, , , , , ,, , 
09:53:46,-0.38,0.17,-0.44,0.12,-1.1,-0.56,-0.01,-1.43,-0.14,0.4,-3.83, , , , , ,711.79,711.5,200.0,800.0, , , , , ,, , 
09:53:49,-0.46,0.08,-0.43,0.08,-1.19,-0.62,-0.13,-1.44,-0.32,0.3,-3.69, , , , , ,711.78,711.5,100.0,700.0, , , , , ,, , 
09:53:52,-0.65,-0.08,-0.55,-0.09,-0.96,-0.78,-0.14,-1.12,-0.62,0.01,-3.38, , , , , ,711.5,711.44,424.0,100.0, , , , , ,, , 
09:53:55,-0.73,-0.16,-0.62,-0.2,-0.95,-0.86,-0.09,-1.08,-0.7,-0.19,-3.3, , , , , ,711.48,711.44,1000.0,100.0, , , , , ,, , 
09:53:58,-0.8,-0.31,-0.61,-0.28,-0.96,-1.08,-0.41,-1.08,-0.7,-0.24,-3.18, , , , , ,711.48,711.44,1100.0,100.0, , , , , ,, , 
09:54:01,-0.83,-0.39,-0.68,-0.35,-0.97,-1.07,-0.47,-1.03,-0.75,-0.35,-2.97, , , , , ,711.48,711.46,700.0,100.0, , , , , ,, , 
09:54:04,-0.85,-0.38,-0.71,-0.26,-0.92,-1.05,-0.53,-0.99,-0.8,-0.33,-2.52, , , , , ,711.44,711.41,1400.0,200.0, , , , , ,, , 
09:54:07,-0.97,-0.45,-0.75,-0.33,-0.98,-1.21,-0.61,-1.07,-0.95,-0.4,-2.14, , , , , ,711.44,711.41,1600.0,100.0, , , , , ,, , 
09:54:10,-0.94,-0.43,-0.8,-0.35,-1.01,-1.2,-0.61,-1.25,-0.82,-0.33,-1.71, , , , , ,711.44,711.35,800.0,700.0, , , , , ,, , 
09:54:13,-0.92,-0.46,-0.8,-0.42,-1.08,-1.17,-0.56,-1.4,-0.8,-0.39,-1.5, , , , , ,711.44,711.35,800.0,600.0, , , , , ,, , 
09:54:16,-1.02,-0.52,-0.89,-0.46,-1.15,-1.24,-0.73,-1.59,-0.93,-0.37,-1.5, , , , , ,711.44,711.35,1700.0,500.0, , , , , ,, , 
09:54:19,-1.03,-0.49,-0.8,-0.47,-0.95,-1.25,-0.64,-1.52,-1.04,-0.35,-1.3, , , , , ,711.35,711.15,524.0,100.0, , , , , ,, , 
09:54:22,-1.06,-0.45,-1.06,-0.41,-0.93,-1.27,-0.61,-1.56,-0.85,-0.32,-1.38, , , , , ,711.33,711.15,600.0,600.0, , , , , ,, , 
09:54:25,-0.75,-0.21,-0.62,-0.19,-0.94,-1.02,-0.43,-1.71,-0.61,-0.01,-1.38, , , , , ,711.33,711.15,400.0,600.0, , , , , ,, , 
09:54:28,-0.64,-0.12,-0.73,-0.16,-0.96,-0.82,-0.31,-1.81,-0.37,0.11,-1.38, , , , , ,711.33,711.15,400.0,600.0, , , , , ,, , 
09:54:31,-0.69,-0.06,-0.68,-0.12,-0.9,-0.91,-0.21,-1.9,-0.48,0.15,-1.37, , , , , ,711.32,711.15,300.0,300.0, , , , , ,, , 
09:54:34,-0.66,-0.03,-0.7,-0.03,-0.69,-0.9,-0.2,-1.76,-0.4,0.15,-1.25, , , , , ,711.15,711.01,500.0,600.0, , , , , ,, , 
09:54:37,-0.57,0.02,-0.6,-0.1,-0.69,-0.78,-0.15,-1.84,-0.33,0.3,-1.27, , , , , ,711.15,711.01,1600.0,600.0, , , , , ,, , 
09:54:40,-0.75,-0.07,-0.76,-0.12,-0.68,-0.9,-0.34,-1.92,-0.59,0.26,-1.34, , , , , ,711.15,711.0,2300.0,500.0, , , , , ,, , 
09:54:43,-0.74,-0.09,-0.67,-0.16,-0.3,-0.96,-0.34,-1.6,-0.58,0.24,-1.12, , , , , ,711.0,710.58,343.0,100.0, , , , , ,, , 
09:54:46,-0.78,-0.09,-0.68,-0.13,-0.23,-1.04,-0.31,-1.65,-0.64,0.18,-1.14, , , , , ,711.0,710.58,343.0,100.0, , , , , ,, , 
09:54:49,-0.79,-0.19,-0.7,-0.24,-0.24,-1.02,-0.38,-1.69,-0.65,0.07,-1.2, , , , , ,711.0,710.58,243.0,100.0, , , , , ,, , 
09:54:52,-0.69,0.0,-0.68,-0.0,-0.16,-0.9,-0.17,-1.77,-0.49,0.18,-1.18, , , , , ,711.0,710.58,343.0,600.0, , , , , ,, , 
09:54:55,-0.65,0.02,-0.67,-0.03,-0.14,-0.86,-0.21,-1.92,-0.42,0.3,-1.08, , , , , ,710.99,710.58,500.0,300.0, , , , , ,, , 
09:54:58,-0.71,-0.0,-0.8,-0.04,-0.11,-0.92,-0.26,-1.99,-0.42,0.29,-1.04, , , , , ,710.94,710.59,100.0,100.0, , , , , ,, , 
09:55:01,-0.58,0.06,-0.68,0.06,-0.04,-0.76,-0.09,-2.05,-0.3,0.2,-1.16, , , , , ,710.94,710.59,100.0,800.0, , , , , ,, , 
09:55:04,-0.52,0.16,-0.62,0.14,-0.1,-0.74,0.04,-2.05,-0.21,0.3,-1.31, , , , , ,710.99,710.59,200.0,600.0, , , , , ,, , 
09:55:07,-0.35,0.21,-0.51,0.12,-0.13,-0.54,0.13,-2.02,-0.02,0.37,-1.41, , , , , ,710.93,710.59,100.0,300.0, , , , , ,, , 
09:55:10,-0.42,0.2,-0.55,0.13,-0.1,-0.59,0.07,-1.84,-0.14,0.4,-1.16, , , , , ,710.59,710.57,1900.0,1000.0, , , , , ,, , 
09:55:13,-0.46,0.09,-0.54,0.11,-0.25,-0.63,-0.12,-1.91,-0.22,0.28,-1.05, , , , , ,710.59,710.57,2200.0,1000.0, , , , , ,, , 
09:55:16,-0.48,0.16,-0.55,0.18,-0.44,-0.64,0.02,-2.08,-0.24,0.29,-0.95, , , , , ,710.59,710.57,1500.0,900.0, , , , , ,, , 
09:55:19,-0.28,0.18,-0.39,0.18,-0.57,-0.33,0.03,-2.07,-0.11,0.34,-0.81, , , , , ,710.59,710.57,1200.0,800.0, , , , , ,, , 
09:55:22,-0.3,0.17,-0.43,0.14,-0.62,-0.36,0.03,-2.12,-0.11,0.34,-0.81, , , , , ,710.59,710.57,1300.0,200.0, , , , , ,, , 
09:55:25,-0.37,-0.01,-0.46,0.04,-0.78,-0.45,-0.11,-2.25,-0.2,0.04,-0.82, , , , , ,710.59,710.57,1300.0,200.0, , , , , ,, , 
09:55:28,-0.44,0.02,-0.47,0.07,-0.82,-0.6,-0.1,-2.28,-0.25,0.09,-0.79, , , , , ,710.57,710.5,200.0,3000.0, , , , , ,, , 
09:55:31,-0.26,0.06,-0.28,0.08,-0.92,-0.38,-0.09,-2.59,-0.14,0.19,-0.86, , , , , ,710.57,710.5,300.0,3500.0, , , , , ,, , 
09:55:34,-0.22,0.18,-0.27,0.2,-1.3,-0.35,0.12,-3.12,-0.04,0.21,-1.17, , , , , ,711.0,710.5,1543.0,2900.0, , , , , ,, , 
09:55:37,-0.0,0.32,0.03,0.39,-1.08,-0.16,0.3,-2.98,0.13,0.27,-0.88, , , , , ,710.57,710.5,200.0,3000.0, , , , , ,, , 
09:55:40,0.06,0.48,0.04,0.48,-1.16,-0.07,0.6,-3.14,0.23,0.36,-0.85, , , , , ,710.57,710.5,100.0,2400.0, , , , , ,, , 
09:55:43,-0.07,0.41,-0.12,0.37,-1.25,-0.22,0.4,-3.15,0.12,0.44,-0.77, , , , , ,710.57,710.5,100.0,2300.0, , , , , ,, , 
09:55:46,-0.17,0.25,-0.15,0.33,-1.51,-0.33,0.16,-3.45,-0.03,0.26,-0.98, , , , , ,710.88,710.5,500.0,1800.0, , , , , ,, , 
09:55:49,-0.11,0.31,-0.13,0.4,-1.62,-0.19,0.32,-3.59,-0.02,0.21,-1.05, , , , , ,710.99,710.5,200.0,1800.0, , , , , ,, , 
09:55:52,-0.12,0.27,-0.15,0.36,-1.36,-0.22,0.19,-3.33,-0.0,0.27,-0.7, , , , , ,710.51,710.5,100.0,1800.0, , , , , ,, , 
09:55:55,-0.06,0.24,-0.07,0.37,-1.87,-0.17,0.19,-3.76,0.06,0.15,-1.04, , , , , ,710.99,710.51,300.0,700.0, , , , , ,, , 
09:55:58,-0.13,0.37,-0.25,0.4,-1.97,-0.19,0.47,-3.76,0.06,0.25,-1.04, , , , , ,710.99,710.51,300.0,800.0, , , , , ,, , 
09:56:01,0.0,0.45,-0.12,0.46,-2.04,-0.06,0.5,-3.79,0.18,0.4,-1.04, , , , , ,710.99,710.51,200.0,800.0, , , , , ,, , 
09:56:04,-0.11,0.45,-0.2,0.44,-1.92,-0.21,0.38,-3.73,0.08,0.52,-0.97, , , , , ,710.88,710.51,200.0,500.0, , , , , ,, , 
09:56:07,-0.36,0.22,-0.39,0.25,-1.94,-0.51,0.02,-3.75,-0.2,0.38,-0.97, , , , , ,710.88,710.51,200.0,100.0, , , , , ,, , 
09:56:10,-0.53,-0.05,-0.41,0.17,-1.74,-0.72,-0.31,-3.51,-0.48,-0.01,-0.7, , , , , ,710.51,710.5,4600.0,500.0, , , , , ,, , 
09:56:13,-0.42,0.02,-0.32,0.24,-1.29,-0.66,-0.1,-2.83,-0.29,-0.08,-0.2, , , , , ,710.26,710.03,100.0,100.0, , , , , ,, , 
09:56:16,-0.36,0.04,-0.33,0.22,-1.64,-0.59,-0.16,-2.81,-0.15,0.06,-0.36, , , , , ,710.5,710.03,600.0,200.0, , , , , ,, , 
09:56:19,-0.44,0.01,-0.34,0.14,-1.46,-0.7,-0.11,-2.44,-0.27,-0.0,-0.2, , , , , ,710.26,710.03,100.0,200.0, , , , , ,, , 
09:56:22,-0.74,-0.16,-0.72,-0.06,-1.48,-1.13,-0.38,-2.2,-0.37,-0.06,-0.15, , , , , ,710.26,710.0,100.0,1383.0, , , , , ,, , 
09:56:25,-1.27,-0.78,-1.4,-0.82,-1.43,-1.52,-0.84,-1.96,-0.87,-0.69,0.06,-500.0,709.99,709.99,-500.0,-500.0,710.0,709.99,3100.0,483.0, , , ,2018-05-10 09:56:25.652000,2018-05-10 09:56:25.652000,, , 
09:56:28,-1.37,-0.84,-1.47,-0.8,-1.28,-1.65,-0.96,-1.67,-1.0,-0.74,0.37,-500.0,709.73,709.73,-500.0,-1000.0,709.93,709.73,100.0,1000.0, , , ,2018-05-10 09:56:28.689000,2018-05-10 09:56:28.689000,, , 
09:56:31,-1.22,-0.77,-1.41,-0.73,-1.63,-1.39,-0.79,-1.67,-0.85,-0.79,0.47, , , , , ,709.99,709.73,100.0,300.0, , , , , ,, , 
09:56:34,-1.08,-0.66,-1.21,-0.47,-1.86,-1.28,-0.73,-1.62,-0.76,-0.78,0.61, , , , , ,709.99,709.73,200.0,200.0, , , , , ,, , 
09:56:37,-1.11,-0.7,-1.29,-0.62,-1.88,-1.2,-0.7,-1.48,-0.85,-0.8,0.9, , , , , ,709.99,709.51,700.0,500.0, , , , , ,, , 
09:56:40,-1.11,-0.63,-1.36,-0.5,-1.85,-1.14,-0.77,-1.19,-0.83,-0.63,1.16, , , , , ,709.73,709.51,300.0,400.0, , , , , ,, , 
09:56:43,-0.96,-0.61,-1.19,-0.49,-1.86,-0.98,-0.69,-1.1,-0.72,-0.65,1.19, , , , , ,709.73,709.51,300.0,100.0, , , , , ,, , 
09:56:46,-0.98,-0.61,-1.2,-0.4,-1.94,-1.09,-0.68,-0.98,-0.64,-0.73,1.24, , , , , ,709.72,709.51,200.0,100.0, , , , , ,, , 
09:56:49,-0.76,-0.38,-0.8,-0.22,-2.01,-0.92,-0.21,-0.85,-0.55,-0.71,1.29, , , , , ,709.73,709.51,800.0,700.0, , , , , ,, , 
09:56:52,-0.6,-0.16,-0.65,-0.07,-1.93,-0.7,0.05,-0.62,-0.46,-0.46,1.53, , , , , ,709.51,709.5,100.0,5900.0, , , , , ,, , 
09:56:55,-0.82,-0.31,-0.98,-0.34,-1.86,-0.92,-0.12,-0.41,-0.56,-0.47,1.73, , , , , ,709.5,709.3,1000.0,100.0, , , , , ,, , 
09:56:58,-0.72,-0.14,-0.84,0.04,-1.54,-0.94,-0.07,0.04,-0.37,-0.4,2.11, , , , , ,709.25,709.09,100.0,100.0, , , , , ,, , 
09:57:01,-0.2,-0.02,-0.41,0.03,-1.79,-0.34,0.13,0.05,0.15,-0.21,1.94, , , , , ,709.4,709.25,100.0,600.0, , , , , ,, , 
09:57:04,-0.38,0.0,-0.56,0.1,-1.8,-0.55,0.18,0.43,-0.02,-0.28,1.97, , , , , ,709.4,709.25,100.0,500.0, , , , , ,, , 
09:57:07,-0.36,0.09,-0.49,0.09,-2.08,-0.49,0.21,0.56,-0.11,-0.03,1.75, , , , , ,709.51,709.5,300.0,100.0, , , , , ,, , 
09:57:10,-0.02,0.29,-0.15,0.4,-1.58,-0.23,0.42,1.48,0.31,0.05,2.33, , , , , ,709.25,709.02,300.0,200.0, , , , , ,, , 
09:57:13,0.05,0.2,-0.06,0.17,-1.4,-0.1,0.39,1.69,0.31,0.05,2.37, , , , , ,709.24,709.02,1200.0,200.0, , , , , ,, , 
09:57:16,-0.15,0.18,-0.37,0.27,-1.21,-0.23,0.18,1.69,0.14,0.08,2.4, , , , , ,709.24,709.02,1100.0,500.0, , , , , ,, , 
09:57:19,-0.33,0.14,-0.46,0.24,-0.84,-0.42,0.1,1.85,-0.1,0.1,2.56, , , , , ,709.02,709.0,100.0,6800.0, , , , , ,, , 
09:57:22,-0.66,-0.03,-0.9,0.1,-0.85,-0.92,-0.13,1.54,-0.15,-0.07,2.33, , , , , ,709.24,709.1,1000.0,100.0, , , , , ,, , 
09:57:25,-0.71,-0.18,-0.79,-0.07,-0.55,-0.9,-0.21,1.79,-0.43,-0.25,2.41, , , , , ,709.0,708.98,1200.0,200.0, , , , , ,, , 
09:57:28,-0.77,-0.28,-0.94,-0.15,-0.16,-0.85,-0.3,2.13,-0.53,-0.39,2.58, , , , , ,709.0,708.5,2300.0,200.0, , , , , ,, , 
09:57:31,-0.6,-0.16,-0.78,-0.08,-0.1,-0.78,-0.19,2.13,-0.23,-0.2,2.29, , , , , ,709.0,708.5,3000.0,600.0, , , , , ,, , 
09:57:34,-0.6,-0.01,-0.93,0.11,0.57,-0.89,-0.09,2.67,0.03,-0.04,2.62, , , , , ,708.5,708.1,400.0,100.0, , , , , ,, , 
09:57:37,-0.38,0.21,-0.69,0.27,0.51,-0.49,0.19,2.6,0.03,0.18,2.44, , , , , ,708.5,708.18,300.0,1500.0, , , , , ,, , 
09:57:40,-0.44,0.34,-0.82,0.44,0.69,-0.55,0.37,2.59,0.05,0.21,2.33, , , , , ,708.39,708.18,100.0,1200.0, , , , , ,, , 
09:57:43,-0.44,0.32,-0.73,0.29,0.78,-0.51,0.42,2.41,-0.09,0.26,2.25, , , , , ,708.39,708.18,100.0,1400.0, , , , , ,, , 
09:57:46,-0.44,0.27,-0.76,0.25,0.89,-0.54,0.39,2.39,-0.03,0.17,2.2, , , , , ,708.39,708.18,100.0,600.0, , , , , ,, , 
09:57:49,-0.55,0.12,-0.84,0.03,1.29,-0.53,0.21,2.6,-0.29,0.13,2.4, , , , , ,708.18,708.02,2100.0,200.0, , , , , ,, , 
09:57:52,-0.47,0.19,-0.85,0.14,1.36,-0.4,0.26,2.62,-0.17,0.17,2.4, , , , , ,708.18,708.02,3000.0,200.0, , , , , ,, , 
09:57:55,-0.29,0.23,-0.53,0.14,1.49,-0.24,0.36,2.77,-0.1,0.17,2.46, , , , , ,708.09,708.02,100.0,100.0, , , , , ,, , 
09:57:58,-0.29,0.29,-0.67,0.22,1.61,-0.22,0.46,2.79,0.02,0.18,2.46, , , , , ,708.09,708.02,100.0,500.0, , , , , ,, , 
09:58:01,-0.26,0.4,-0.5,0.32,1.78,-0.25,0.57,2.6,-0.02,0.31,2.38, , , , , ,708.18,708.02,3500.0,100.0, , , , , ,, , 
09:58:04,-0.31,0.42,-0.59,0.36,2.29,-0.24,0.53,2.6,-0.09,0.36,2.59, , , , , ,708.02,708.0,200.0,4200.0, , , , , ,, , 
09:58:07,-0.25,0.38,-0.44,0.28,2.67,-0.23,0.45,2.46,-0.07,0.39,2.67, , , , , ,708.02,708.0,700.0,3900.0, , , , , ,, , 
09:58:10,-0.27,0.24,-0.56,0.21,3.07,-0.26,0.22,2.47,0.03,0.29,2.89, , , , , ,708.02,708.0,1300.0,2600.0, , , , , ,, , 
09:58:13,-0.27,0.24,-0.46,0.21,3.27,-0.24,0.29,2.58,-0.1,0.22,3.26, , , , , ,708.02,708.0,800.0,2200.0, , , , , ,, , 
09:58:16,-0.15,0.48,-0.27,0.47,2.54,-0.23,0.58,1.94,0.04,0.41,2.82, , , , , ,708.88,708.18,100.0,800.0, , , , , ,, , 
09:58:19,-0.18,0.54,-0.13,0.54,2.54,-0.26,0.66,2.08,-0.15,0.41,3.11, , , , , ,708.88,708.18,100.0,300.0, , , , , ,, , 
09:58:22,-0.18,0.6,-0.26,0.65,2.38,-0.2,0.72,2.0,-0.08,0.44,3.23, , , , , ,708.98,708.18,100.0,100.0, , , , , ,, , 
09:58:25,-0.15,0.57,-0.04,0.6,2.31,-0.27,0.7,1.94,-0.15,0.42,3.21, , , , , ,708.88,708.37,100.0,200.0, , , , , ,, , 
09:58:28,-0.09,0.75,-0.01,0.87,2.24,-0.11,0.83,1.83,-0.15,0.56,2.83, , , , , ,708.98,708.37,100.0,800.0, , , , , ,, , 
09:58:31,0.04,0.82,0.16,0.95,2.24,0.04,0.96,1.75,-0.07,0.56,2.53, , , , , ,708.98,708.37,100.0,800.0, , , , , ,, , 
09:58:34,0.08,0.85,0.1,1.03,2.05,0.18,0.94,1.67,-0.04,0.57,2.12, , , , , ,708.97,708.5,100.0,300.0, , , , , ,, , 
09:58:37,-0.1,0.8,-0.06,0.98,2.04,-0.02,0.94,1.67,-0.24,0.48,1.78, , , , , ,708.97,708.5,100.0,200.0, , , , , ,, , 
09:58:40,-0.21,0.7,-0.08,0.95,2.08,-0.17,0.73,1.81,-0.36,0.4,1.9, , , , , ,708.8,708.5,100.0,100.0, , , , , ,, , 
09:58:43,-0.15,0.71,-0.12,0.92,1.42,-0.16,0.88,1.41,-0.17,0.32,1.42, , , , , ,708.99,708.98,1000.0,2400.0, , , , , ,, , 
09:58:46,-0.39,0.51,-0.43,0.73,1.41,-0.4,0.57,1.43,-0.34,0.25,1.42, , , , , ,708.99,708.97,1000.0,4700.0, , , , , ,, , 
09:58:49,-0.13,0.51,-0.1,0.72,1.26,-0.14,0.46,1.34,-0.14,0.36,1.33, , , , , ,709.09,709.0,300.0,1600.0, , , , , ,, , 
09:58:52,-0.09,0.68,-0.05,0.79,1.27,-0.11,0.57,1.34,-0.1,0.68,1.47, , , , , ,709.1,709.0,200.0,500.0, , , , , ,, , 
09:58:55,0.1,0.68,0.15,0.72,1.19,-0.06,0.74,1.18,0.2,0.59,1.47, , , , , ,709.25,709.09,800.0,1000.0, , , , , ,, , 
09:58:58,-0.06,0.66,-0.07,0.7,1.21,-0.13,0.65,1.18,0.03,0.63,1.62, , , , , ,709.25,709.09,800.0,1200.0, , , , , ,, , 
09:59:01,0.04,0.74,-0.12,0.78,0.77,0.08,0.71,0.85,0.16,0.73,1.46, , , , , ,709.5,709.3,1100.0,900.0, , , , , ,, , 
09:59:04,-0.06,0.7,-0.17,0.68,0.22,-0.09,0.62,0.43,0.09,0.81,1.04, , , , , ,709.99,709.4,100.0,400.0, , , , , ,, , 
09:59:07,-0.33,0.6,-0.51,0.6,-0.7,-0.67,0.59,-0.35,0.19,0.6,0.09, , , , , ,710.49,710.02,900.0,300.0, , , , , ,, , 
09:59:10,-0.28,0.63,-0.32,0.64,-0.71,-0.67,0.58,-0.36,0.15,0.66,-0.08, , , , , ,710.49,710.04,900.0,100.0, , , , , ,, , 
09:59:13,-0.1,0.87,-0.38,0.81,-0.97,-0.45,0.85,-0.72,0.52,0.94,-0.59, , , , , ,711.0,710.04,6793.0,1800.0, , , , , ,, , 
09:59:16,0.15,1.18,-0.06,1.07,-0.49,-0.14,1.02,-0.36,0.66,1.43,-0.38, , , , , ,710.48,710.04,500.0,1600.0, , , , , ,, , 
09:59:19,-0.13,0.86,-0.33,0.69,-0.36,-0.44,0.75,-0.36,0.4,1.14,-0.37, , , , , ,710.48,710.04,400.0,1200.0, , , , , ,, , 
09:59:22,-0.44,0.62,-0.52,0.63,-0.37,-0.63,0.37,-0.34,-0.18,0.85,-0.37, , , , , ,710.48,710.04,300.0,1300.0, , , , , ,, , 
09:59:25,-0.78,0.4,-0.74,0.52,-0.37,-0.83,0.25,-0.32,-0.76,0.41,-0.38, , , , , ,710.48,710.04,1300.0,1100.0, , , , , ,, , 
09:59:28,-1.05,0.02,-0.93,0.24,-0.4,-1.1,-0.31,-0.23,-1.1,0.13,-0.37, , , , , ,710.47,710.05,300.0,100.0, , , , , ,, , 
09:59:31,-1.02,-0.27,-0.88,-0.16,-0.48,-1.18,-0.35,-0.09,-1.0,-0.31,-0.36, , , , , ,710.47,710.05,200.0,1200.0, , , , , ,, , 
09:59:34,-0.93,-0.28,-0.86,-0.17,-0.48,-0.97,-0.36,0.04,-0.96,-0.31,-0.33, , , , , ,710.47,710.05,200.0,700.0, , , , , ,, , 
09:59:37,-1.03,-0.37,-1.05,-0.27,-0.11,-0.98,-0.48,0.55,-1.04,-0.36,0.07, , , , , ,710.0,709.99,300.0,200.0, , , , , ,, , 
09:59:40,-1.17,-0.41,-1.11,-0.32,-0.4,-1.13,-0.54,0.33,-1.26,-0.38,-0.22, , , , , ,710.37,710.05,900.0,100.0, , , , , ,, , 
09:59:43,-1.18,-0.5,-1.11,-0.43,-0.04,-1.21,-0.47,0.62,-1.22,-0.61,0.03, , , , , ,710.05,709.99,900.0,2800.0, , , , , ,, , 
09:59:46,-1.01,-0.35,-0.86,-0.25,0.35,-1.02,-0.19,1.06,-1.14,-0.59,0.4, , , , , ,709.99,709.5,400.0,5000.0, , , , , ,, , 
09:59:49,-1.15,-0.25,-1.19,-0.13,0.09,-1.16,-0.36,0.84,-1.08,-0.26,0.11, , , , , ,710.37,709.5,700.0,400.0, , , , , ,, , 
09:59:52,-1.2,-0.4,-1.17,-0.21,-0.07,-1.25,-0.7,0.75,-1.18,-0.28,-0.07, , , , , ,710.1,710.01,100.0,100.0, , , , , ,, , 
09:59:55,-1.22,-0.5,-1.23,-0.42,-0.1,-1.4,-0.61,0.78,-1.04,-0.46,-0.09, , , , , ,710.1,710.05,100.0,100.0, , , , , ,, , 
09:59:58,-1.32,-0.62,-1.22,-0.45,0.01,-1.51,-0.66,0.95,-1.24,-0.75,0.02, , , , , ,710.0,709.99,2200.0,1000.0, , , , , ,, , 
10:00:01,-1.27,-0.64,-1.12,-0.48,0.01,-1.44,-0.74,1.0,-1.26,-0.69,0.01, , , , , ,710.0,709.99,2000.0,500.0, , , , , ,, , 
10:00:04,-1.24,-0.59,-1.07,-0.37,0.41,-1.47,-0.63,1.42,-1.18,-0.77,0.4, , , , , ,709.99,709.43,700.0,200.0, , , , , ,, , 
10:00:07,-1.02,-0.4,-0.9,-0.29,0.41,-1.16,-0.21,1.45,-0.99,-0.68,0.39, , , , , ,710.0,709.43,1200.0,200.0, , , , , ,, , 
10:00:10,-0.83,-0.19,-0.8,-0.09,0.56,-0.93,-0.16,1.66,-0.76,-0.31,0.54, , , , , ,709.92,709.3,700.0,2400.0, , , , , ,, , 
10:00:13,-0.87,-0.18,-0.91,-0.11,0.01,-0.9,-0.28,1.14,-0.81,-0.15,-0.03, , , , , ,710.01,710.0,6800.0,1600.0, , , , , ,, , 
10:00:16,-0.64,-0.06,-0.55,-0.05,0.01,-0.77,-0.12,1.17,-0.62,-0.01,-0.04, , , , , ,710.01,710.0,6800.0,1400.0, , , , , ,, , 
10:00:19,-0.59,0.02,-0.63,-0.03,0.01,-0.69,-0.02,1.16,-0.45,0.09,-0.06, , , , , ,710.01,710.0,5000.0,700.0, , , , , ,, , 
10:00:22,-0.43,0.21,-0.35,0.12,0.02,-0.6,0.24,1.15,-0.32,0.27,-0.07, , , , , ,710.01,710.0,4800.0,100.0, , , , , ,, , 
10:00:25,-0.59,0.04,-0.55,-0.04,0.06,-0.67,0.05,1.0,-0.56,0.1,-0.25, , , , , ,710.0,709.98,300.0,3683.0, , , , , ,, , 
10:00:28,-0.5,0.1,-0.45,0.01,0.15,-0.55,0.13,0.83,-0.5,0.17,-0.58, , , , , ,709.99,709.98,200.0,2783.0, , , , , ,, , 
10:00:31,-0.67,-0.03,-0.59,-0.07,0.39,-0.7,-0.08,0.63,-0.71,0.05,-0.81, , , , , ,709.98,709.86,3117.0,200.0, , , , , ,, , 
10:00:34,-0.69,-0.05,-0.48,-0.03,0.73,-0.81,-0.15,0.53,-0.78,0.04,-0.93, , , , , ,710.0,709.55,517.0,100.0, , , , , ,, , 
10:00:37,-0.37,0.14,-0.34,0.06,0.57,-0.44,0.15,0.12,-0.35,0.21,-1.45, , , , , ,710.0,709.96,517.0,200.0, , , , , ,, , 
10:00:40,-0.21,0.27,-0.38,0.09,0.65,-0.27,0.29,-0.07,0.03,0.44,-1.54, , , , , ,710.0,709.96,517.0,800.0, , , , , ,, , 
10:00:43,-0.1,0.36,-0.31,0.1,0.69,-0.19,0.54,-0.13,0.19,0.45,-1.64, , , , , ,710.0,709.96,517.0,1400.0, , , , , ,, , 
10:00:46,0.17,0.47,0.01,0.24,0.69,0.2,0.67,-0.23,0.29,0.51,-1.76, , , , , ,710.01,710.0,4600.0,1283.0, , , , , ,, , 
10:00:49,0.31,0.6,0.05,0.38,0.74,0.44,0.83,-0.3,0.45,0.59,-1.76,1000.0,710.01,710.01,1000.0,0.0,710.01,710.0,4100.0,1983.0,-980.54,-1.38, ,2018-05-10 10:00:49.686000,2018-05-10 10:00:49.686000,, , 
10:00:52,0.5,0.9,0.26,0.59,0.82,0.72,1.18,-0.3,0.5,0.93,-1.76, , , , , ,710.01,710.0,3000.0,5183.0, , , , , ,, , 
10:00:55,0.41,0.92,0.11,0.5,0.89,0.48,1.17,-0.3,0.65,1.09,-1.77, , , , , ,710.01,710.0,1600.0,1000.0, , , , , ,, , 
10:00:58,0.16,0.64,-0.02,0.41,0.93,0.32,0.69,-0.3,0.19,0.82,-1.77, , , , , ,710.01,710.0,900.0,1000.0, , , , , ,, , 
10:01:01,0.07,0.6,-0.01,0.41,0.99,0.2,0.66,-0.31,0.04,0.72,-1.77, , , , , ,710.01,710.0,600.0,900.0, , , , , ,, , 
10:01:04,0.06,0.54,-0.08,0.4,1.0,0.18,0.53,-0.22,0.06,0.68,-1.77, , , , , ,710.01,710.0,600.0,700.0, , , , , ,, , 
10:01:07,-0.08,0.47,-0.15,0.36,1.04,0.06,0.59,-0.14,-0.14,0.47,-1.77, , , , , ,710.01,710.0,800.0,200.0, , , , , ,, , 
10:01:10,0.0,0.43,-0.06,0.26,1.1,0.07,0.62,0.08,-0.0,0.41,-1.81, , , , , ,710.01,710.0,700.0,200.0, , , , , ,, , 
10:01:13,-0.06,0.41,-0.1,0.22,1.14,-0.05,0.66,0.44,-0.02,0.35,-1.84, , , , , ,710.01,710.0,100.0,100.0, , , , , ,, , 
10:01:16,-0.08,0.41,-0.09,0.25,1.16,-0.04,0.6,0.72,-0.12,0.38,-1.89, , , , , ,710.02,710.0,1600.0,100.0, , , , , ,, , 
10:01:19,0.24,0.69,0.02,0.48,1.16,0.41,0.94,1.02,0.29,0.66,-1.89, , , , , ,710.02,710.0,1300.0,9000.0, , , , , ,, , 
10:01:22,0.5,0.79,0.1,0.55,1.14,0.84,1.06,1.2,0.57,0.75,-1.85, , , , , ,710.02,710.0,300.0,7400.0, , , , , ,, , 
10:01:25,0.46,0.86,0.2,0.66,0.91,0.68,1.14,1.19,0.49,0.78,-1.88, , , , , ,710.1,710.01,1800.0,1500.0, , , , , ,, , 
10:01:28,0.28,0.87,0.12,0.65,0.74,0.38,1.14,0.89,0.35,0.81,-1.84, , , , , ,710.1,710.01,100.0,1200.0, , , , , ,, , 
10:01:31,0.33,0.86,0.17,0.66,0.16,0.47,1.18,0.3,0.34,0.73,-2.12, , , , , ,710.33,710.18,800.0,300.0, , , , , ,, , 
10:01:34,0.42,0.85,0.2,0.74,-0.37,0.86,1.07,-0.26,0.21,0.74,-2.26, , , , , ,710.45,710.39,100.0,500.0, , , , , ,, , 
10:01:37,0.43,1.0,0.21,0.77,-0.52,0.78,1.31,-0.62,0.31,0.92,-2.03, , , , , ,710.48,710.39,2300.0,800.0, , , , , ,, , 
10:01:40,0.47,1.11,0.45,0.99,-0.71,0.7,1.41,-0.62,0.25,0.93,-1.79, , , , , ,710.48,710.39,400.0,600.0, , , , , ,, , 
10:01:43,0.53,1.18,0.47,1.09,-0.81,0.91,1.47,-0.67,0.2,0.99,-1.58, , , , , ,710.48,710.45,400.0,300.0, , , , , ,, , 
10:01:46,0.72,1.24,0.61,1.1,-0.96,1.27,1.51,-0.75,0.28,1.12,-1.54,500.0,710.55,710.55,500.0,500.0,710.55,710.5,100.0,1900.0, , , ,2018-05-10 10:01:46.695000,2018-05-10 10:01:46.694000,, , 
10:01:49,0.53,1.17,0.4,0.99,-1.08,0.99,1.4,-0.8,0.21,1.14,-1.61, , , , , ,710.6,710.52,200.0,100.0, , , , , ,, , 
10:01:52,0.47,1.02,0.52,0.88,-1.09,0.78,1.21,-0.68,0.11,0.97,-1.66, , , , , ,710.6,710.55,200.0,100.0, , , , , ,, , 
10:01:55,0.4,0.99,0.39,0.86,-1.27,0.72,1.18,-0.69,0.09,0.93,-1.85, , , , , ,710.73,710.66,100.0,600.0, , , , , ,, , 
10:01:58,0.47,0.88,0.49,0.88,-1.27,0.91,0.96,-0.53,0.02,0.8,-1.85, , , , , ,710.73,710.66,100.0,800.0, , , , , ,, , 
10:02:01,0.41,0.92,0.5,0.98,-1.27,0.83,1.12,-0.37,-0.1,0.67,-1.85, , , , , ,710.73,710.66,100.0,700.0, , , , , ,, , 
10:02:04,0.36,0.96,0.57,0.97,-1.25,0.64,1.14,-0.43,-0.12,0.77,-2.04, , , , , ,710.75,710.73,650.0,100.0, , , , , ,, , 
10:02:07,0.35,0.85,0.45,0.9,-1.18,0.7,1.1,-0.59,-0.11,0.54,-2.17, , , , , ,710.75,710.73,350.0,600.0, , , , , ,, , 
10:02:10,0.36,0.77,0.54,0.9,-1.06,0.7,0.92,-0.84,-0.16,0.48,-2.39, , , , , ,710.89,710.73,50.0,700.0, , , , , ,, , 
10:02:13,0.39,0.84,0.47,0.86,-0.77,0.79,1.03,-1.08,-0.11,0.64,-2.6, , , , , ,710.98,710.75,50.0,200.0, , , , , ,, , 
10:02:16,0.03,0.54,0.28,0.64,-0.42,0.23,0.62,-1.17,-0.43,0.37,-2.54, , , , , ,710.89,710.75,500.0,700.0, , , , , ,, , 
10:02:19,-0.26,0.21,0.02,0.47,-0.12,0.13,0.14,-1.16,-0.92,0.03,-2.54, , , , , ,710.89,710.75,500.0,700.0, , , , , ,, , 
10:02:22,-0.49,-0.09,-0.03,0.25,0.07,-0.3,-0.27,-1.15,-1.13,-0.24,-2.53, , , , , ,710.88,710.75,200.0,600.0, , , , , ,, , 
10:02:25,-0.68,-0.26,-0.19,0.08,0.12,-0.58,-0.44,-1.16,-1.26,-0.41,-2.39,-500.0,710.86,0.0,-0.0,500.0,710.88,710.75,700.0,100.0, , , ,2018-05-10 10:02:25.696000,2018-05-10 10:02:25.696000,, , 
10:02:28,-0.71,-0.36,-0.17,0.04,0.48,-0.69,-0.55,-0.49,-1.27,-0.57,-1.59,-500.0,710.71,0.0,-0.0,500.0,710.73,709.96,100.0,100.0, , , ,2018-05-10 10:02:28.948000,2018-05-10 10:02:28.948000,, , 
10:02:31,-0.69,-0.36,-0.23,0.01,0.19,-0.67,-0.43,-0.46,-1.17,-0.67,-1.44,-500.0,710.69,0.0,-0.0,500.0,710.71,709.96,500.0,800.0, , , ,2018-05-10 10:02:31.966000,2018-05-10 10:02:31.966000,, , 
10:02:34,-0.84,-0.38,-0.45,0.0,0.36,-0.86,-0.49,0.07,-1.21,-0.65,-0.81,-500.0,709.98,709.98,-200.0,300.0,710.0,709.96,5000.0,400.0, , , ,2018-05-10 10:02:34.983000,2018-05-10 10:02:34.982000,, , 
10:02:37,-1.01,-0.41,-0.74,-0.05,0.03,-1.07,-0.62,0.11,-1.21,-0.56,-0.8,-300.0,709.96,709.96,-300.0,0.0,709.98,709.96,400.0,1100.0,-706.33,-1.99, ,2018-05-10 10:02:37.996000,2018-05-10 10:02:37.996000,, , 
10:02:40,-0.97,-0.27,-0.75,0.04,0.02,-1.06,-0.47,0.11,-1.1,-0.39,-0.83, , , , , ,710.0,709.96,4900.0,200.0, , , , , ,, , 
10:02:43,-1.06,-0.28,-0.8,0.09,0.28,-1.26,-0.44,0.34,-1.12,-0.49,-0.57, , , , , ,709.96,709.63,200.0,200.0, , , , , ,, , 
10:02:46,-0.95,-0.33,-0.73,0.05,0.28,-1.01,-0.47,0.32,-1.11,-0.57,-0.58, , , , , ,709.96,709.63,400.0,600.0, , , , , ,, , 
10:02:49,-0.89,-0.27,-0.74,0.07,0.28,-0.88,-0.35,0.31,-1.05,-0.52,-0.58, , , , , ,709.96,709.63,300.0,500.0, , , , , ,, , 
10:02:52,-0.82,-0.27,-0.64,0.02,0.41,-0.8,-0.32,0.29,-1.01,-0.52,-0.6, , , , , ,709.98,709.63,100.0,400.0, , , , , ,, , 
10:02:55,-0.8,-0.31,-0.63,-0.01,0.58,-0.74,-0.29,0.3,-1.04,-0.65,-0.58, , , , , ,709.96,709.63,100.0,300.0, , , , , ,, , 
10:02:58,-0.84,-0.44,-0.64,-0.08,0.74,-0.79,-0.39,0.3,-1.1,-0.84,-0.58, , , , , ,709.96,709.63,400.0,300.0, , , , , ,, , 
10:03:01,-0.97,-0.41,-0.78,-0.1,0.9,-0.91,-0.3,0.3,-1.22,-0.84,-0.59, , , , , ,709.96,709.63,500.0,100.0, , , , , ,, , 
10:03:04,-0.94,-0.37,-0.69,-0.06,0.93,-0.88,-0.3,0.32,-1.25,-0.75,-0.53, , , , , ,709.96,709.58,100.0,100.0, , , , , ,, , 
10:03:07,-0.71,-0.07,-0.49,0.22,0.41,-0.58,-0.01,-0.04,-1.07,-0.42,-0.88, , , , , ,710.05,710.0,100.0,400.0, , , , , ,, , 
10:03:10,-0.14,0.49,-0.06,0.44,0.26,0.12,0.63,-0.05,-0.48,0.41,-1.0, , , , , ,710.05,710.0,100.0,2500.0, , , , , ,, , 
10:03:13,0.04,0.71,0.05,0.51,-0.43,0.22,0.87,-0.59,-0.14,0.74,-1.67, , , , , ,710.7,710.11,300.0,2100.0, , , , , ,, , 
10:03:16,0.09,0.87,-0.14,0.61,-1.17,0.29,0.94,-1.18,0.12,1.07,-2.41, , , , , ,710.88,710.76,700.0,500.0, , , , , ,, , 
10:03:19,0.32,1.09,0.16,0.91,-1.2,0.5,1.18,-1.24,0.31,1.17,-2.61, , , , , ,710.88,710.82,100.0,400.0, , , , , ,, , 
10:03:22,0.06,1.06,-0.14,0.73,-1.2,0.33,1.18,-1.26,0.01,1.26,-2.61, , , , , ,710.88,710.82,100.0,100.0, , , , , ,, , 
10:03:25,0.07,0.94,-0.05,0.56,-1.32,0.38,1.14,-1.57,-0.11,1.12,-2.81, , , , , ,710.98,710.88,150.0,200.0, , , , , ,, , 
10:03:28,0.28,1.19,0.23,0.83,-1.34,0.28,1.43,-1.94,0.34,1.29,-2.93, , , , , ,710.98,710.93,150.0,600.0, , , , , ,, , 
10:03:31,0.21,1.03,0.41,0.97,0.02,0.14,1.07,-0.92,0.1,1.06,-1.67, , , , , ,710.0,709.99,2200.0,100.0, , , , , ,, , 
10:03:34,0.09,1.01,0.1,1.05,0.04,0.16,1.09,-1.24,0.01,0.89,-1.76, , , , , ,710.0,709.99,2100.0,100.0, , , , , ,, , 
10:03:37,0.02,0.93,-0.1,0.97,0.07,0.21,1.0,-1.48,-0.04,0.82,-1.76, , , , , ,710.0,709.99,2000.0,100.0, , , , , ,, , 
10:03:40,0.06,0.95,-0.02,1.07,0.09,0.16,0.84,-1.56,0.05,0.93,-1.75, , , , , ,710.0,709.98,1600.0,100.0, , , , , ,, , 
10:03:43,0.02,0.99,-0.0,0.96,0.07,0.12,1.05,-1.66,-0.07,0.96,-1.75, , , , , ,710.0,709.98,1600.0,800.0, , , , , ,, , 
10:03:46,-0.15,0.78,-0.04,0.83,0.05,-0.09,0.78,-1.74,-0.33,0.73,-1.8, , , , , ,710.0,709.98,1800.0,1200.0, , , , , ,, , 
10:03:49,-0.24,0.61,-0.1,0.78,0.03,-0.19,0.56,-1.74,-0.43,0.49,-1.86, , , , , ,710.0,709.98,1200.0,1100.0, , , , , ,, , 
10:03:52,-0.14,0.65,-0.09,0.78,0.02,-0.02,0.62,-1.75,-0.3,0.55,-2.0, , , , , ,710.0,709.99,100.0,100.0, , , , , ,, , 
10:03:55,-0.28,0.61,-0.42,0.7,-0.56,-0.2,0.59,-2.33,-0.21,0.55,-2.71, , , , , ,710.75,710.06,100.0,300.0, , , , , ,, , 
10:03:58,-0.28,0.53,-0.37,0.48,-0.61,-0.21,0.64,-2.38,-0.26,0.48,-2.91, , , , , ,710.82,710.06,200.0,1500.0, , , , , ,, , 
10:04:01,-0.15,0.65,-0.45,0.52,-0.61,0.02,0.74,-2.38,-0.02,0.69,-2.99, , , , , ,710.82,710.06,200.0,1900.0, , , , , ,, , 
10:04:04,-0.06,0.76,-0.44,0.51,-0.62,0.11,0.96,-2.38,0.16,0.82,-3.0, , , , , ,710.82,710.06,200.0,1900.0, , , , , ,, , 
10:04:07,-0.26,0.56,-0.49,0.38,-0.58,-0.2,0.71,-2.34,-0.08,0.6,-2.96, , , , , ,710.75,710.06,800.0,1800.0, , , , , ,, , 
10:04:10,-0.34,0.48,-0.19,0.5,0.0,-0.21,0.56,-1.79,-0.61,0.38,-2.28, , , , , ,710.0,709.98,3600.0,300.0, , , , , ,, , 
10:04:13,-0.36,0.51,-0.3,0.63,-0.01,-0.21,0.56,-1.83,-0.57,0.32,-2.27, , , , , ,710.0,709.99,2500.0,100.0, , , , , ,, , 
10:04:16,-0.36,0.3,-0.33,0.47,-0.02,-0.19,0.23,-1.86,-0.57,0.19,-2.33, , , , , ,710.0,709.99,2900.0,700.0, , , , , ,, , 
10:04:19,-0.47,0.18,-0.5,0.42,-0.03,-0.34,0.15,-1.87,-0.58,-0.02,-2.27, , , , , ,710.0,709.99,2900.0,600.0, , , , , ,, , 
10:04:22,-0.46,0.3,-0.34,0.44,-0.08,-0.33,0.55,-1.85,-0.72,-0.09,-2.38, , , , , ,710.02,710.0,100.0,3400.0, , , , , ,, , 
10:04:25,-0.42,0.22,-0.4,0.48,-0.24,-0.3,0.24,-1.78,-0.57,-0.05,-2.41, , , , , ,709.99,709.98,1800.0,300.0, , , , , ,, , 
10:04:28,-0.78,-0.03,-0.83,0.12,-0.58,-0.54,-0.02,-1.74,-0.97,-0.21,-2.33, , , , , ,709.99,709.98,1800.0,800.0, , , , , ,, , 
10:04:31,-0.3,0.38,-0.32,0.47,-0.94,-0.2,0.5,-1.77,-0.39,0.16,-2.42, , , , , ,710.02,710.0,100.0,5000.0, , , , , ,, , 
10:04:34,0.0,0.66,-0.11,0.61,-1.32,0.09,0.89,-1.75,0.03,0.48,-2.5, , , , , ,710.06,710.05,2700.0,900.0, , , , , ,, , 
10:04:37,-0.05,0.53,-0.18,0.51,-1.56,-0.02,0.64,-1.5,0.05,0.44,-2.46, , , , , ,710.06,710.05,2200.0,800.0, , , , , ,, , 
10:04:40,-0.14,0.5,-0.24,0.52,-1.65,-0.1,0.59,-1.25,-0.08,0.4,-2.55, , , , , ,710.06,710.05,2000.0,600.0, , , , , ,, , 
10:04:43,-0.19,0.33,-0.26,0.48,-1.74,-0.14,0.35,-1.0,-0.17,0.17,-2.64, , , , , ,710.06,710.05,2000.0,300.0, , , , , ,, , 
10:04:46,-0.4,0.09,-0.36,0.2,-1.75,-0.29,0.17,-0.79,-0.56,-0.09,-2.61, , , , , ,710.0,709.99,500.0,100.0, , , , , ,, , 
10:04:49,-0.51,-0.05,-0.43,0.22,-1.75,-0.49,-0.08,-0.82,-0.63,-0.29,-2.62, , , , , ,710.0,709.99,300.0,1800.0, , , , , ,, , 
10:04:52,-0.47,-0.12,-0.43,0.12,-1.77,-0.38,-0.12,-0.87,-0.6,-0.35,-2.53, , , , , ,710.03,710.0,100.0,100.0, , , , , ,, , 
10:04:55,-0.29,0.19,-0.44,0.32,-1.8,-0.24,0.28,-0.92,-0.19,-0.03,-2.42, , , , , ,710.05,710.01,100.0,600.0, , , , , ,, , 
10:04:58,-0.34,0.12,-0.35,0.19,-1.75,-0.27,0.19,-0.87,-0.4,-0.03,-2.25, , , , , ,710.0,709.99,1200.0,100.0, , , , , ,, , 
10:05:01,-0.4,0.06,-0.3,0.22,-1.75,-0.44,0.08,-0.86,-0.46,-0.13,-2.08, , , , , ,710.0,709.99,1300.0,900.0, , , , , ,, , 
10:05:04,-0.38,-0.01,-0.38,0.18,-1.75,-0.37,0.0,-0.99,-0.39,-0.21,-1.97, , , , , ,710.0,709.99,1200.0,100.0, , , , , ,, , 
10:05:07,-0.53,-0.17,-0.49,0.07,-1.76,-0.51,-0.09,-1.11,-0.58,-0.47,-1.77, , , , , ,710.0,709.99,1200.0,12.0, , , , , ,, , 
10:05:10,-0.7,-0.37,-0.58,-0.02,-1.78,-0.62,-0.33,-1.23,-0.9,-0.75,-1.43, , , , , ,709.99,709.98,700.0,100.0, , , , , ,, , 
10:05:13,-0.68,-0.47,-0.6,-0.18,-1.81,-0.64,-0.53,-1.36,-0.81,-0.69,-1.21, , , , , ,709.99,709.98,943.0,700.0, , , , , ,, , 
10:05:16,-0.67,-0.52,-0.63,-0.13,-1.85,-0.59,-0.72,-1.36,-0.78,-0.72,-0.88, , , , , ,709.99,709.98,543.0,200.0, , , , , ,, , 
10:05:19,-0.6,-0.38,-0.52,-0.08,-1.83,-0.58,-0.37,-1.34,-0.68,-0.68,-0.59, , , , , ,709.98,709.96,100.0,100.0, , , , , ,, , 
10:05:22,-0.7,-0.48,-0.53,-0.19,-1.75,-0.7,-0.47,-1.29,-0.88,-0.78,-0.39, , , , , ,709.96,709.9,1000.0,2000.0, , , , , ,, , 
10:05:25,-1.0,-0.73,-0.83,-0.39,-1.71,-1.0,-0.98,-1.15,-1.17,-0.82,-0.24,-500.0,709.9,709.9,-400.0,-400.0,709.96,709.9,1000.0,100.0, , , ,2018-05-10 10:05:25.697000,2018-05-10 10:05:25.697000,, , 
10:05:28,-0.97,-0.63,-0.91,-0.21,-0.95,-0.95,-0.76,-0.3,-1.04,-0.91,0.51, , , , , ,709.81,709.03,300.0,100.0, , , , , ,, , 
10:05:31,-0.8,-0.3,-0.85,0.16,-0.37,-0.8,-0.14,0.42,-0.75,-0.93,1.08, , , , , ,709.03,709.0,100.0,700.0, , , , , ,, , 
10:05:34,-0.76,-0.27,-1.06,0.11,-0.28,-0.63,-0.01,0.55,-0.58,-0.9,0.97, , , , , ,709.03,709.0,100.0,900.0, , , , , ,, , 
10:05:37,-1.0,-0.15,-1.27,0.19,-0.04,-0.88,-0.12,0.55,-0.86,-0.52,0.96, , , , , ,709.03,709.0,1100.0,400.0, , , , , ,, , 
10:05:40,-1.01,-0.29,-1.22,-0.08,0.59,-0.92,-0.41,0.92,-0.89,-0.39,1.34, , , , , ,708.99,708.5,500.0,100.0, , , , , ,, , 
10:05:43,-0.79,0.02,-0.99,0.27,0.83,-0.61,0.05,0.9,-0.78,-0.27,1.34, , , , , ,709.0,708.5,400.0,900.0, , , , , ,, , 
10:05:46,-0.6,0.06,-0.79,0.14,0.95,-0.51,0.24,0.88,-0.5,-0.2,1.44, , , , , ,709.02,708.5,94.0,1100.0, , , , , ,, , 
10:05:49,-0.72,0.11,-0.85,0.23,0.94,-0.64,0.19,0.89,-0.67,-0.11,1.46, , , , , ,709.0,708.5,200.0,800.0, , , , , ,, , 
10:05:52,-0.76,-0.09,-0.82,-0.04,0.92,-0.69,0.03,0.89,-0.76,-0.25,1.46, , , , , ,709.0,708.5,200.0,700.0, , , , , ,, , 
10:05:55,-0.63,0.14,-0.83,0.3,0.89,-0.46,0.37,0.89,-0.6,-0.27,1.37, , , , , ,709.0,708.5,200.0,700.0, , , , , ,, , 
10:05:58,-0.66,0.08,-0.83,0.09,0.89,-0.51,0.27,0.89,-0.65,-0.12,1.42, , , , , ,709.0,708.5,200.0,200.0, , , , , ,, , 
10:06:01,-0.76,0.2,-0.84,0.21,0.91,-0.57,0.38,0.9,-0.86,0.01,1.48, , , , , ,708.99,708.5,600.0,900.0, , , , , ,, , 
10:06:04,-0.69,0.3,-0.77,0.33,0.78,-0.52,0.49,0.91,-0.78,0.09,1.54, , , , , ,708.99,708.5,600.0,1200.0, , , , , ,, , 
10:06:07,-0.51,0.45,-0.63,0.47,0.65,-0.34,0.72,0.93,-0.55,0.15,1.7, , , , , ,708.99,708.5,600.0,1200.0, , , , , ,, , 
10:06:10,-0.56,0.37,-0.66,0.22,0.52,-0.38,0.66,0.79,-0.64,0.22,1.7, , , , , ,708.99,708.5,600.0,200.0, , , , , ,, , 
10:06:13,-0.79,0.28,-0.8,0.24,0.52,-0.59,0.45,0.8,-0.98,0.16,1.83, , , , , ,708.99,708.3,600.0,100.0, , , , , ,, , 
10:06:16,-0.57,0.32,-0.56,0.26,0.52,-0.32,0.42,0.65,-0.84,0.26,1.83, , , , , ,708.99,708.3,500.0,900.0, , , , , ,, , 
10:06:19,-0.37,0.41,-0.5,0.36,0.53,-0.2,0.54,0.5,-0.42,0.32,1.81, , , , , ,708.98,708.3,100.0,1200.0, , , , , ,, , 
10:06:22,-0.36,0.36,-0.5,0.25,0.39,-0.15,0.49,0.36,-0.42,0.34,1.67, , , , , ,708.98,708.5,100.0,100.0, , , , , ,, , 
10:06:25,-0.21,0.46,-0.29,0.42,0.53,-0.19,0.5,0.26,-0.15,0.44,1.67, , , , , ,708.99,708.5,400.0,1800.0, , , , , ,, , 
10:06:28,-0.13,0.36,-0.2,0.4,0.66,0.0,0.36,0.17,-0.21,0.31,1.67, , , , , ,708.99,708.5,400.0,1800.0, , , , , ,, , 
10:06:31,-0.18,0.38,-0.31,0.52,0.78,-0.08,0.4,0.07,-0.16,0.21,1.65, , , , , ,708.99,708.53,400.0,200.0, , , , , ,, , 
10:06:34,-0.18,0.35,-0.17,0.45,0.92,-0.1,0.37,-0.02,-0.28,0.22,1.65, , , , , ,708.99,708.53,500.0,700.0, , , , , ,, , 
10:06:37,-0.2,0.44,-0.13,0.55,0.57,-0.09,0.51,-0.35,-0.38,0.26,1.32, , , , , ,709.0,708.99,293.0,2299.0, , , , , ,, , 
10:06:40,-0.44,0.35,-0.4,0.48,-0.08,-0.51,0.37,-1.0,-0.4,0.19,0.67, , , , , ,709.88,709.03,5100.0,207.0, , , , , ,, , 
10:06:43,-0.69,0.35,-0.82,0.55,-0.09,-0.69,0.36,-1.0,-0.56,0.14,0.69, , , , , ,709.88,709.03,5100.0,1107.0, , , , , ,, , 
10:06:46,-0.5,0.39,-0.59,0.59,-0.1,-0.42,0.44,-1.05,-0.51,0.14,0.71, , , , , ,709.88,709.03,5100.0,1307.0, , , , , ,, , 
10:06:49,-0.51,0.46,-0.55,0.7,0.0,-0.4,0.5,-1.0,-0.57,0.19,0.83, , , , , ,709.73,709.03,700.0,1007.0, , , , , ,, , 
10:06:52,-0.59,0.39,-0.56,0.65,0.0,-0.43,0.4,-1.14,-0.78,0.12,0.85, , , , , ,709.73,709.03,600.0,1607.0, , , , , ,, , 
10:06:55,-0.52,0.43,-0.5,0.6,-0.01,-0.39,0.55,-1.28,-0.68,0.15,0.85, , , , , ,709.73,709.03,600.0,1707.0, , , , , ,, , 
10:06:58,-0.66,0.36,-0.53,0.52,0.0,-0.55,0.54,-1.42,-0.88,0.01,0.85, , , , , ,709.73,709.03,600.0,1007.0, , , , , ,, , 
10:07:01,-0.93,0.24,-0.82,0.49,0.0,-0.91,0.26,-1.5,-1.05,-0.04,0.85, , , , , ,709.73,709.03,600.0,200.0, , , , , ,, , 
10:07:04,-1.02,0.07,-0.86,0.41,-0.01,-1.01,-0.05,-1.54,-1.18,-0.15,0.82, , , , , ,709.7,709.1,1100.0,100.0, , , , , ,, , 
10:07:07,-0.89,0.06,-0.56,0.43,0.55,-0.91,-0.05,-1.0,-1.19,-0.22,1.24, , , , , ,709.03,709.0,600.0,107.0, , , , , ,, , 
10:07:10,-0.66,0.16,-0.41,0.48,0.42,-0.57,0.13,-0.9,-1.0,-0.12,1.12, , , , , ,709.03,709.0,500.0,207.0, , , , , ,, , 
10:07:13,-0.65,0.15,-0.39,0.46,0.28,-0.59,0.02,-0.89,-0.97,-0.04,0.99, , , , , ,709.03,709.0,400.0,207.0, , , , , ,, , 
10:07:16,-0.58,0.15,-0.34,0.44,0.13,-0.54,0.06,-0.95,-0.88,-0.05,0.86, , , , , ,709.03,709.0,300.0,707.0, , , , , ,, , 
10:07:19,-0.54,0.18,-0.27,0.47,-0.03,-0.46,0.13,-0.9,-0.91,-0.06,0.86, , , , , ,709.03,709.0,400.0,607.0, , , , , ,, , 
10:07:22,-0.8,0.02,-0.44,0.32,-0.03,-0.81,0.02,-0.98,-1.13,-0.28,0.86, , , , , ,709.03,709.0,1600.0,407.0, , , , , ,, , 
10:07:25,-0.9,-0.09,-0.47,0.2,-0.12,-1.0,-0.11,-1.04,-1.24,-0.37,0.86, , , , , ,709.03,709.0,1600.0,407.0, , , , , ,, , 
10:07:28,-0.77,-0.04,-0.4,0.2,-0.76,-0.67,0.02,-1.52,-1.25,-0.33,0.31, , , , , ,709.73,709.09,1600.0,200.0, , , , , ,, , 
10:07:31,-0.62,0.16,-0.44,0.35,-0.85,-0.55,0.22,-1.58,-0.87,-0.09,0.31, , , , , ,709.73,709.09,600.0,800.0, , , , , ,, , 
10:07:34,-0.55,0.24,-0.49,0.45,-0.93,-0.43,0.31,-1.58,-0.71,-0.02,0.32, , , , , ,709.72,709.09,500.0,1000.0, , , , , ,, , 
10:07:37,-0.47,0.28,-0.45,0.44,-0.93,-0.3,0.27,-1.55,-0.67,0.12,0.3, , , , , ,709.72,709.09,500.0,200.0, , , , , ,, , 
10:07:40,-0.8,0.14,-0.57,0.4,-0.9,-0.71,0.12,-1.61,-1.12,-0.1,0.32, , , , , ,709.72,709.05,500.0,400.0, , , , , ,, , 
10:07:43,-0.8,0.1,-0.52,0.34,-0.89,-0.57,0.13,-1.69,-1.32,-0.18,0.3, , , , , ,709.71,709.05,1100.0,400.0, , , , , ,, , 
10:07:46,-0.7,0.1,-0.51,0.35,-0.95,-0.44,0.15,-1.74,-1.15,-0.19,0.29, , , , , ,709.71,709.05,1000.0,900.0, , , , , ,, , 
10:07:49,-0.74,0.04,-0.47,0.28,-0.99,-0.58,0.06,-1.75,-1.17,-0.22,0.3, , , , , ,709.7,709.05,100.0,800.0, , , , , ,, , 
10:07:52,-0.83,0.1,-0.59,0.35,-1.14,-0.64,0.18,-1.64,-1.26,-0.22,0.29, , , , , ,709.7,709.06,100.0,100.0, , , , , ,, , 
10:07:55,-0.54,0.16,-0.45,0.31,-1.28,-0.32,0.27,-1.51,-0.83,-0.1,0.29, , , , , ,709.7,709.06,100.0,700.0, , , , , ,, , 
10:07:58,-0.56,0.18,-0.44,0.37,-1.41,-0.52,0.21,-1.4,-0.72,-0.06,0.29, , , , , ,709.7,709.06,100.0,900.0, , , , , ,, , 
10:08:01,-0.66,0.19,-0.52,0.39,-1.5,-0.6,0.2,-1.21,-0.88,-0.01,0.29, , , , , ,709.7,709.06,600.0,900.0, , , , , ,, , 
10:08:04,-0.76,0.11,-0.58,0.32,-1.51,-0.73,0.18,-1.09,-0.96,-0.16,0.3, , , , , ,709.68,709.06,1000.0,1000.0, , , , , ,, , 
10:08:07,-0.75,0.15,-0.53,0.37,-1.6,-0.75,0.18,-0.98,-0.97,-0.11,0.2, , , , , ,709.68,709.2,1000.0,1800.0, , , , , ,, , 
10:08:10,-0.74,0.08,-0.56,0.27,-1.5,-0.7,0.15,-0.66,-0.97,-0.2,0.2, , , , , ,709.67,709.2,500.0,800.0, , , , , ,, , 
10:08:13,-0.7,0.01,-0.36,0.26,-0.86,-0.7,0.02,0.18,-1.03,-0.24,0.71, , , , , ,709.0,708.99,4593.0,2199.0, , , , , ,, , 
10:08:16,-0.78,-0.09,-0.36,0.26,-0.93,-0.88,-0.21,0.53,-1.1,-0.33,0.71, , , , , ,709.0,708.99,5393.0,2899.0, , , , , ,, , 
10:08:19,-0.8,-0.1,-0.41,0.17,-0.86,-0.91,-0.07,0.79,-1.09,-0.41,0.72, , , , , ,709.0,708.99,4293.0,2699.0, , , , , ,, , 
10:08:22,-0.74,-0.17,-0.44,0.11,-0.95,-0.84,-0.08,0.93,-0.93,-0.55,0.75, , , , , ,709.0,708.99,4193.0,2699.0, , , , , ,, , 
10:08:25,-0.83,-0.24,-0.49,-0.01,-1.01,-0.98,-0.23,1.08,-1.04,-0.47,0.86, , , , , ,709.0,708.99,3693.0,499.0, , , , , ,, , 
10:08:28,-0.99,-0.34,-0.6,-0.08,-0.58,-1.19,-0.36,1.46,-1.17,-0.58,1.23, , , , , ,708.99,708.5,601.0,500.0, , , , , ,, , 
10:08:31,-0.85,-0.17,-0.51,0.04,-0.65,-1.06,-0.04,1.46,-0.99,-0.5,1.23, , , , , ,708.99,708.5,301.0,1100.0, , , , , ,, , 
10:08:34,-0.69,-0.09,-0.4,0.15,-0.66,-0.87,0.0,1.35,-0.79,-0.41,1.22, , , , , ,708.99,708.5,401.0,1200.0, , , , , ,, , 
10:08:37,-0.71,-0.04,-0.52,0.03,-0.62,-0.87,0.05,1.34,-0.76,-0.19,1.21, , , , , ,708.99,708.5,301.0,300.0, , , , , ,, , 
10:08:40,-0.66,-0.02,-0.42,0.13,-0.71,-0.85,0.01,1.34,-0.73,-0.2,1.21, , , , , ,708.99,708.5,301.0,300.0, , , , , ,, , 
10:08:43,-0.61,0.05,-0.56,0.16,-0.8,-0.65,0.03,1.34,-0.61,-0.04,1.21, , , , , ,708.99,708.5,201.0,200.0, , , , , ,, , 
10:08:46,-0.63,0.02,-0.53,0.16,-0.85,-0.66,0.0,1.46,-0.71,-0.11,1.21, , , , , ,708.99,708.5,201.0,200.0, , , , , ,, , 
10:08:49,-0.48,0.08,-0.4,0.17,-0.66,-0.46,0.13,1.67,-0.6,-0.05,1.42, , , , , ,708.99,708.21,101.0,100.0, , , , , ,, , 
10:08:52,-0.38,0.1,-0.28,0.19,-0.53,-0.41,0.08,1.67,-0.44,0.01,1.43, , , , , ,708.98,708.21,100.0,500.0, , , , , ,, , 
10:08:55,-0.34,0.11,-0.32,0.24,-0.07,-0.36,0.17,1.93,-0.33,-0.08,1.85, , , , , ,708.5,708.21,500.0,1000.0, , , , , ,, , 
10:08:58,-0.37,0.11,-0.3,0.28,0.05,-0.28,0.17,1.98,-0.53,-0.1,1.98, , , , , ,708.5,708.21,500.0,1000.0, , , , , ,, , 
10:09:01,-0.38,0.15,-0.31,0.25,0.44,-0.31,0.22,2.25,-0.52,-0.04,2.31, , , , , ,708.21,708.2,100.0,500.0, , , , , ,, , 
10:09:04,-0.41,0.21,-0.4,0.3,0.35,-0.32,0.33,2.1,-0.5,-0.0,2.23, , , , , ,708.5,708.2,500.0,700.0, , , , , ,, , 
10:09:07,-0.38,0.18,-0.4,0.24,0.62,-0.26,0.27,2.33,-0.48,0.01,2.33, , , , , ,708.4,708.2,300.0,700.0, , , , , ,, , 
10:09:10,-0.39,0.14,-0.41,0.23,0.88,-0.22,0.22,2.25,-0.55,-0.03,2.27, , , , , ,708.5,708.2,100.0,400.0, , , , , ,, , 
10:09:13,-0.11,0.38,-0.19,0.48,0.88,0.11,0.51,2.04,-0.24,0.16,2.06, , , , , ,708.51,708.5,100.0,200.0, , , , , ,, , 
10:09:16,-0.05,0.48,-0.12,0.56,1.39,0.1,0.61,2.21,-0.13,0.26,2.25, , , , , ,708.5,708.26,1000.0,100.0, , , , , ,, , 
10:09:19,0.13,0.5,0.08,0.58,2.02,0.24,0.51,2.54,0.06,0.4,2.63, , , , , ,708.18,708.06,100.0,300.0, , , , , ,, , 
10:09:22,-0.28,0.34,-0.27,0.47,1.62,-0.13,0.34,1.98,-0.43,0.21,2.08, , , , , ,708.97,708.06,400.0,800.0, , , , , ,, , 
10:09:25,-0.41,0.19,-0.24,0.28,2.09,-0.45,0.21,2.32,-0.53,0.08,2.42, , , , , ,708.5,708.06,200.0,800.0, , , , , ,, , 
10:09:28,-0.1,0.27,-0.03,0.41,2.25,-0.12,0.24,2.45,-0.14,0.16,2.57, , , , , ,708.2,708.18,100.0,100.0, , , , , ,, , 
10:09:31,-0.23,0.33,-0.23,0.41,2.04,-0.3,0.38,2.25,-0.16,0.21,2.48, , , , , ,708.5,708.18,1300.0,400.0, , , , , ,, , 
10:09:34,-0.61,0.03,-0.46,0.14,1.92,-0.65,0.1,2.25,-0.71,-0.15,2.67, , , , , ,708.5,708.18,1300.0,200.0, , , , , ,, , 
10:09:37,-0.66,-0.05,-0.37,0.21,2.03,-0.67,-0.09,2.35,-0.93,-0.26,2.97, , , , , ,708.5,708.03,1400.0,100.0, , , , , ,, , 
10:09:40,-0.46,0.1,-0.31,0.28,2.03,-0.5,0.12,2.35,-0.55,-0.1,3.2, , , , , ,708.5,708.03,1200.0,300.0, , , , , ,, , 
10:09:43,-0.32,0.2,-0.24,0.29,2.26,-0.37,0.25,2.61,-0.36,0.07,3.57, , , , , ,708.18,708.01,300.0,1200.0, , , , , ,, , 
10:09:46,-0.24,0.22,-0.24,0.31,2.37,-0.21,0.29,2.62,-0.27,0.06,3.67, , , , , ,708.18,708.03,300.0,100.0, , , , , ,, , 
10:09:49,-0.21,0.31,-0.23,0.38,2.37,-0.19,0.36,2.63,-0.21,0.2,3.82, , , , , ,708.18,708.03,300.0,400.0, , , , , ,, , 
10:09:52,-0.22,0.3,-0.19,0.3,2.21,-0.28,0.34,2.5,-0.19,0.26,3.8, , , , , ,708.4,708.03,100.0,200.0, , , , , ,, , 
10:09:55,-0.18,0.37,-0.24,0.35,1.79,-0.16,0.4,2.17,-0.14,0.36,3.65, , , , , ,708.5,708.4,1000.0,300.0, , , , , ,, , 
10:09:58,-0.21,0.44,-0.32,0.45,1.85,-0.18,0.49,2.16,-0.12,0.38,3.79, , , , , ,708.5,708.4,500.0,300.0, , , , , ,, , 
10:10:01,-0.09,0.57,-0.21,0.56,1.9,-0.05,0.54,2.17,-0.01,0.61,3.88, , , , , ,708.5,708.4,500.0,1200.0, , , , , ,, , 
10:10:04,-0.06,0.7,-0.41,0.67,1.56,0.07,0.66,1.75,0.14,0.79,3.56, , , , , ,708.97,708.5,100.0,200.0, , , , , ,, , 
10:10:07,0.12,0.8,-0.09,0.72,1.69,-0.04,0.79,1.61,0.49,0.89,3.61, , , , , ,709.0,708.5,701.0,1300.0, , , , , ,, , 
10:10:10,0.17,0.84,-0.06,0.73,1.3,0.01,0.81,1.1,0.57,0.97,3.28, , , , , ,709.05,709.0,100.0,700.0, , , , , ,, , 
10:10:13,0.02,0.88,-0.22,0.68,0.82,-0.25,0.89,0.49,0.54,1.06,2.88, , , , , ,709.68,709.05,200.0,100.0, , , , , ,, , 
10:10:16,-0.01,0.91,-0.31,0.78,0.81,-0.26,0.98,0.37,0.54,0.98,3.0, , , , , ,709.68,709.05,100.0,200.0, , , , , ,, , 
10:10:19,0.04,0.93,-0.29,0.72,0.3,-0.21,1.03,-0.11,0.62,1.05,2.62, , , , , ,709.73,709.68,100.0,300.0, , , , , ,, , 
10:10:22,0.05,0.97,-0.27,0.77,0.2,-0.23,1.08,-0.21,0.65,1.07,2.58, , , , , ,709.88,709.68,5000.0,500.0, , , , , ,, , 
10:10:25,0.02,1.13,-0.21,0.98,0.2,-0.36,1.28,-0.21,0.62,1.14,2.65, , , , , ,709.88,709.68,4500.0,400.0, , , , , ,, , 
10:10:28,0.02,1.14,-0.22,1.03,0.2,-0.15,1.3,-0.21,0.42,1.09,2.65, , , , , ,709.88,709.68,3400.0,300.0, , , , , ,, , 
10:10:31,0.05,1.12,-0.23,0.85,0.21,-0.1,1.39,-0.21,0.47,1.11,2.66, , , , , ,709.88,709.68,3300.0,300.0, , , , , ,, , 
10:10:34,0.08,1.04,-0.18,0.84,0.21,-0.08,1.2,-0.21,0.49,1.08,2.67, , , , , ,709.88,709.68,3400.0,300.0, , , , , ,, , 
10:10:37,0.12,1.07,-0.06,0.83,0.65,0.0,1.14,0.21,0.41,1.24,3.11, , , , , ,709.88,709.06,3200.0,100.0, , , , , ,, , 
10:10:40,-0.07,0.81,-0.28,0.61,0.22,-0.08,0.83,-0.23,0.16,0.99,2.7, , , , , ,709.86,709.68,1000.0,100.0, , , , , ,, , 
10:10:43,-0.18,0.66,-0.44,0.34,0.23,-0.2,0.77,-0.26,0.1,0.87,2.7, , , , , ,709.88,709.68,2700.0,700.0, , , , , ,, , 
10:10:46,0.13,0.9,-0.21,0.63,0.25,0.13,1.01,-0.27,0.47,1.07,2.71, , , , , ,709.88,709.68,2300.0,700.0, , , , , ,, , 
10:10:49,-0.08,0.69,-0.23,0.47,0.27,-0.15,0.65,-0.27,0.15,0.94,2.73, , , , , ,709.88,709.68,2300.0,500.0, , , , , ,, , 
10:10:52,-0.22,0.55,-0.32,0.43,0.29,-0.27,0.52,-0.27,-0.07,0.7,2.73, , , , , ,709.88,709.68,1800.0,200.0, , , , , ,, , 
10:10:55,-0.24,0.53,-0.34,0.43,0.29,-0.34,0.48,-0.27,-0.03,0.68,2.73, , , , , ,709.88,709.68,1600.0,100.0, , , , , ,, , 
10:10:58,-0.18,0.68,-0.34,0.6,0.62,-0.18,0.72,0.06,-0.03,0.71,2.99, , , , , ,709.88,709.2,100.0,500.0, , , , , ,, , 
10:11:01,-0.06,0.78,-0.27,0.56,0.09,-0.1,0.85,-0.47,0.2,0.94,2.37, , , , , ,709.96,709.88,1000.0,100.0, , , , , ,, , 
10:11:04,-0.03,0.77,-0.23,0.49,0.05,-0.17,0.73,-0.52,0.31,1.08,2.23, , , , , ,709.98,709.92,400.0,500.0, , , , , ,, , 
10:11:07,0.05,0.79,-0.2,0.38,-0.08,-0.16,0.84,-0.52,0.51,1.15,2.14, , , , , ,709.98,709.92,300.0,800.0, , , , , ,, , 
10:11:10,-0.01,0.79,-0.15,0.4,-0.23,-0.17,0.84,-0.56,0.31,1.12,2.11, , , , , ,709.98,709.96,300.0,100.0, , , , , ,, , 
10:11:13,-0.37,0.63,-0.4,0.32,-0.3,-0.51,0.61,-0.6,-0.19,0.97,2.13, , , , , ,709.98,709.88,300.0,200.0, , , , , ,, , 
10:11:16,-0.42,0.45,-0.41,0.24,-0.42,-0.52,0.42,-0.61,-0.32,0.67,2.17, , , , , ,709.98,709.88,400.0,600.0, , , , , ,, , 
10:11:19,-0.45,0.34,-0.42,0.21,-0.42,-0.56,0.32,-0.59,-0.37,0.48,2.21, , , , , ,709.98,709.88,500.0,500.0, , , , , ,, , 
10:11:22,-0.55,0.16,-0.47,0.12,-0.38,-0.63,0.09,-0.53,-0.54,0.26,2.28, , , , , ,709.92,709.88,100.0,400.0, , , , , ,, , 
10:11:25,-0.55,0.2,-0.46,0.1,-0.42,-0.62,0.19,-0.46,-0.58,0.32,2.32, , , , , ,709.98,709.88,200.0,500.0, , , , , ,, , 
10:11:28,-0.41,0.27,-0.37,0.11,-0.42,-0.45,0.31,-0.44,-0.42,0.39,2.33, , , , , ,709.98,709.88,100.0,200.0, , , , , ,, , 
10:11:31,-0.39,0.23,-0.38,0.14,-0.42,-0.47,0.15,-0.45,-0.31,0.4,2.3, , , , , ,709.98,709.88,100.0,600.0, , , , , ,, , 
10:11:34,-0.38,0.22,-0.39,0.08,-0.42,-0.43,0.22,-0.45,-0.32,0.36,2.27, , , , , ,709.98,709.88,200.0,800.0, , , , , ,, , 
