tick_time,bid,ask,bid 20,ask 20,la 20,bid 40,ask 40,la 40,bid 100,ask 100,la 100,order,price,avePrice,trans,net,askp0,bidp0,askv0,bidv0,profit,profit_rate,is_mocked,order_time,exchange_time,orderSide,new_order_status,reason
09:30:16, , , , ,2.69, , ,4.24, , ,7.57, , , , , ,718.77,718.69,7132.0,200.0, , , , , ,, , 
09:30:19, , , , ,2.79, , ,4.22, , ,7.82, , , , , ,718.77,718.76,6632.0,600.0, , , , , ,, , 
09:30:22, , , , ,3.41, , ,4.73, , ,8.83, , , , , ,718.76,718.05,700.0,400.0, , , , , ,, , 
09:30:25, , , , ,3.49, , ,4.91, , ,9.11, , , , , ,718.69,718.05,100.0,200.0, , , , , ,, , 
09:30:28, , , , ,3.55, , ,4.89, , ,9.34, , , , , ,718.75,718.0,100.0,300.0, , , , , ,, , 
09:30:31, , , , ,2.85, , ,4.08, , ,8.8, , , , , ,719.0,718.9,13100.0,2668.0, , , , , ,, , 
09:30:34, , , , ,2.99, , ,4.2, , ,8.91, , , , , ,719.0,718.9,10000.0,768.0, , , , , ,, , 
09:30:37, , , , ,3.3, , ,4.29, , ,9.15, , , , , ,719.0,718.77,4800.0,968.0, , , , , ,, , 
09:30:40, , , , ,3.46, , ,4.32, , ,9.22, , , , , ,719.0,718.9,700.0,300.0, , , , , ,, , 
09:30:43, , , , ,3.4, , ,4.24, , ,9.12, , , , , ,719.18,719.0,200.0,4500.0, , , , , ,, , 
09:30:46, , , , ,3.13, , ,3.83, , ,8.68, , , , , ,719.43,719.41,100.0,400.0, , , , , ,, , 
09:30:49, , , , ,3.25, , ,3.77, , ,8.67, , , , , ,719.5,719.43,600.0,700.0, , , , , ,, , 
09:30:52, , , , ,2.96, , ,3.43, , ,8.53, , , , , ,719.9,719.5,2500.0,1500.0, , , , , ,, , 
09:30:55, , , , ,3.24, , ,3.86, , ,9.18, , , , , ,719.48,719.43,100.0,285.0, , , , , ,, , 
09:30:58, , , , ,2.46, , ,3.19, , ,8.79, , , , , ,719.97,719.96,1300.0,100.0, , , , , ,, , 
09:31:01, , , , ,2.5, , ,3.29, , ,9.09, , , , , ,720.0,719.9,18315.0,2400.0, , , , , ,, , 
09:31:04, , , , ,2.31, , ,2.96, , ,8.96, , , , , ,720.3,720.01,100.0,7685.0, , , , , ,, , 
09:31:07, , , , ,2.15, , ,2.58, , ,8.7, , , , , ,720.43,720.3,100.0,1500.0, , , , , ,, , 
09:31:10, , , , ,1.91, , ,2.4, , ,8.54, , , , , ,720.56,720.5,1000.0,300.0, , , , , ,, , 
09:31:13, , , , ,1.62, , ,2.21, , ,8.56, , , , , ,720.66,720.6,500.0,600.0, , , , , ,, , 
09:31:16,2.51,3.67,2.15,3.28,1.53,2.56,4.3,2.1,2.83,3.42,8.68,500.0,720.69,720.69,400.0,400.0,720.69,720.66,100.0,800.0, , , ,2018-05-11 09:31:16.650000,2018-05-11 09:31:16.650000,, , 
09:31:19,2.46,3.48,2.0,2.97,1.36,2.42,4.06,1.83,2.97,3.41,8.65, , , , , ,720.94,720.69,300.0,1000.0, , , , , ,, , 
09:31:22,2.38,3.29,2.09,2.76,1.19,2.18,4.09,1.55,2.88,3.02,8.62, , , , , ,720.96,720.94,300.0,300.0, , , , , ,, , 
09:31:25,2.2,3.06,1.91,2.23,1.3,1.99,4.02,1.47,2.71,2.94,8.63, , , , , ,720.98,720.94,200.0,900.0, , , , , ,, , 
09:31:28,1.92,2.97,1.48,2.1,1.52,1.73,3.75,1.66,2.54,3.05,8.98, , , , , ,720.88,720.7,2700.0,1100.0, , , , , ,, , 
09:31:31,1.73,2.86,1.33,2.13,1.22,1.6,3.68,1.32,2.26,2.77,8.8, , , , , ,721.01,721.0,100.0,549.0, , , , , ,, , 
09:31:34,1.59,2.67,1.05,2.06,1.0,1.61,3.23,0.83,2.1,2.71,8.53, , , , , ,721.3,721.19,100.0,700.0, , , , , ,, , 
09:31:37,1.3,2.39,0.78,1.49,0.85,1.46,2.97,0.67,1.64,2.7,8.54, , , , , ,721.38,721.33,100.0,300.0, , , , , ,, , 
09:31:40,1.13,2.21,0.63,1.39,0.84,1.41,2.8,0.48,1.34,2.45,8.64, , , , , ,721.5,721.38,300.0,1300.0, , , , , ,, , 
09:31:43,0.91,1.77,0.44,1.3,0.6,1.44,2.01,-0.01,0.86,2.0,8.5, , , , , ,721.8,721.6,1000.0,300.0, , , , , ,, , 
09:31:46,0.73,1.59,0.48,1.17,0.72,1.26,1.8,-0.18,0.47,1.82,8.89, , , , , ,721.8,721.5,700.0,4700.0, , , , , ,, , 
09:31:49,0.95,1.61,0.66,1.11,0.39,1.46,1.84,-0.83,0.71,1.87,9.02, , , , , ,721.95,721.85,200.0,400.0, , , , , ,, , 
09:31:52,0.84,1.41,0.51,0.93,0.26,1.28,1.65,-1.21,0.74,1.66,9.3, , , , , ,721.99,721.98,500.0,100.0, , , , , ,, , 
09:31:55,0.8,1.41,0.63,0.99,0.64,0.86,1.64,-1.13,0.91,1.6,10.07, , , , , ,721.85,721.7,900.0,300.0, , , , , ,, , 
09:31:58,0.79,1.34,0.48,1.01,1.1,0.9,1.4,-0.71,0.98,1.6,10.89, , , , , ,721.5,721.42,600.0,1400.0, , , , , ,, , 
09:32:01,0.44,0.94,0.08,0.57,0.82,0.57,0.78,-1.15,0.67,1.46,10.64, , , , , ,721.95,721.5,100.0,400.0, , , , , ,, , 
09:32:04,0.29,0.92,0.13,0.67,0.36,0.29,0.82,-1.58,0.44,1.28,10.33, , , , , ,722.05,722.01,100.0,9200.0, , , , , ,, , 
09:32:07,0.44,1.04,0.29,0.9,0.21,0.52,0.85,-1.69,0.51,1.37,10.32, , , , , ,722.15,722.01,100.0,3900.0, , , , , ,, , 
09:32:10,-0.14,0.37,-0.6,-0.08,0.59,0.19,0.36,-1.31,-0.01,0.82,10.77, , , , , ,722.0,721.66,5900.0,100.0, , , , , ,, , 
09:32:13,-0.81,-0.18,-1.09,-0.48,0.77,-0.43,-0.18,-0.94,-0.89,0.11,11.14,-400.0,721.88,721.88,-400.0,0.0,721.9,721.43,100.0,300.0,138.16,0.48, ,2018-05-11 09:32:13.593000,2018-05-11 09:32:13.593000,, , 
09:32:16,-0.75,-0.05,-0.66,-0.37,0.79,-0.63,0.2,-0.62,-0.96,0.01,11.28, , , , , ,721.8,721.43,1500.0,100.0, , , , , ,, , 
09:32:19,-0.33,0.16,-0.26,-0.18,0.18,-0.12,0.27,-0.81,-0.61,0.4,10.78, , , , , ,722.01,722.0,1000.0,2300.0, , , , , ,, , 
09:32:22,-0.09,0.41,-0.27,-0.11,0.23,0.28,0.6,-0.35,-0.29,0.76,11.06, , , , , ,722.0,721.8,500.0,3000.0, , , , , ,, , 
09:32:25,-0.16,0.3,-0.57,-0.36,0.44,0.21,0.62,0.19,-0.11,0.65,11.38, , , , , ,721.98,721.42,715.0,500.0, , , , , ,, , 
09:32:28,-0.31,0.25,-0.7,-0.43,0.01,0.11,0.55,-0.07,-0.34,0.63,11.05, , , , , ,722.0,721.95,2115.0,200.0, , , , , ,, , 
09:32:31,-0.14,0.39,-0.44,-0.21,-0.01,0.22,0.59,-0.01,-0.21,0.79,11.11, , , , , ,721.98,721.95,200.0,700.0, , , , , ,, , 
09:32:34,0.04,0.54,-0.35,-0.09,-0.07,0.46,0.78,0.12,0.01,0.92,11.14, , , , , ,722.0,721.8,4400.0,1700.0, , , , , ,, , 
09:32:37,0.36,0.88,0.09,0.33,-0.26,0.69,1.08,0.01,0.32,1.24,11.0, , , , , ,722.04,722.0,100.0,200.0, , , , , ,, , 
09:32:40,0.26,1.01,-0.0,0.36,-0.29,0.44,1.07,0.16,0.34,1.59,11.16, , , , , ,722.0,721.98,2900.0,100.0, , , , , ,, , 
09:32:43,0.27,1.04,-0.04,0.4,-0.82,0.5,1.1,-0.09,0.36,1.61,10.87, , , , , ,722.43,722.15,70.0,200.0, , , , , ,, , 
09:32:46,0.37,0.93,0.07,0.27,-1.01,0.64,0.98,0.15,0.41,1.55,11.04, , , , , ,722.5,722.0,370.0,100.0, , , , , ,, , 
09:32:49,0.51,1.04,0.21,0.47,-1.2,0.78,1.15,0.43,0.55,1.49,11.25, , , , , ,722.53,721.8,270.0,1700.0, , , , , ,, , 
09:32:52,0.59,1.12,0.25,0.47,-1.27,0.91,1.3,0.81,0.61,1.59,11.46, , , , , ,722.04,722.0,700.0,3000.0, , , , , ,, , 
09:32:55,0.75,1.2,0.36,0.51,-1.78,1.11,1.44,0.7,0.77,1.63,11.21,500.0,722.49,722.49,500.0,500.0,722.49,722.0,100.0,1900.0, , , ,2018-05-11 09:32:55.615000,2018-05-11 09:32:55.615000,, , 
09:32:58,0.7,1.4,0.39,0.85,-2.17,1.07,1.7,0.55,0.65,1.65,10.78, , , , , ,722.53,722.49,170.0,200.0, , , , , ,, , 
09:33:01,0.91,1.52,0.66,0.95,-1.88,1.28,1.91,1.15,0.79,1.69,11.03,500.0,722.5,722.49,500.0,1000.0,722.5,722.01,100.0,600.0, , , ,2018-05-11 09:33:01.659000,2018-05-11 09:33:01.658000,, , 
09:33:04,0.89,1.38,0.47,0.77,-1.9,1.34,1.64,1.4,0.87,1.72,10.9,500.0,722.5,722.5,500.0,1500.0,722.5,722.02,1100.0,900.0, , , ,2018-05-11 09:33:04.603000,2018-05-11 09:33:04.603000,, , 
09:33:07,0.76,1.24,0.34,0.54,-1.77,1.1,1.57,1.79,0.86,1.61,10.79, , , , , ,722.25,722.04,100.0,100.0, , , , , ,, , 
09:33:10,0.51,1.1,0.13,0.43,-1.88,0.78,1.44,1.91,0.61,1.42,10.52, , , , , ,722.28,722.2,100.0,100.0, , , , , ,, , 
09:33:13,0.36,0.88,-0.01,0.29,-1.92,0.63,1.15,2.15,0.47,1.18,10.14, , , , , ,722.49,722.25,3110.0,100.0, , , , , ,, , 
09:33:16,0.29,0.78,-0.05,0.26,-1.32,0.53,0.96,2.84,0.4,1.13,10.32, , , , , ,722.2,722.04,100.0,200.0, , , , , ,, , 
09:33:19,0.19,0.71,-0.24,0.13,-0.85,0.45,0.9,3.26,0.37,1.11,10.34, , , , , ,722.04,722.02,100.0,800.0, , , , , ,, , 
09:33:22,-0.06,0.5,-0.47,-0.06,-0.52,0.3,0.66,3.77,0.0,0.9,10.04, , , , , ,722.04,722.0,100.0,1800.0, , , , , ,, , 
09:33:25,-0.02,0.44,-0.43,-0.1,-0.39,0.28,0.65,3.88,0.08,0.77,9.68, , , , , ,722.2,722.03,100.0,1000.0, , , , , ,, , 
09:33:28,-0.08,0.28,-0.47,-0.21,0.03,0.3,0.22,4.41,-0.06,0.83,9.41, , , , , ,722.0,721.8,300.0,1600.0, , , , , ,, , 
09:33:31,-0.22,0.28,-0.75,-0.28,0.08,0.17,0.13,4.69,-0.07,0.98,8.87, , , , , ,722.0,721.8,100.0,1000.0, , , , , ,, , 
09:33:34,-0.32,0.2,-0.8,-0.33,0.12,0.11,-0.07,4.78,-0.26,0.99,8.64, , , , , ,722.0,721.8,3200.0,800.0, , , , , ,, , 
09:33:37,-0.48,0.1,-1.08,-0.39,0.47,-0.11,-0.2,5.25,-0.27,0.9,8.71, , , , , ,721.94,721.42,200.0,200.0, , , , , ,, , 
09:33:40,-0.59,0.04,-0.99,-0.35,0.34,-0.44,-0.32,5.14,-0.33,0.79,8.46, , , , , ,721.94,721.79,200.0,100.0, , , , , ,, , 
09:33:43,-0.59,0.08,-1.01,-0.43,0.73,-0.54,-0.21,5.47,-0.22,0.87,8.71, , , , , ,721.98,721.41,2500.0,200.0, , , , , ,, , 
09:33:46,-0.76,-0.08,-1.18,-0.46,1.14,-0.69,-0.51,5.72,-0.41,0.73,8.79, , , , , ,721.66,721.41,300.0,100.0, , , , , ,, , 
09:33:49,-0.78,-0.03,-0.99,-0.51,2.08,-0.87,-0.37,6.55,-0.48,0.78,9.46, , , , , ,721.0,720.96,17500.0,500.0, , , , , ,, , 
09:33:52,-0.64,0.36,-0.8,-0.16,2.26,-0.8,0.0,6.74,-0.33,1.22,9.46, , , , , ,721.0,720.96,10800.0,100.0, , , , , ,, , 
09:33:55,-0.03,0.78,0.02,0.07,2.52,-0.06,0.49,7.1,-0.04,1.79,9.47, , , , , ,721.0,720.88,10300.0,1800.0, , , , , ,, , 
09:33:58,0.13,0.97,-0.17,0.3,2.73,0.35,0.65,7.42,0.21,1.97,9.38, , , , , ,721.0,720.88,10300.0,1500.0, , , , , ,, , 
09:34:01,0.18,0.79,-0.3,0.23,3.0,0.51,0.67,7.73,0.33,1.48,9.27, , , , , ,720.96,720.88,200.0,1400.0, , , , , ,, , 
09:34:04,0.08,0.84,-0.11,0.49,3.44,0.22,0.59,8.07,0.13,1.44,9.38, , , , , ,720.88,720.7,200.0,1000.0, , , , , ,, , 
09:34:07,0.54,1.13,0.3,0.54,3.53,0.76,1.23,7.96,0.55,1.63,9.1, , , , , ,720.9,720.89,100.0,500.0, , , , , ,, , 
09:34:10,0.71,1.31,0.6,0.83,3.84,0.95,1.26,8.09,0.57,1.83,9.04,500.0,721.0,720.956,500.0,2000.0,721.0,720.7,3450.0,100.0, , , ,2018-05-11 09:34:10.605000,2018-05-11 09:34:10.605000,, , 
09:34:13,1.12,1.75,1.18,1.11,4.06,1.22,1.9,8.06,0.95,2.26,8.89,500.0,721.01,721.01,193.0,2193.0,721.01,720.97,150.0,900.0, , , ,2018-05-11 09:34:13.611000,2018-05-11 09:34:13.611000,, , 
09:34:16,1.25,1.93,1.32,1.47,4.11,1.31,1.76,7.93,1.11,2.55,8.53, , , , , ,721.41,721.01,700.0,1307.0, , , , , ,, , 
09:34:19,1.2,1.97,1.02,1.24,3.84,1.2,1.96,7.53,1.37,2.72,7.89,500.0,721.8,721.8,500.0,2693.0,721.8,721.44,400.0,400.0, , , ,2018-05-11 09:34:19.614000,2018-05-11 09:34:19.614000,, , 
09:34:22,1.14,1.89,1.09,1.4,4.02,1.26,1.86,7.37,1.06,2.41,7.62,500.0,721.89,721.89,300.0,2993.0,721.89,721.8,100.0,300.0, , , ,2018-05-11 09:34:22.634000,2018-05-11 09:34:22.634000,, , 
09:34:25,1.02,1.68,0.9,1.22,4.14,1.29,1.59,7.29,0.88,2.21,7.37, , , , , ,721.95,721.89,200.0,700.0, , , , , ,, , 
09:34:28,1.22,1.64,1.12,1.17,4.33,1.61,1.62,7.36,0.93,2.15,7.28,500.0,721.96,0.0,0.0,2993.0,721.96,721.95,3400.0,100.0, , , ,2018-05-11 09:34:28.603000,2018-05-11 09:34:28.603000,, , 
09:34:31,1.48,2.17,1.4,1.8,4.58,1.84,2.23,7.45,1.21,2.47,7.18, , , , , ,721.99,721.96,200.0,1500.0, , , , , ,, , 
09:34:34,1.67,2.46,1.65,2.05,4.65,1.8,2.45,7.48,1.55,2.88,7.09,500.0,722.0,722.0,500.0,3493.0,722.0,721.99,4300.0,200.0, , , ,2018-05-11 09:34:34.609000,2018-05-11 09:34:34.609000,, , 
09:34:37,1.87,2.57,1.69,2.05,4.79,2.08,2.51,7.64,1.85,3.14,7.07,500.0,722.01,722.01,500.0,3993.0,722.01,722.0,200.0,800.0, , , ,2018-05-11 09:34:37.678000,2018-05-11 09:34:37.678000,, , 
09:34:40,1.96,2.68,1.66,2.04,4.79,2.27,2.42,7.69,1.96,3.58,6.82,500.0,722.2,0.0,0.0,3993.0,722.2,722.04,700.0,500.0, , , ,2018-05-11 09:34:40.618000,2018-05-11 09:34:40.618000,, , 
09:34:43,2.18,2.79,1.77,2.09,4.62,2.53,2.72,7.64,2.23,3.57,6.59, , , , , ,722.39,722.23,100.0,500.0, , , , , ,, , 
09:34:46,2.05,2.64,1.55,2.07,4.44,2.41,2.31,7.76,2.21,3.54,6.44,500.0,722.49,722.49,500.0,4493.0,722.49,722.43,1115.0,200.0, , , ,2018-05-11 09:34:46.727000,2018-05-11 09:34:46.726000,, , 
09:34:49,2.26,2.87,1.76,2.39,4.4,2.68,2.35,8.14,2.33,3.87,6.35,500.0,722.53,0.0,0.0,4493.0,722.53,722.52,200.0,1500.0, , , ,2018-05-11 09:34:49.582000,2018-05-11 09:34:49.582000,, , 
09:34:52,2.34,2.76,1.92,2.51,4.46,2.73,2.01,8.41,2.36,3.78,6.3, , , , , ,722.66,722.58,1000.0,500.0, , , , , ,, , 
09:34:55,2.37,3.07,1.73,2.64,4.46,2.84,2.63,8.59,2.53,3.93,6.05,500.0,723.0,723.0,500.0,4993.0,723.0,722.66,4267.0,5400.0, , , ,2018-05-11 09:34:55.598000,2018-05-11 09:34:55.598000,, , 
09:34:58,2.52,3.23,2.32,2.87,4.48,2.64,2.68,8.68,2.59,4.13,5.79, , , , , ,723.08,723.01,100.0,8300.0, , , , , ,, , 
09:35:01,2.63,3.35,2.43,2.91,4.64,2.98,2.71,8.66,2.49,4.42,5.73, , , , , ,723.2,723.08,200.0,6400.0, , , , , ,, , 
09:35:04,2.51,3.19,2.2,2.9,4.54,2.94,2.27,8.54,2.38,4.41,5.51, , , , , ,723.33,723.3,400.0,400.0, , , , , ,, , 
09:35:07,2.2,3.01,1.77,2.69,4.21,2.81,2.26,8.23,2.02,4.09,5.21, , , , , ,723.66,723.5,500.0,600.0, , , , , ,, , 
09:35:10,2.0,2.82,1.66,2.58,4.1,2.26,2.02,8.14,2.08,3.87,5.2, , , , , ,723.75,723.66,100.0,4900.0, , , , , ,, , 
09:35:13,2.23,2.95,1.93,2.79,4.04,2.6,2.08,8.05,2.17,3.97,5.25, , , , , ,724.0,723.75,300.0,4500.0, , , , , ,, , 
09:35:16,1.97,2.8,1.41,2.66,3.32,2.49,1.85,7.21,2.0,3.91,4.64, , , , , ,725.0,724.06,21510.0,1000.0, , , , , ,, , 
09:35:19,1.93,2.75,1.52,2.6,3.42,2.5,1.98,7.19,1.77,3.68,4.83, , , , , ,725.0,724.15,11410.0,100.0, , , , , ,, , 
09:35:22,2.02,2.94,1.81,2.71,3.57,2.42,2.16,7.33,1.82,3.95,5.0, , , , , ,725.0,724.15,7910.0,300.0, , , , , ,, , 
09:35:25,2.19,3.01,1.96,2.85,2.59,2.76,2.01,6.35,1.86,4.16,4.15, , , , , ,725.43,725.18,100.0,1600.0, , , , , ,, , 
09:35:28,1.93,2.78,1.83,2.51,2.85,2.44,1.76,6.56,1.53,4.05,4.46, , , , , ,725.2,725.19,1000.0,1700.0, , , , , ,, , 
09:35:31,1.45,2.67,1.43,2.36,2.9,1.81,1.71,6.53,1.11,3.95,4.54, , , , , ,725.27,725.22,100.0,1100.0, , , , , ,, , 
09:35:34,1.27,2.49,1.5,2.15,2.77,1.24,1.52,6.28,1.08,3.81,4.53, , , , , ,725.5,725.27,900.0,200.0, , , , , ,, , 
09:35:37,1.1,2.24,1.3,2.04,2.66,1.25,1.3,6.02,0.75,3.38,4.46, , , , , ,725.68,725.5,100.0,7500.0, , , , , ,, , 
09:35:40,0.88,1.81,0.93,1.76,2.79,1.25,0.79,6.06,0.45,2.89,4.55, , , , , ,725.8,725.5,200.0,7700.0, , , , , ,, , 
09:35:43,0.72,1.73,0.72,1.74,2.96,1.2,0.85,6.13,0.23,2.61,4.52, , , , , ,725.88,725.5,2500.0,7153.0, , , , , ,, , 
09:35:46,0.39,1.43,0.54,1.35,3.32,0.61,0.66,6.29,0.02,2.29,4.54, , , , , ,725.81,725.5,100.0,7053.0, , , , , ,, , 
09:35:49,0.18,1.29,0.2,1.15,3.8,0.51,0.61,6.39,-0.17,2.12,4.21, , , , , ,725.8,725.5,1200.0,7553.0, , , , , ,, , 
09:35:52,0.09,1.15,0.18,1.09,3.96,0.24,0.38,6.16,-0.16,1.99,3.79, , , , , ,725.85,725.8,100.0,600.0, , , , , ,, , 
09:35:55,0.07,1.18,0.12,1.11,3.89,0.12,0.5,5.67,-0.03,1.94,3.22, , , , , ,726.44,726.0,1500.0,8900.0, , , , , ,, , 
09:35:58,0.32,1.39,0.33,1.16,3.83,0.35,0.73,5.17,0.29,2.29,2.74, , , , , ,726.58,726.5,100.0,600.0, , , , , ,, , 
09:36:01,0.53,1.55,0.45,1.16,3.9,0.61,0.95,5.02,0.53,2.54,2.67, , , , , ,726.66,726.5,300.0,6000.0, , , , , ,, , 
09:36:04,0.53,1.46,0.53,1.15,3.91,0.51,0.81,4.79,0.55,2.43,2.27, , , , , ,726.8,726.5,800.0,4800.0, , , , , ,, , 
09:36:07,0.16,1.3,0.1,1.1,3.98,0.1,0.54,4.54,0.28,2.24,1.96, , , , , ,726.79,726.5,500.0,3200.0, , , , , ,, , 
09:36:10,0.14,1.17,0.15,0.95,4.06,0.06,0.24,4.39,0.23,2.33,1.68, , , , , ,726.8,726.5,1000.0,800.0, , , , , ,, , 
09:36:13,-0.06,1.01,-0.22,0.62,4.04,0.03,0.25,4.04,0.02,2.16,1.38, , , , , ,726.85,726.68,100.0,100.0, , , , , ,, , 
09:36:16,0.13,1.13,0.09,0.86,3.58,0.13,0.24,3.33,0.17,2.3,0.85, , , , , ,727.3,727.0,4900.0,13400.0, , , , , ,, , 
09:36:19,0.2,1.32,0.34,1.04,3.62,0.21,0.55,3.23,0.04,2.36,0.86, , , , , ,727.3,727.0,4500.0,13600.0, , , , , ,, , 
09:36:22,0.18,1.26,0.13,0.93,3.77,0.14,0.58,2.92,0.27,2.28,0.86, , , , , ,727.3,727.0,3000.0,12800.0, , , , , ,, , 
09:36:25,0.31,1.4,0.11,1.03,3.72,0.37,0.7,2.6,0.46,2.46,0.73, , , , , ,727.3,727.12,2000.0,100.0, , , , , ,, , 
09:36:28,0.33,1.53,0.08,1.15,3.75,0.22,0.77,2.01,0.68,2.67,0.66, , , , , ,727.44,727.01,100.0,400.0, , , , , ,, , 
09:36:31,0.27,1.38,0.11,0.89,3.46,0.04,0.66,1.14,0.66,2.6,0.22, , , , , ,727.5,727.44,700.0,200.0, , , , , ,, , 
09:36:34,0.33,1.44,0.17,1.03,3.36,0.06,0.77,0.88,0.76,2.51,0.08, , , , , ,727.56,727.44,800.0,400.0, , , , , ,, , 
09:36:37,0.26,1.42,-0.07,0.95,3.52,0.13,0.79,0.79,0.72,2.52,0.32, , , , , ,727.49,727.3,100.0,1200.0, , , , , ,, , 
09:36:40,0.03,1.39,-0.43,0.92,3.2,-0.13,0.75,0.35,0.65,2.51,-0.1, , , , , ,727.88,727.56,100.0,500.0, , , , , ,, , 
09:36:43,0.52,1.83,0.51,1.46,2.83,0.12,1.1,-0.13,0.91,2.92,-0.53, , , , , ,728.15,728.0,100.0,11800.0, , , , , ,, , 
09:36:46,1.14,2.17,1.35,1.73,2.86,0.76,1.46,-0.36,1.29,3.33,-0.55, , , , , ,728.28,728.0,400.0,14890.0, , , , , ,, , 
09:36:49,0.92,2.14,0.72,1.52,2.69,0.81,1.61,-0.72,1.23,3.3,-0.83, , , , , ,728.38,728.28,300.0,200.0, , , , , ,, , 
09:36:52,0.76,1.98,0.75,1.64,1.65,0.44,1.38,-1.77,1.08,2.92,-1.78, , , , , ,729.18,729.0,200.0,9900.0, , , , , ,, , 
09:36:55,1.07,2.14,1.41,1.86,1.5,0.67,1.5,-2.01,1.12,3.06,-1.99, , , , , ,729.3,729.18,100.0,800.0, , , , , ,, , 
09:36:58,1.24,2.06,1.79,1.94,1.06,0.61,1.44,-2.5,1.31,2.81,-2.3, , , , , ,729.55,729.5,400.0,200.0, , , , , ,, , 
09:37:01,1.21,1.87,1.77,1.86,1.1,0.59,1.23,-2.49,1.27,2.53,-2.34, , , , , ,729.5,729.33,100.0,200.0, , , , , ,, , 
09:37:04,0.6,1.69,1.0,1.83,0.93,-0.05,0.94,-2.61,0.84,2.29,-2.57, , , , , ,729.58,729.33,100.0,400.0, , , , , ,, , 
09:37:07,0.08,1.1,0.62,1.14,0.52,-0.59,0.36,-2.89,0.21,1.82,-2.8, , , , , ,729.63,729.5,100.0,1000.0, , , , , ,, , 
09:37:10,-0.11,1.04,0.44,1.2,0.19,-0.86,0.3,-3.21,0.07,1.62,-3.17, , , , , ,729.9,729.51,501.0,400.0, , , , , ,, , 
09:37:13,-0.31,0.73,0.13,0.81,0.04,-1.03,0.02,-3.12,-0.04,1.36,-3.1, , , , , ,729.77,729.58,100.0,400.0, , , , , ,, , 
09:37:16,-0.59,0.43,-0.4,0.48,-0.41,-1.19,-0.13,-3.45,-0.17,0.93,-3.41, , , , , ,729.98,729.77,101.0,200.0, , , , , ,, , 
09:37:19,-0.8,0.15,-0.66,0.11,-0.36,-1.33,-0.15,-3.36,-0.4,0.49,-3.27, , , , , ,729.9,729.63,200.0,2800.0, , , , , ,, , 
09:37:22,-0.12,0.75,0.21,0.89,-0.74,-0.62,0.61,-3.39,0.06,0.74,-3.36, , , , , ,730.0,729.63,1201.0,2400.0, , , , , ,, , 
09:37:25,0.43,1.13,0.93,1.16,-1.35,-0.18,0.93,-3.91,0.54,1.29,-3.78, , , , , ,730.18,730.0,700.0,100.0, , , , , ,, , 
09:37:28,0.31,1.05,0.76,0.97,-1.77,-0.27,1.04,-3.8,0.44,1.14,-3.6, , , , , ,730.0,729.97,5100.0,199.0, , , , , ,, , 
09:37:31,-0.04,0.85,0.24,0.72,-2.23,-0.47,0.63,-3.79,0.1,1.2,-3.54, , , , , ,730.0,729.85,701.0,300.0, , , , , ,, , 
09:37:34,-0.35,0.71,-0.45,0.48,-2.46,-0.58,0.35,-3.86,-0.02,1.29,-3.59, , , , , ,730.0,729.86,2301.0,200.0, , , , , ,, , 
09:37:37,-0.57,0.44,-0.98,-0.05,-2.69,-0.62,0.02,-3.86,-0.09,1.34,-3.66, , , , , ,730.0,729.86,1501.0,100.0, , , , , ,, , 
09:37:40,-0.58,0.52,-0.98,0.2,-2.85,-0.71,0.14,-4.12,-0.04,1.22,-3.92, , , , , ,730.11,730.0,4500.0,3099.0, , , , , ,, , 
09:37:43,-0.49,0.48,-0.96,0.05,-3.13,-0.6,0.01,-4.38,0.08,1.4,-4.4, , , , , ,730.43,730.11,100.0,3199.0, , , , , ,, , 
09:37:46,-0.52,0.57,-1.41,0.16,-3.32,-0.28,0.03,-4.38,0.14,1.52,-4.45, , , , , ,730.5,730.11,1300.0,2899.0, , , , , ,, , 
09:37:49,-0.58,0.5,-1.54,-0.15,-3.34,-0.45,0.1,-4.3,0.26,1.53,-4.3, , , , , ,730.5,730.0,700.0,1299.0, , , , , ,, , 
09:37:52,-0.76,0.35,-1.82,-0.33,-3.46,-0.62,0.12,-4.32,0.15,1.27,-4.29, , , , , ,730.45,730.2,1500.0,200.0, , , , , ,, , 
09:37:55,-0.88,0.29,-1.7,-0.47,-3.46,-0.89,0.12,-4.24,-0.06,1.21,-3.94, , , , , ,730.45,730.15,500.0,400.0, , , , , ,, , 
09:37:58,-0.78,0.47,-1.59,-0.33,-3.79,-0.87,0.37,-4.44,0.12,1.38,-4.33, , , , , ,730.5,730.45,500.0,200.0, , , , , ,, , 
09:38:01,-0.66,0.61,-1.55,-0.29,-3.42,-0.84,0.61,-3.85,0.41,1.5,-3.86, , , , , ,730.15,730.04,100.0,700.0, , , , , ,, , 
09:38:04,-0.53,0.73,-1.47,-0.18,-3.38,-0.64,0.91,-3.73,0.51,1.46,-3.82, , , , , ,730.04,730.0,300.0,1999.0, , , , , ,, , 
09:38:07,-0.77,0.26,-1.99,-0.71,-3.4,-0.66,0.4,-3.54,0.34,1.1,-3.81, , , , , ,730.0,729.87,5401.0,200.0, , , , , ,, , 
09:38:10,-1.1,-0.4,-2.32,-1.27,-3.22,-1.05,-0.37,-3.08,0.08,0.43,-3.3,-2500.0,729.83,729.83,-700.0,4293.0,729.85,729.58,300.0,100.0, , , ,2018-05-11 09:38:10.636000,2018-05-11 09:38:10.636000,, , 
09:38:13,-1.09,-0.12,-2.37,-1.17,-3.15,-1.06,-0.0,-2.77,0.15,0.8,-3.22, , , , , ,729.8,729.59,5200.0,100.0, , , , , ,, , 
09:38:16,-0.87,0.08,-2.08,-1.15,-2.87,-0.8,0.32,-2.14,0.26,1.07,-2.88, , , , , ,729.63,729.28,200.0,200.0, , , , , ,, , 
09:38:19,-0.6,0.35,-1.77,-1.1,-2.89,-0.24,0.85,-1.85,0.2,1.29,-2.81, , , , , ,729.57,729.28,300.0,200.0, , , , , ,, , 
09:38:22,-0.56,0.53,-1.69,-1.0,-2.85,-0.22,1.01,-1.67,0.24,1.58,-2.79, , , , , ,729.56,729.28,1000.0,500.0, , , , , ,, , 
09:38:25,-0.28,0.98,-1.38,-0.67,-2.11,0.13,1.33,-0.64,0.42,2.28,-1.99, , , , , ,729.28,728.28,200.0,300.0, , , , , ,, , 
09:38:28,-0.15,1.32,-1.35,-0.41,-2.16,0.21,1.72,-0.48,0.68,2.65,-2.2, , , , , ,729.28,728.28,200.0,600.0, , , , , ,, , 
09:38:31,0.35,1.91,-0.43,0.28,-0.85,0.58,2.26,1.04,0.9,3.21,-1.04, , , , , ,728.0,727.56,1300.0,200.0, , , , , ,, , 
09:38:34,0.57,2.32,-0.18,0.84,-1.01,0.8,2.83,1.13,1.07,3.31,-1.35, , , , , ,728.0,727.7,100.0,500.0, , , , , ,, , 
09:38:37,0.45,2.38,-0.37,0.86,-1.41,0.77,2.73,0.93,0.94,3.57,-1.89, , , , , ,728.28,728.0,2400.0,100.0, , , , , ,, , 
09:38:40,0.41,2.44,-0.18,1.01,-1.46,0.82,2.87,1.17,0.57,3.45,-1.84, , , , , ,728.2,728.01,100.0,600.0, , , , , ,, , 
09:38:43,0.68,2.12,0.4,1.01,-0.99,1.2,2.44,1.62,0.42,2.93,-1.4, , , , , ,728.02,727.56,100.0,900.0, , , , , ,, , 
09:38:46,0.52,2.0,0.3,0.99,-1.06,0.92,2.35,1.46,0.34,2.68,-1.51, , , , , ,728.2,727.57,100.0,600.0, , , , , ,, , 
09:38:49,0.41,1.8,0.24,0.95,-0.88,0.87,2.0,1.31,0.11,2.45,-1.33, , , , , ,728.2,727.3,200.0,3000.0, , , , , ,, , 
09:38:52,0.49,1.71,0.49,1.07,-0.85,0.85,2.1,1.07,0.13,1.97,-1.38, , , , , ,728.01,727.58,400.0,400.0, , , , , ,, , 
09:38:55,0.64,1.65,0.59,1.07,-0.75,1.12,1.81,1.11,0.22,2.07,-1.29, , , , , ,728.0,727.51,500.0,200.0, , , , , ,, , 
09:38:58,0.49,1.5,0.43,1.04,-0.77,0.93,1.55,1.01,0.11,1.92,-1.46, , , , , ,728.01,727.58,1200.0,100.0, , , , , ,, , 
09:39:01,0.56,1.49,0.67,0.99,-0.24,0.93,1.63,1.46,0.08,1.84,-1.06, , , , , ,727.51,727.4,53.0,100.0, , , , , ,, , 
09:39:04,0.53,1.5,0.54,1.15,-0.14,1.0,1.63,1.23,0.06,1.72,-1.08, , , , , ,727.51,727.3,53.0,2600.0, , , , , ,, , 
09:39:07,0.58,1.44,0.73,1.06,-0.28,0.96,1.6,0.72,0.06,1.67,-1.48, , , , , ,727.58,727.51,100.0,200.0, , , , , ,, , 
09:39:10,0.6,1.35,0.84,1.0,0.07,0.86,1.63,0.63,0.09,1.4,-1.38, , , , , ,727.51,727.31,100.0,47.0, , , , , ,, , 
09:39:13,0.47,1.35,0.7,1.05,0.8,0.65,1.66,0.91,0.05,1.34,-1.06, , , , , ,727.2,727.0,100.0,9647.0, , , , , ,, , 
09:39:16,0.27,1.19,0.37,0.91,0.49,0.4,1.51,0.32,0.02,1.14,-1.87, , , , , ,727.57,727.51,200.0,100.0, , , , , ,, , 
09:39:19,0.29,1.12,0.74,0.76,0.92,0.31,1.41,0.51,-0.19,1.18,-1.69, , , , , ,727.5,727.31,3500.0,100.0, , , , , ,, , 
09:39:22,0.24,1.11,0.59,0.76,1.36,0.27,1.4,0.78,-0.14,1.18,-1.33, , , , , ,727.4,727.02,10000.0,200.0, , , , , ,, , 
09:39:25,0.45,1.16,0.93,0.76,1.52,0.5,1.45,0.74,-0.07,1.29,-1.34, , , , , ,727.4,727.02,9400.0,1500.0, , , , , ,, , 
09:39:28,0.29,1.08,0.59,0.87,1.77,0.32,1.22,0.78,-0.05,1.14,-1.28, , , , , ,727.26,727.02,700.0,2200.0, , , , , ,, , 
09:39:31,0.33,0.89,0.55,0.67,1.73,0.49,0.84,0.47,-0.06,1.16,-1.6, , , , , ,727.31,727.26,300.0,400.0, , , , , ,, , 
09:39:34,0.24,0.82,0.38,0.65,2.29,0.37,0.71,0.76,-0.04,1.09,-1.52, , , , , ,727.02,727.0,1600.0,8647.0, , , , , ,, , 
09:39:37,0.33,0.99,0.74,0.81,2.48,0.22,0.89,0.84,0.02,1.28,-1.86, , , , , ,727.02,727.01,1300.0,800.0, , , , , ,, , 
09:39:40,0.3,1.0,0.53,0.92,2.5,0.13,0.83,0.69,0.25,1.26,-2.25, , , , , ,727.26,727.02,200.0,100.0, , , , , ,, , 
09:39:43,0.83,1.22,1.14,1.15,2.69,0.79,1.22,0.94,0.57,1.3,-2.3,500.0,727.02,727.02,300.0,4593.0,727.02,727.0,100.0,4947.0, , , ,2018-05-11 09:39:43.685000,2018-05-11 09:39:43.685000,, , 
09:39:46,0.69,1.16,0.8,1.15,2.53,0.59,1.22,0.86,0.67,1.1,-2.54, , , , , ,727.2,727.02,3400.0,1300.0, , , , , ,, , 
09:39:49,0.56,1.2,1.15,1.21,2.09,-0.12,1.35,0.73,0.66,1.06,-2.58, , , , , ,727.2,727.18,1900.0,200.0, , , , , ,, , 
09:39:52,0.59,1.18,1.2,1.33,1.99,0.0,1.27,0.91,0.56,0.93,-2.35, , , , , ,727.26,727.0,3795.0,4847.0, , , , , ,, , 
09:39:55,0.83,1.25,1.54,1.31,1.79,0.41,1.24,0.73,0.54,1.19,-2.32, , , , , ,727.26,727.25,3095.0,3500.0, , , , , ,, , 
09:39:58,0.95,1.26,1.64,1.3,1.75,0.57,1.19,0.81,0.65,1.27,-2.15,400.0,727.26,727.26,400.0,4993.0,727.26,727.25,2795.0,2400.0, , , ,2018-05-11 09:39:58.626000,2018-05-11 09:39:58.626000,, , 
09:40:01,1.06,1.4,1.78,1.59,1.7,0.54,1.29,0.58,0.86,1.31,-2.13, , , , , ,727.31,727.26,500.0,605.0, , , , , ,, , 
09:40:04,0.98,1.32,1.52,1.53,1.33,0.46,1.24,0.35,0.96,1.18,-2.31, , , , , ,727.4,727.26,2800.0,100.0, , , , , ,, , 
09:40:07,0.86,1.19,1.37,1.34,1.02,0.47,1.09,0.27,0.73,1.13,-2.33, , , , , ,727.4,727.25,1900.0,1705.0, , , , , ,, , 
09:40:10,0.85,1.17,1.32,1.34,0.58,0.59,1.13,-0.09,0.66,1.04,-2.52, , , , , ,727.5,727.4,700.0,1600.0, , , , , ,, , 
09:40:13,0.97,1.5,1.49,1.7,0.02,0.54,1.41,-0.46,0.88,1.38,-2.81, , , , , ,728.0,727.5,1100.0,500.0, , , , , ,, , 
09:40:16,0.68,1.47,0.96,1.51,-0.57,-0.05,1.4,-1.1,1.13,1.51,-3.19, , , , , ,728.2,728.18,5200.0,585.0, , , , , ,, , 
09:40:19,0.62,1.61,1.01,1.74,-0.57,-0.11,1.71,-1.12,0.95,1.38,-3.08, , , , , ,728.2,728.18,2900.0,400.0, , , , , ,, , 
09:40:22,0.57,1.55,0.74,1.67,-0.57,-0.02,1.6,-1.14,0.98,1.38,-2.93, , , , , ,728.2,728.18,100.0,200.0, , , , , ,, , 
09:40:25,0.77,1.76,1.02,1.95,-0.69,0.02,1.7,-1.25,1.27,1.64,-2.86, , , , , ,728.28,728.2,100.0,400.0, , , , , ,, , 
09:40:28,0.5,1.73,0.6,1.86,-1.29,-0.26,1.71,-1.77,1.18,1.61,-3.29, , , , , ,729.0,728.28,8700.0,200.0, , , , , ,, , 
09:40:31,0.43,1.75,0.55,1.72,-1.39,-0.41,1.67,-1.79,1.14,1.87,-3.1, , , , , ,729.0,728.29,6600.0,100.0, , , , , ,, , 
09:40:34,0.61,1.98,0.81,2.0,-1.49,-0.09,1.99,-1.85,1.1,1.93,-2.96, , , , , ,729.0,728.29,1000.0,1200.0, , , , , ,, , 
09:40:37,0.75,1.95,0.58,1.94,-1.55,0.29,2.05,-2.05,1.38,1.87,-3.04, , , , , ,729.13,728.38,100.0,400.0, , , , , ,, , 
09:40:40,0.22,1.43,-0.28,1.3,-2.19,-0.03,1.5,-2.8,0.99,1.48,-3.58, , , , , ,729.28,729.19,4200.0,895.0, , , , , ,, , 
09:40:43,-0.19,1.05,-0.57,0.91,-2.05,-0.53,1.07,-2.92,0.53,1.18,-3.49, , , , , ,729.19,729.18,2600.0,100.0, , , , , ,, , 
09:40:46,-0.55,0.57,-0.79,0.66,-1.3,-0.65,0.65,-2.24,-0.21,0.4,-2.77, , , , , ,728.99,728.39,4700.0,100.0, , , , , ,, , 
09:40:49,-0.97,0.13,-0.99,0.47,-1.3,-1.13,-0.15,-2.14,-0.77,0.06,-2.69, , , , , ,728.96,728.39,500.0,100.0, , , , , ,, , 
09:40:52,-1.35,-0.34,-1.47,-0.01,-0.69,-1.56,-0.66,-1.5,-1.01,-0.34,-2.12, , , , , ,728.3,728.28,100.0,100.0, , , , , ,, , 
09:40:55,-1.47,-0.49,-1.63,0.05,-1.18,-1.7,-0.69,-1.68,-1.09,-0.81,-2.68,-2500.0,728.97,728.97,-500.0,4493.0,728.99,728.3,1300.0,100.0, , , ,2018-05-11 09:40:55.613000,2018-05-11 09:40:55.613000,, , 
09:40:58,-1.38,-0.58,-1.47,-0.22,-1.1,-1.47,-0.53,-1.83,-1.18,-0.99,-2.66,-2500.0,728.94,0.0,-0.0,4493.0,728.96,728.33,100.0,100.0, , , ,2018-05-11 09:40:59.238000,2018-05-11 09:40:59.238000,, , 
09:41:01,-1.37,-0.61,-1.53,-0.33,-1.15,-1.47,-0.64,-1.73,-1.09,-0.85,-2.65,-2500.0,728.86,0.0,-0.0,4493.0,728.88,728.2,100.0,600.0, , , ,2018-05-11 09:41:02.270000,2018-05-11 09:41:02.269000,, , 
09:41:04,-1.36,-0.82,-1.6,-0.76,-0.92,-1.31,-0.77,-1.4,-1.18,-0.92,-2.27,-2500.0,728.01,728.404,-2500.0,1993.0,728.5,728.01,200.0,100.0, , , ,2018-05-11 09:41:05.288000,2018-05-11 09:41:05.288000,, , 
09:41:07,-1.32,-0.59,-1.53,-0.52,-0.32,-1.22,-0.51,-0.82,-1.22,-0.75,-1.45,-1900.0,727.98,727.98,-1100.0,893.0,728.0,727.5,200.0,500.0, , , ,2018-05-11 09:41:07.626000,2018-05-11 09:41:07.626000,, , 
09:41:10,-1.41,-0.55,-1.79,-0.72,-0.48,-1.18,-0.27,-0.59,-1.26,-0.65,-1.44, , , , , ,727.98,727.5,900.0,500.0, , , , , ,, , 
09:41:13,-1.45,-0.61,-1.7,-0.62,-0.44,-1.4,-0.5,-0.53,-1.23,-0.73,-1.31,-800.0,727.95,727.95,-800.0,93.0,727.97,727.5,100.0,600.0,27840.39,6.77, ,2018-05-11 09:41:13.619000,2018-05-11 09:41:13.619000,, , 
09:41:16,-1.29,-0.54,-1.65,-0.54,-0.62,-1.17,-0.4,-0.65,-1.05,-0.66,-1.52, , , , , ,728.17,727.5,300.0,400.0, , , , , ,, , 
09:41:19,-1.32,-0.55,-1.76,-0.47,-0.56,-1.11,-0.59,-0.56,-1.1,-0.59,-1.54, , , , , ,728.16,727.4,200.0,1000.0, , , , , ,, , 
09:41:22,-1.3,-0.47,-1.66,-0.54,-0.54,-1.18,-0.41,-0.51,-1.07,-0.46,-1.56, , , , , ,728.0,727.5,3500.0,1000.0, , , , , ,, , 
09:41:25,-1.28,-0.58,-1.49,-0.51,-0.56,-1.21,-0.61,-0.55,-1.13,-0.61,-1.57, , , , , ,727.97,727.5,100.0,400.0, , , , , ,, , 
09:41:28,-1.25,-0.56,-1.36,-0.41,-0.49,-1.3,-0.55,-0.73,-1.08,-0.71,-1.5, , , , , ,727.92,727.5,200.0,300.0, , , , , ,, , 
09:41:31,-1.12,-0.47,-1.21,-0.33,-0.39,-1.2,-0.25,-0.82,-0.95,-0.84,-1.35, , , , , ,727.75,727.5,300.0,400.0, , , , , ,, , 
09:41:34,-0.98,-0.31,-1.13,-0.17,-0.2,-0.99,-0.02,-0.8,-0.82,-0.74,-1.1, , , , , ,727.5,727.4,200.0,1000.0, , , , , ,, , 
09:41:37,-0.83,-0.23,-0.97,-0.13,-0.26,-0.87,-0.1,-0.94,-0.66,-0.45,-1.18, , , , , ,727.5,727.4,300.0,900.0, , , , , ,, , 
09:41:40,-0.83,-0.22,-1.06,-0.18,-1.07,-0.88,-0.26,-1.65,-0.56,-0.23,-1.96, , , , , ,727.98,727.96,200.0,200.0, , , , , ,, , 
09:41:43,-0.69,-0.16,-0.81,-0.18,-0.89,-0.81,-0.24,-1.27,-0.46,-0.08,-1.61, , , , , ,727.9,727.5,500.0,200.0, , , , , ,, , 
09:41:46,-0.62,-0.11,-0.85,-0.18,-0.8,-0.48,-0.02,-1.19,-0.52,-0.12,-1.58, , , , , ,727.89,727.4,200.0,500.0, , , , , ,, , 
09:41:49,-0.54,-0.09,-0.75,-0.2,-0.74,-0.35,0.02,-1.19,-0.51,-0.1,-1.56, , , , , ,727.9,727.4,400.0,300.0, , , , , ,, , 
09:41:52,-0.25,0.25,-0.21,0.21,-0.98,-0.19,0.44,-1.54,-0.35,0.08,-1.86, , , , , ,727.92,727.91,100.0,3300.0, , , , , ,, , 
09:41:55,0.0,0.58,0.14,0.61,-0.72,-0.04,0.79,-1.56,-0.1,0.32,-1.9, , , , , ,727.97,727.92,1200.0,200.0, , , , , ,, , 
09:41:58,0.35,0.66,0.35,0.65,-0.44,0.44,0.9,-1.24,0.24,0.44,-1.43, , , , , ,727.87,727.4,300.0,500.0, , , , , ,, , 
09:42:01,0.15,0.49,0.19,0.59,-0.84,0.25,0.62,-1.67,0.02,0.28,-1.8, , , , , ,727.91,727.87,800.0,200.0, , , , , ,, , 
09:42:04,0.03,0.5,0.11,0.68,-0.16,0.01,0.62,-1.01,-0.04,0.2,-1.09, , , , , ,727.4,727.31,900.0,100.0, , , , , ,, , 
09:42:07,-0.02,0.41,-0.03,0.7,-0.41,0.02,0.52,-1.35,-0.04,0.01,-1.2, , , , , ,727.5,727.4,200.0,1000.0, , , , , ,, , 
09:42:10,-0.16,0.28,-0.36,0.51,-0.1,-0.06,0.36,-1.33,-0.06,-0.04,-1.08, , , , , ,727.4,727.35,1700.0,100.0, , , , , ,, , 
09:42:13,-0.31,0.1,-0.64,0.25,-0.04,-0.18,0.05,-1.44,-0.11,0.02,-1.0, , , , , ,727.4,727.35,300.0,100.0, , , , , ,, , 
09:42:16,-0.4,0.12,-0.63,0.13,-0.12,-0.44,-0.03,-1.74,-0.13,0.27,-1.07, , , , , ,727.5,727.4,1200.0,200.0, , , , , ,, , 
09:42:19,-0.44,-0.03,-0.73,-0.07,0.05,-0.42,-0.19,-1.59,-0.18,0.16,-0.94, , , , , ,727.37,727.31,100.0,200.0, , , , , ,, , 
09:42:22,-0.36,0.01,-0.61,-0.04,0.07,-0.26,0.01,-1.5,-0.21,0.06,-0.94, , , , , ,727.35,727.31,400.0,300.0, , , , , ,, , 
09:42:25,-0.27,0.09,-0.49,0.02,0.0,-0.1,0.05,-1.5,-0.2,0.21,-1.06, , , , , ,727.35,727.31,100.0,100.0, , , , , ,, , 
09:42:28,-0.3,0.08,-0.6,-0.08,-0.2,-0.1,-0.05,-1.54,-0.2,0.36,-1.05, , , , , ,727.35,727.3,700.0,400.0, , , , , ,, , 
09:42:31,-0.04,0.33,-0.19,0.23,-0.55,0.09,0.28,-1.8,-0.01,0.5,-1.56, , , , , ,727.5,727.35,1600.0,800.0, , , , , ,, , 
09:42:34,0.19,0.47,0.05,0.42,-0.57,0.34,0.49,-1.9,0.18,0.5,-1.66, , , , , ,727.3,727.27,400.0,100.0, , , , , ,, , 
09:42:37,0.22,0.48,-0.12,0.29,-0.56,0.46,0.67,-2.08,0.33,0.49,-1.61, , , , , ,727.35,727.0,1900.0,1947.0, , , , , ,, , 
09:42:40,-0.01,0.2,-0.28,0.08,-0.53,0.03,0.13,-2.27,0.21,0.39,-1.94, , , , , ,727.3,727.0,2400.0,1447.0, , , , , ,, , 
09:42:43,0.02,0.14,-0.15,0.05,-0.52,0.03,0.22,-2.49,0.17,0.13,-1.87, , , , , ,727.3,727.0,400.0,4147.0, , , , , ,, , 
09:42:46,0.04,0.21,-0.26,0.09,0.05,0.11,0.24,-2.05,0.28,0.31,-1.32, , , , , ,727.0,726.5,6153.0,1000.0, , , , , ,, , 
09:42:49,-0.15,0.05,-0.64,-0.17,-0.54,-0.06,-0.04,-2.56,0.23,0.36,-1.9, , , , , ,727.35,727.0,2353.0,200.0, , , , , ,, , 
09:42:52,0.02,0.36,-0.12,0.16,-0.8,-0.08,0.18,-2.69,0.26,0.73,-2.02, , , , , ,727.38,727.37,100.0,447.0, , , , , ,, , 
09:42:55,0.46,0.59,0.09,0.37,-0.93,0.78,0.46,-2.63,0.5,0.94,-2.04, , , , , ,727.57,727.4,100.0,400.0, , , , , ,, , 
09:42:58,0.57,0.94,0.34,0.86,-1.25,0.63,0.96,-2.68,0.74,1.01,-2.22, , , , , ,727.7,727.59,8900.0,100.0, , , , , ,, , 
09:43:01,0.93,1.31,0.43,1.21,-0.1,1.25,1.31,-1.4,1.12,1.41,-1.08,500.0,727.0,727.0,300.0,393.0,727.0,726.5,200.0,2700.0, , , ,2018-05-11 09:43:01.619000,2018-05-11 09:43:01.619000,, , 
09:43:04,0.8,1.24,0.5,1.02,-0.82,0.91,1.29,-2.15,1.0,1.42,-1.7, , , , , ,727.4,727.02,700.0,900.0, , , , , ,, , 
09:43:07,0.69,1.03,0.39,0.65,-1.19,0.85,1.12,-2.34,0.82,1.3,-1.98, , , , , ,727.4,727.27,100.0,100.0, , , , , ,, , 
09:43:10,0.71,1.02,0.39,0.64,-1.25,0.89,1.23,-2.33,0.85,1.17,-1.86, , , , , ,727.35,727.27,1100.0,100.0, , , , , ,, , 
09:43:13,0.8,0.81,0.27,0.52,-1.42,1.11,1.03,-2.29,1.03,0.89,-1.77, , , , , ,727.37,727.35,100.0,600.0, , , , , ,, , 
09:43:16,0.7,0.9,0.27,0.65,-1.65,0.82,1.09,-2.08,1.01,0.96,-1.68, , , , , ,727.4,727.37,2300.0,100.0, , , , , ,, , 
09:43:19,0.6,0.8,0.24,0.51,-1.65,0.73,1.02,-1.98,0.83,0.86,-1.5, , , , , ,727.4,727.37,1400.0,100.0, , , , , ,, , 
09:43:22,0.75,0.95,0.49,0.74,-1.56,0.9,1.21,-1.81,0.84,0.89,-1.38, , , , , ,727.4,727.35,700.0,100.0, , , , , ,, , 
09:43:25,0.92,0.92,0.41,0.59,-1.59,1.22,1.15,-1.7,1.12,1.02,-1.29, , , , , ,727.4,727.39,600.0,100.0, , , , , ,, , 
09:43:28,0.52,0.62,0.06,0.29,-1.33,0.74,0.59,-1.28,0.76,0.97,-0.93, , , , , ,727.35,727.0,100.0,1000.0, , , , , ,, , 
09:43:31,0.62,0.68,0.15,0.49,-0.9,1.01,0.54,-0.53,0.7,1.02,-0.33, , , , , ,727.02,726.52,200.0,300.0, , , , , ,, , 
09:43:34,0.47,0.6,-0.03,0.22,-1.18,0.79,0.55,-0.37,0.66,1.02,-0.28, , , , , ,727.0,726.52,700.0,600.0, , , , , ,, , 
09:43:37,0.3,0.44,-0.39,-0.0,-1.51,0.76,0.23,-0.3,0.53,1.09,-0.28, , , , , ,727.0,726.52,200.0,600.0, , , , , ,, , 
09:43:40,0.12,0.52,-0.54,-0.02,-1.75,0.43,0.46,-0.21,0.46,1.12,-0.28, , , , , ,727.0,726.55,3100.0,300.0, , , , , ,, , 
09:43:43,-0.02,0.36,-0.7,-0.17,-1.98,0.18,0.2,-0.18,0.47,1.06,-0.24, , , , , ,727.0,726.55,3200.0,200.0, , , , , ,, , 
09:43:46,-0.17,0.29,-0.62,-0.24,-2.08,-0.17,0.3,-0.14,0.27,0.81,-0.23, , , , , ,727.0,726.55,3000.0,2500.0, , , , , ,, , 
09:43:49,-0.08,0.26,-0.47,-0.18,-2.06,-0.1,0.2,-0.13,0.32,0.76,-0.23, , , , , ,727.0,726.62,4100.0,200.0, , , , , ,, , 
09:43:52,-0.35,0.2,-0.74,-0.2,-1.87,-0.42,0.22,-0.05,0.1,0.56,-0.14, , , , , ,727.0,726.55,4100.0,2100.0, , , , , ,, , 
09:43:55,-0.33,0.12,-0.64,-0.19,-1.71,-0.35,0.2,-0.16,0.01,0.35,-0.15, , , , , ,727.0,726.62,3900.0,100.0, , , , , ,, , 
09:43:58,-0.11,0.35,-0.31,0.02,-1.59,-0.16,0.42,-0.2,0.13,0.59,-0.1, , , , , ,727.0,726.7,3700.0,1600.0, , , , , ,, , 
09:44:01,-0.05,0.18,-0.54,-0.34,-1.04,0.18,0.01,0.16,0.19,0.88,0.46, , , , , ,726.99,726.0,3800.0,1700.0, , , , , ,, , 
09:44:04,-0.29,0.13,-0.7,-0.36,-1.25,-0.07,-0.14,0.06,-0.09,0.9,0.46, , , , , ,726.62,726.49,100.0,2500.0, , , , , ,, , 
09:44:07,-0.32,0.15,-0.7,-0.35,-1.3,-0.09,0.03,0.16,-0.18,0.76,0.51, , , , , ,726.67,726.49,300.0,2000.0, , , , , ,, , 
09:44:10,-0.38,0.21,-0.75,-0.2,-0.87,-0.16,0.12,0.62,-0.23,0.71,0.98, , , , , ,726.49,726.0,1000.0,1600.0, , , , , ,, , 
09:44:13,-0.46,0.1,-0.96,-0.37,-0.75,-0.18,-0.04,0.73,-0.25,0.72,1.04, , , , , ,726.49,726.0,800.0,100.0, , , , , ,, , 
09:44:16,-0.61,0.01,-1.13,-0.42,-0.52,-0.36,-0.06,0.67,-0.36,0.52,1.17, , , , , ,726.49,726.0,400.0,400.0, , , , , ,, , 
09:44:19,-0.69,-0.11,-1.13,-0.49,-0.06,-0.47,-0.24,0.93,-0.46,0.41,1.7,-300.0,725.98,725.98,-300.0,93.0,725.99,725.98,2300.0,200.0,-560.82,-2.57, ,2018-05-11 09:44:19.622000,2018-05-11 09:44:19.622000,, , 
09:44:22,-0.55,0.1,-0.9,-0.3,-0.26,-0.33,0.19,0.51,-0.43,0.42,1.52, , , , , ,726.49,726.0,400.0,2300.0, , , , , ,, , 
09:44:25,-0.19,0.2,-0.46,-0.22,-0.47,-0.09,0.2,0.13,-0.0,0.63,1.39, , , , , ,726.5,726.49,100.0,100.0, , , , , ,, , 
09:44:28,-0.29,0.16,-0.6,-0.21,0.05,-0.06,0.23,0.57,-0.2,0.47,1.94, , , , , ,726.41,726.0,100.0,2300.0, , , , , ,, , 
09:44:31,-0.11,0.4,-0.46,0.03,0.69,0.2,0.53,1.04,-0.08,0.63,2.5, , , , , ,726.49,725.28,100.0,800.0, , , , , ,, , 
09:44:34,-0.26,0.23,-0.76,-0.14,0.83,0.01,0.22,1.05,-0.03,0.62,2.62, , , , , ,726.49,725.28,100.0,1200.0, , , , , ,, , 
09:44:37,0.02,0.4,-0.38,-0.02,1.25,0.2,0.39,1.32,0.23,0.82,3.05, , , , , ,726.0,725.28,1200.0,1300.0, , , , , ,, , 
09:44:40,-0.08,0.53,-0.84,-0.04,1.91,0.23,0.53,1.79,0.37,1.1,3.8, , , , , ,725.28,725.2,3000.0,100.0, , , , , ,, , 
09:44:43,-0.26,0.45,-0.97,-0.14,1.94,-0.04,0.3,1.77,0.24,1.2,4.13, , , , , ,725.28,725.2,500.0,400.0, , , , , ,, , 
09:44:46,-0.55,0.13,-1.49,-0.52,1.97,-0.09,0.19,1.73,-0.08,0.72,4.46, , , , , ,725.28,725.2,800.0,400.0, , , , , ,, , 
09:44:49,-0.23,0.22,-1.02,-0.5,1.92,0.35,0.36,1.65,-0.03,0.81,4.69, , , , , ,725.35,725.3,100.0,2200.0, , , , , ,, , 
09:44:52,-0.1,0.41,-0.7,-0.2,1.76,0.35,0.54,1.5,0.06,0.88,4.72, , , , , ,725.64,725.3,300.0,1700.0, , , , , ,, , 
09:44:55,-0.12,0.47,-0.66,-0.16,1.43,0.23,0.49,1.25,0.08,1.07,4.58, , , , , ,725.99,725.32,1800.0,300.0, , , , , ,, , 
09:44:58,-0.22,0.47,-0.57,-0.29,1.23,-0.13,0.71,1.06,0.04,0.98,4.5, , , , , ,725.99,725.65,1200.0,300.0, , , , , ,, , 
09:45:01,-0.03,0.56,-0.34,-0.08,1.09,0.03,0.72,1.04,0.21,1.05,4.61, , , , , ,725.99,725.65,1200.0,200.0, , , , , ,, , 
09:45:04,0.07,0.76,-0.15,0.29,1.32,-0.0,0.95,1.27,0.35,1.04,4.89, , , , , ,725.99,725.3,200.0,500.0, , , , , ,, , 
09:45:07,0.41,0.88,0.22,0.51,1.91,0.51,1.11,1.75,0.49,1.03,5.41, , , , , ,725.32,725.31,2100.0,100.0, , , , , ,, , 
09:45:10,0.29,0.87,0.11,0.53,1.31,0.34,1.12,1.18,0.44,0.97,4.82, , , , , ,725.98,725.5,700.0,300.0, , , , , ,, , 
09:45:13,0.45,0.97,0.31,0.7,1.42,0.58,1.12,1.23,0.47,1.08,4.76, , , , , ,726.0,725.5,5700.0,800.0, , , , , ,, , 
09:45:16,0.61,1.09,0.46,0.91,1.02,0.82,1.32,0.93,0.53,1.03,4.42, , , , , ,726.0,725.99,4800.0,1300.0, , , , , ,, , 
09:45:19,0.55,1.11,0.38,0.89,0.91,0.69,1.39,0.91,0.56,1.06,4.38, , , , , ,726.0,725.99,3600.0,600.0, , , , , ,, , 
09:45:22,0.37,0.99,0.43,0.93,0.8,0.41,1.31,0.85,0.27,0.74,4.33, , , , , ,726.07,725.99,100.0,700.0, , , , , ,, , 
09:45:25,0.71,1.1,0.62,1.17,0.54,0.93,1.49,0.49,0.58,0.64,4.05,500.0,726.33,726.33,200.0,293.0,726.33,726.07,100.0,500.0, , , ,2018-05-11 09:45:25.629000,2018-05-11 09:45:25.628000,, , 
09:45:28,0.94,1.4,0.84,1.3,0.28,1.11,1.84,0.2,0.87,1.07,3.72, , , , , ,726.49,726.33,910.0,600.0, , , , , ,, , 
09:45:31,1.03,1.73,0.89,1.56,0.43,1.3,2.14,-0.05,0.91,1.49,3.84,500.0,726.5,726.5,500.0,793.0,726.5,726.15,1300.0,1000.0, , , ,2018-05-11 09:45:31.630000,2018-05-11 09:45:31.630000,, , 
09:45:34,0.88,1.54,0.98,1.34,0.07,0.96,2.07,-0.73,0.7,1.23,3.17,500.0,726.61,726.61,500.0,1293.0,726.61,726.6,200.0,100.0, , , ,2018-05-11 09:45:34.623000,2018-05-11 09:45:34.623000,, , 
09:45:37,0.7,1.27,0.74,1.06,-0.03,0.87,1.68,-0.84,0.49,1.09,2.94, , , , , ,726.62,726.61,1400.0,300.0, , , , , ,, , 
09:45:40,0.71,1.61,0.72,1.33,-0.11,0.79,2.14,-1.22,0.63,1.37,2.71, , , , , ,726.63,726.61,100.0,1400.0, , , , , ,, , 
09:45:43,0.69,1.63,0.73,1.32,-0.18,0.79,2.21,-1.19,0.54,1.37,2.4, , , , , ,726.69,726.63,100.0,500.0, , , , , ,, , 
09:45:46,0.51,1.32,0.67,1.14,-0.24,0.63,1.61,-1.21,0.24,1.23,2.39, , , , , ,726.71,726.63,100.0,100.0, , , , , ,, , 
09:45:49,0.44,0.92,0.49,0.94,-0.3,0.61,1.14,-1.31,0.22,0.7,2.3, , , , , ,726.77,726.71,800.0,500.0, , , , , ,, , 
09:45:52,0.45,1.05,0.58,1.11,-0.31,0.52,1.22,-1.21,0.24,0.81,2.29, , , , , ,726.8,726.77,800.0,200.0, , , , , ,, , 
09:45:55,0.54,1.11,0.59,1.15,-0.3,0.73,1.35,-1.07,0.29,0.83,2.32, , , , , ,726.8,726.77,700.0,300.0, , , , , ,, , 
09:45:58,-0.12,0.7,0.03,0.76,0.17,0.12,0.76,-0.6,-0.51,0.58,2.78, , , , , ,726.61,726.33,1900.0,300.0, , , , , ,, , 
09:46:01,-0.66,-0.15,-0.49,0.23,-0.29,-0.49,-0.24,-1.12,-1.0,-0.46,2.13, , , , , ,726.8,726.78,4500.0,400.0, , , , , ,, , 
09:46:04,-0.65,0.09,-0.43,0.35,0.23,-0.72,0.22,-0.59,-0.78,-0.31,2.44, , , , , ,726.8,726.0,2800.0,800.0, , , , , ,, , 
09:46:07,-0.58,-0.13,-0.49,0.11,-0.23,-0.54,-0.16,-1.19,-0.71,-0.35,1.91, , , , , ,726.8,726.7,800.0,100.0, , , , , ,, , 
09:46:10,-0.68,-0.16,-0.55,0.03,-0.34,-0.88,-0.23,-1.22,-0.59,-0.28,1.72, , , , , ,726.99,726.7,3900.0,100.0, , , , , ,, , 
09:46:13,-0.65,-0.28,-0.6,-0.1,-0.2,-0.98,-0.28,-0.98,-0.38,-0.45,1.82,-1200.0,726.78,726.78,-1000.0,293.0,726.8,726.77,200.0,300.0, , , ,2018-05-11 09:46:13.732000,2018-05-11 09:46:13.732000,, , 
09:46:16,-0.75,-0.23,-0.75,-0.1,-0.1,-1.18,-0.35,-0.79,-0.33,-0.23,2.02, , , , , ,726.78,726.7,3000.0,100.0, , , , , ,, , 
09:46:19,-1.03,-0.31,-0.86,-0.23,0.14,-1.52,-0.38,-0.35,-0.71,-0.33,2.51,-200.0,726.59,726.595,-200.0,93.0,726.61,726.5,2900.0,200.0,-742.36,-0.85, ,2018-05-11 09:46:19.625000,2018-05-11 09:46:19.625000,, , 
09:46:22,-0.83,-0.03,-0.59,0.04,0.12,-1.36,-0.07,-0.25,-0.55,-0.07,2.74, , , , , ,726.6,726.51,100.0,600.0, , , , , ,, , 
09:46:25,-0.45,0.08,-0.36,0.13,-0.07,-0.82,0.06,-0.22,-0.17,0.06,3.06, , , , , ,726.61,726.6,700.0,200.0, , , , , ,, , 
09:46:28,-0.36,0.05,-0.57,0.01,-0.13,-0.55,0.03,-0.21,0.05,0.1,3.3, , , , , ,726.7,726.6,1100.0,1000.0, , , , , ,, , 
09:46:31,-0.3,0.06,-0.64,0.05,-0.5,-0.2,0.1,-0.17,-0.06,0.01,3.13, , , , , ,726.69,726.61,100.0,100.0, , , , , ,, , 
09:46:34,-0.21,0.16,-0.62,0.11,-0.8,-0.08,0.32,-0.14,0.08,0.05,3.16, , , , , ,726.7,726.61,1000.0,300.0, , , , , ,, , 
09:46:37,-0.23,-0.03,-0.52,0.01,-0.9,-0.07,0.06,-0.13,-0.1,-0.15,2.98, , , , , ,726.7,726.61,1300.0,700.0, , , , , ,, , 
09:46:40,-0.36,-0.03,-0.74,-0.11,-0.95,-0.28,-0.03,0.21,-0.07,0.04,3.25, , , , , ,726.5,726.34,1500.0,100.0, , , , , ,, , 
09:46:43,-0.36,0.07,-0.74,-0.06,-0.89,-0.21,0.19,0.22,-0.12,0.08,3.25, , , , , ,726.51,726.36,100.0,600.0, , , , , ,, , 
09:46:46,-0.1,0.32,-0.46,0.08,-1.1,-0.11,0.47,0.03,0.28,0.41,2.84, , , , , ,726.68,726.51,100.0,200.0, , , , , ,, , 
09:46:49,-0.06,0.21,-0.6,-0.04,-1.01,-0.04,0.26,0.17,0.48,0.41,2.96, , , , , ,726.69,726.36,1400.0,595.0, , , , , ,, , 
09:46:52,-0.16,0.29,-0.71,-0.01,-0.83,-0.29,0.26,0.21,0.53,0.62,2.83, , , , , ,726.53,726.5,100.0,22.0, , , , , ,, , 
09:46:55,-0.26,0.17,-0.88,-0.1,-0.83,-0.38,0.04,0.12,0.47,0.58,2.85, , , , , ,726.69,726.53,9400.0,100.0, , , , , ,, , 
09:46:58,-0.47,0.11,-0.86,-0.21,-0.79,-0.83,-0.03,0.24,0.28,0.56,2.87, , , , , ,726.68,726.53,578.0,500.0, , , , , ,, , 
09:47:01,-0.37,0.12,-0.78,-0.16,-0.92,-0.55,0.06,0.26,0.23,0.46,2.82, , , , , ,726.67,726.61,100.0,422.0, , , , , ,, , 
09:47:04,-0.58,-0.13,-1.05,-0.37,-0.68,-0.81,-0.34,0.59,0.12,0.33,3.07, , , , , ,726.5,726.42,778.0,100.0, , , , , ,, , 
09:47:07,-0.66,-0.3,-1.21,-0.33,-0.92,-0.8,-0.63,0.55,0.04,0.06,2.79, , , , , ,726.61,726.5,100.0,122.0, , , , , ,, , 
09:47:10,-0.73,-0.35,-1.12,-0.4,-0.99,-1.04,-0.62,0.39,-0.02,-0.04,2.63, , , , , ,726.68,726.67,1900.0,100.0, , , , , ,, , 
09:47:13,-0.86,-0.57,-1.17,-0.44,-0.82,-0.93,-0.87,0.45,-0.48,-0.41,2.58, , , , , ,726.68,726.67,800.0,600.0, , , , , ,, , 
09:47:16,-0.69,-0.38,-1.05,-0.43,-0.7,-0.78,-0.58,0.57,-0.23,-0.15,2.62, , , , , ,726.68,726.67,700.0,1100.0, , , , , ,, , 
09:47:19,-0.54,-0.27,-0.94,-0.34,-0.47,-0.58,-0.54,0.8,-0.1,0.06,2.64, , , , , ,726.67,726.61,1100.0,100.0, , , , , ,, , 
09:47:22,-0.3,-0.09,-0.67,-0.25,-0.36,-0.48,-0.33,0.99,0.26,0.32,2.62, , , , , ,726.67,726.61,500.0,700.0, , , , , ,, , 
09:47:25,-0.04,-0.02,-0.64,-0.19,-0.24,-0.12,-0.25,1.21,0.63,0.39,2.74, , , , , ,726.66,726.6,10400.0,1700.0, , , , , ,, , 
09:47:28,-0.54,-0.21,-1.07,-0.51,0.24,-0.77,-0.62,1.79,0.22,0.5,3.03, , , , , ,726.65,725.99,6812.0,200.0, , , , , ,, , 
09:47:31,-1.18,-0.78,-1.57,-0.79,-0.15,-1.34,-1.67,1.47,-0.63,0.14,2.54,-500.0,726.62,726.62,-200.0,-107.0,726.65,726.62,5212.0,400.0, , , ,2018-05-11 09:47:31.642000,2018-05-11 09:47:31.642000,, , 
09:47:34,-1.19,-0.34,-1.5,-0.54,1.38,-1.62,-0.89,3.07,-0.45,0.42,3.97, , , , , ,725.6,725.52,300.0,100.0, , , , , ,, , 
09:47:37,-1.02,-0.36,-1.86,-0.61,1.04,-1.38,-0.81,2.83,0.17,0.35,3.42, , , , , ,726.0,725.6,100.0,1100.0, , , , , ,, , 
09:47:40,-1.2,-0.65,-1.83,-0.79,0.78,-1.68,-1.33,2.74,-0.1,0.17,3.21, , , , , ,726.02,726.0,300.0,100.0, , , , , ,, , 
09:47:43,-1.45,-0.82,-2.42,-0.81,1.43,-1.65,-1.41,3.69,-0.28,-0.24,3.87, , , , , ,725.6,725.52,200.0,200.0, , , , , ,, , 
09:47:46,-1.12,-0.69,-1.92,-0.66,1.12,-1.33,-1.2,3.69,-0.12,-0.21,3.57, , , , , ,726.0,725.6,1000.0,1100.0, , , , , ,, , 
09:47:49,-1.09,-0.83,-1.81,-0.88,1.17,-1.28,-1.36,4.04,-0.2,-0.23,3.69,-500.0,725.6,725.6,-500.0,-607.0,726.0,725.6,300.0,600.0, , , ,2018-05-11 09:47:49.638000,2018-05-11 09:47:49.638000,, , 
09:47:52,-1.18,-0.79,-1.53,-0.83,0.91,-1.37,-1.3,3.98,-0.63,-0.24,3.37, , , , , ,726.02,726.0,200.0,300.0, , , , , ,, , 
09:47:55,-0.97,-0.56,-1.35,-0.66,0.95,-1.14,-1.03,4.09,-0.43,0.0,3.32, , , , , ,726.02,726.0,100.0,100.0, , , , , ,, , 
09:47:58,-0.68,-0.35,-1.04,-0.5,0.8,-0.96,-0.74,3.97,-0.04,0.2,3.04, , , , , ,726.39,726.02,4200.0,100.0, , , , , ,, , 
09:48:01,-0.45,-0.03,-0.92,-0.15,1.27,-0.71,-0.45,4.49,0.29,0.52,3.46, , , , , ,726.0,725.8,1300.0,100.0, , , , , ,, , 
09:48:04,-0.26,0.2,-0.71,-0.09,1.54,-0.69,-0.18,4.72,0.6,0.87,3.61, , , , , ,726.0,725.54,500.0,3400.0, , , , , ,, , 
09:48:07,-0.42,0.15,-0.81,-0.11,1.29,-0.67,-0.22,4.45,0.21,0.79,3.31, , , , , ,726.02,726.0,600.0,100.0, , , , , ,, , 
09:48:10,-0.77,0.0,-0.73,-0.25,1.48,-0.9,-0.48,4.62,-0.66,0.74,3.53, , , , , ,726.0,725.77,300.0,700.0, , , , , ,, , 
09:48:13,-0.42,0.23,-0.58,0.02,1.16,-0.37,-0.15,4.19,-0.32,0.81,3.2, , , , , ,726.3,726.02,110.0,400.0, , , , , ,, , 
09:48:16,-0.22,0.46,-0.6,0.19,1.18,-0.25,0.08,4.08,0.18,1.1,3.2, , , , , ,726.32,726.16,1010.0,600.0, , , , , ,, , 
09:48:19,0.18,0.87,-0.46,0.54,1.19,0.44,0.62,3.87,0.56,1.47,3.08, , , , , ,726.4,726.32,700.0,90.0, , , , , ,, , 
09:48:22,0.45,1.14,-0.16,0.84,1.27,0.59,0.89,3.77,0.94,1.7,2.97,700.0,726.42,726.42,600.0,-7.0,726.47,726.4,100.0,800.0, , , ,2018-05-11 09:48:22.810000,2018-05-11 09:48:22.810000,, , 
09:48:25,0.58,1.27,-0.21,0.83,1.44,0.83,1.17,3.69,1.12,1.81,2.91,100.0,726.44,726.44,100.0,93.0,726.5,726.42,200.0,100.0,-966.51,-1.9, ,2018-05-11 09:48:26.102000,2018-05-11 09:48:26.102000,, , 
09:48:28,0.62,1.36,-0.1,0.83,1.47,0.75,1.39,3.52,1.21,1.87,2.79, , , , , ,726.6,726.5,6000.0,200.0, , , , , ,, , 
09:48:31,0.65,1.4,-0.04,0.81,1.58,0.87,1.49,3.53,1.11,1.88,2.79, , , , , ,726.6,726.5,5900.0,100.0, , , , , ,, , 
09:48:34,0.66,1.31,0.03,0.84,1.71,0.82,1.28,3.25,1.14,1.8,2.8, , , , , ,726.58,726.5,100.0,200.0, , , , , ,, , 
09:48:37,0.94,1.44,0.07,0.88,1.75,1.25,1.58,2.97,1.49,1.88,2.76,500.0,726.6,726.6,500.0,593.0,726.6,726.58,3100.0,300.0, , , ,2018-05-11 09:48:37.629000,2018-05-11 09:48:37.629000,, , 
09:48:40,1.19,1.83,0.42,1.33,1.99,1.28,2.1,2.8,1.87,2.07,2.8,500.0,726.6,726.6,500.0,1093.0,726.6,726.51,1800.0,100.0, , , ,2018-05-11 09:48:40.648000,2018-05-11 09:48:40.648000,, , 
09:48:43,1.75,2.17,1.01,1.54,2.24,2.03,2.5,2.46,2.21,2.46,2.73,500.0,726.62,726.62,500.0,1593.0,726.62,726.6,100.0,2700.0, , , ,2018-05-11 09:48:43.639000,2018-05-11 09:48:43.639000,, , 
09:48:46,1.9,2.38,1.21,1.81,2.53,2.28,2.61,2.44,2.21,2.72,2.73, , , , , ,726.65,726.62,3912.0,800.0, , , , , ,, , 
09:48:49,1.94,2.41,1.03,1.69,2.85,2.29,2.64,2.42,2.48,2.91,2.74,500.0,726.66,726.53,500.0,2093.0,726.66,726.65,7412.0,500.0, , , ,2018-05-11 09:48:49.628000,2018-05-11 09:48:49.628000,, , 
09:48:52,2.02,2.62,1.43,1.87,3.04,2.21,2.8,2.42,2.41,3.19,2.74,500.0,726.7,726.7,500.0,2593.0,726.7,726.68,700.0,300.0, , , ,2018-05-11 09:48:52.686000,2018-05-11 09:48:52.686000,, , 
09:48:55,2.03,2.47,1.36,1.77,3.12,2.13,2.74,2.42,2.6,2.91,2.76,500.0,726.71,0.0,0.0,2593.0,726.71,726.7,100.0,300.0, , , ,2018-05-11 09:48:55.635000,2018-05-11 09:48:55.635000,, , 
09:48:58,1.89,2.43,1.36,1.95,3.21,1.78,2.58,2.4,2.53,2.77,2.71, , , , , ,726.78,726.72,600.0,200.0, , , , , ,, , 
09:49:01,1.85,2.14,1.09,1.6,3.0,1.92,2.26,1.86,2.53,2.55,2.42,500.0,726.99,726.99,500.0,3093.0,726.99,726.98,3600.0,800.0, , , ,2018-05-11 09:49:01.739000,2018-05-11 09:49:01.739000,, , 
09:49:04,1.51,2.1,1.12,1.57,3.2,1.46,2.15,1.79,1.95,2.59,2.59, , , , , ,727.0,726.75,12100.0,100.0, , , , , ,, , 
09:49:07,1.38,1.99,0.96,1.44,3.15,1.49,2.04,1.63,1.69,2.5,2.51, , , , , ,727.0,726.9,9700.0,200.0, , , , , ,, , 
09:49:10,1.29,1.8,0.85,1.41,3.08,1.33,1.77,1.51,1.7,2.22,2.48, , , , , ,727.0,726.99,2500.0,1000.0, , , , , ,, , 
09:49:13,1.56,1.88,1.07,1.41,3.02,1.83,2.01,1.51,1.78,2.22,2.5, , , , , ,727.02,727.0,400.0,9600.0, , , , , ,, , 
09:49:16,1.66,2.23,1.27,1.75,2.95,2.05,2.35,1.58,1.67,2.59,2.47,500.0,727.1,727.1,500.0,3593.0,727.1,727.02,5100.0,200.0, , , ,2018-05-11 09:49:16.626000,2018-05-11 09:49:16.626000,, , 
09:49:19,1.8,2.32,1.3,1.88,2.55,2.43,2.37,1.47,1.66,2.7,2.18,500.0,727.49,727.49,500.0,4093.0,727.49,727.13,900.0,300.0, , , ,2018-05-11 09:49:19.627000,2018-05-11 09:49:19.627000,, , 
09:49:22,1.7,2.2,1.3,1.87,2.31,2.42,2.29,1.44,1.39,2.44,2.0,500.0,727.5,727.5,213.0,4306.0,727.5,727.49,5808.0,1000.0, , , ,2018-05-11 09:49:22.636000,2018-05-11 09:49:22.636000,, , 
09:49:25,1.59,2.06,1.19,1.76,2.19,2.23,2.11,1.76,1.35,2.3,1.97, , , , , ,727.6,727.5,200.0,4287.0, , , , , ,, , 
09:49:28,1.25,1.93,1.26,1.58,1.99,1.75,1.89,1.91,0.72,2.33,1.86, , , , , ,727.7,727.63,5300.0,200.0, , , , , ,, , 
09:49:31,1.31,1.85,1.29,1.62,1.88,1.73,1.82,1.61,0.92,2.11,1.82, , , , , ,727.8,727.7,2000.0,4800.0, , , , , ,, , 
09:49:34,1.42,2.02,1.56,1.88,1.46,1.48,1.95,1.52,1.23,2.23,1.74, , , , , ,727.88,727.8,1000.0,16590.0, , , , , ,, , 
09:49:37,1.03,1.61,1.09,1.44,1.19,0.91,1.47,1.28,1.09,1.92,1.75, , , , , ,727.89,727.88,100.0,3500.0, , , , , ,, , 
09:49:40,0.52,1.49,0.93,1.3,0.88,0.3,1.09,1.15,0.34,2.08,1.72, , , , , ,728.0,727.9,7000.0,1300.0, , , , , ,, , 
09:49:43,0.51,1.49,1.11,1.28,0.11,0.28,1.28,0.66,0.15,1.9,1.23, , , , , ,728.5,728.14,100.0,500.0, , , , , ,, , 
09:49:46,0.27,1.08,0.76,0.95,-0.54,-0.03,0.77,-0.19,0.08,1.51,0.6, , , , , ,728.9,728.7,200.0,100.0, , , , , ,, , 
09:49:49,0.25,0.89,0.58,0.58,-0.56,-0.12,0.76,-0.2,0.3,1.34,0.61, , , , , ,728.95,728.7,100.0,100.0, , , , , ,, , 
09:49:52,0.18,1.03,0.85,0.84,-0.72,-0.26,0.88,-0.54,-0.05,1.38,0.49, , , , , ,728.99,728.95,400.0,800.0, , , , , ,, , 
09:49:55,0.14,0.86,0.64,0.65,-0.72,-0.29,0.7,-0.42,0.07,1.21,0.51, , , , , ,729.0,728.99,12800.0,900.0, , , , , ,, , 
09:49:58,0.25,0.99,0.75,0.91,-0.87,-0.2,0.81,-0.59,0.21,1.24,0.38, , , , , ,729.25,728.99,100.0,5100.0, , , , , ,, , 
09:50:01,0.54,1.24,1.03,0.9,-1.27,0.01,1.27,-0.78,0.58,1.55,0.26, , , , , ,729.27,729.25,2900.0,1300.0, , , , , ,, , 
09:50:04,0.47,1.29,1.13,0.97,-1.51,-0.09,1.24,-0.8,0.38,1.65,0.23, , , , , ,729.28,729.27,3505.0,1700.0, , , , , ,, , 
09:50:07,0.38,1.09,0.91,0.89,-1.38,-0.15,1.09,-0.76,0.38,1.29,0.45, , , , , ,729.28,729.0,1905.0,4700.0, , , , , ,, , 
09:50:10,0.22,1.01,0.66,0.87,-1.62,-0.25,0.96,-0.95,0.26,1.21,0.35, , , , , ,729.28,729.27,1505.0,100.0, , , , , ,, , 
09:50:13,0.23,0.96,0.62,0.8,-1.58,-0.32,0.81,-0.98,0.38,1.27,0.4, , , , , ,729.28,729.25,305.0,1500.0, , , , , ,, , 
09:50:16,0.08,0.86,0.52,0.81,-1.25,-0.55,0.57,-0.76,0.28,1.2,0.67, , , , , ,729.22,729.03,500.0,500.0, , , , , ,, , 
09:50:19,0.08,0.65,0.34,0.7,-1.04,-0.44,0.44,-0.8,0.35,0.8,0.77, , , , , ,729.25,729.03,700.0,500.0, , , , , ,, , 
09:50:22,0.09,0.43,0.26,0.57,-0.83,-0.42,0.28,-0.83,0.43,0.43,0.78, , , , , ,729.27,729.03,100.0,500.0, , , , , ,, , 
09:50:25,0.19,0.54,0.15,0.53,-0.59,-0.24,0.45,-0.89,0.68,0.65,0.6, , , , , ,729.28,729.25,5.0,100.0, , , , , ,, , 
09:50:28,0.12,0.49,0.17,0.48,0.04,-0.34,0.41,-0.68,0.55,0.58,0.92, , , , , ,729.03,729.0,300.0,5500.0, , , , , ,, , 
09:50:31,0.01,0.33,-0.05,0.33,-0.13,-0.4,0.25,-0.73,0.49,0.4,0.89, , , , , ,729.03,729.01,100.0,300.0, , , , , ,, , 
09:50:34,-0.21,0.15,-0.35,0.17,-0.29,-0.73,0.03,-0.99,0.46,0.26,0.67, , , , , ,729.25,729.08,7300.0,600.0, , , , , ,, , 
09:50:37,-0.42,0.06,-0.57,0.05,0.55,-0.82,-0.13,-0.17,0.14,0.24,1.72, , , , , ,729.03,727.8,400.0,11990.0, , , , , ,, , 
09:50:40,-0.32,0.25,-0.43,0.2,0.52,-0.68,0.18,-0.09,0.14,0.37,1.8, , , , , ,729.02,727.8,100.0,11790.0, , , , , ,, , 
09:50:43,-0.35,0.15,-0.59,0.17,0.58,-0.47,0.09,-0.01,-0.0,0.19,1.86, , , , , ,728.95,727.8,100.0,11390.0, , , , , ,, , 
09:50:46,-0.36,0.18,-0.72,0.03,0.36,-0.48,0.15,-0.01,0.11,0.37,1.85, , , , , ,729.0,727.8,2700.0,11190.0, , , , , ,, , 
09:50:49,-0.16,0.34,-0.5,0.17,0.34,-0.32,0.29,0.06,0.35,0.57,1.86, , , , , ,729.0,727.88,2400.0,100.0, , , , , ,, , 
09:50:52,-0.13,0.43,-0.64,0.23,0.18,-0.17,0.34,0.02,0.42,0.72,1.87, , , , , ,729.0,727.88,1800.0,100.0, , , , , ,, , 
09:50:55,-0.03,0.51,-0.4,0.42,0.25,-0.21,0.46,-0.11,0.52,0.65,1.79, , , , , ,729.0,728.0,300.0,300.0, , , , , ,, , 
09:50:58,0.13,0.62,-0.29,0.48,0.26,-0.16,0.55,-0.12,0.85,0.84,1.81, , , , , ,729.0,728.0,200.0,200.0, , , , , ,, , 
09:51:01,0.26,0.78,-0.19,0.54,0.24,-0.1,0.64,-0.14,1.07,1.15,1.79, , , , , ,729.03,728.0,300.0,300.0, , , , , ,, , 
09:51:04,0.33,1.01,-0.14,0.76,1.17,0.06,0.96,0.75,1.07,1.32,2.72, , , , , ,727.88,727.8,100.0,8990.0, , , , , ,, , 
09:51:07,0.34,0.97,-0.16,0.8,1.02,0.28,1.11,0.79,0.9,1.0,2.75, , , , , ,727.88,727.8,500.0,8790.0, , , , , ,, , 
09:51:10,0.05,0.81,-0.43,0.58,0.32,-0.08,0.92,0.14,0.67,0.93,2.04, , , , , ,728.77,727.93,100.0,100.0, , , , , ,, , 
09:51:13,0.01,0.7,-0.46,0.43,0.29,0.03,0.62,0.2,0.47,1.05,2.06, , , , , ,728.8,727.88,2100.0,300.0, , , , , ,, , 
09:51:16,0.03,0.73,-0.31,0.61,0.92,0.07,0.63,0.91,0.34,0.94,2.67, , , , , ,728.0,727.81,1600.0,379.0, , , , , ,, , 
09:51:19,-0.06,0.58,-0.42,0.47,0.41,0.03,0.47,0.47,0.19,0.79,2.2, , , , , ,728.7,727.81,1300.0,474.0, , , , , ,, , 
09:51:22,-0.23,0.69,-0.54,0.33,-0.63,-0.24,0.62,-0.56,0.09,1.12,1.16, , , , , ,729.01,729.0,200.0,11900.0, , , , , ,, , 
09:51:25,0.18,1.15,-0.06,0.54,-0.54,0.25,1.35,-0.61,0.35,1.58,1.11, , , , , ,729.04,729.0,100.0,10500.0, , , , , ,, , 
09:51:28,0.48,1.08,0.12,0.54,-0.72,0.44,1.26,-0.64,0.88,1.45,1.06, , , , , ,729.08,729.0,200.0,10000.0, , , , , ,, , 
09:51:31,0.5,1.19,0.07,0.54,-0.89,0.48,1.31,-0.77,0.95,1.71,0.97, , , , , ,729.14,729.13,100.0,900.0, , , , , ,, , 
09:51:34,0.37,1.03,0.19,0.58,-0.08,-0.03,1.13,0.11,0.95,1.37,1.81, , , , , ,729.0,728.0,1000.0,900.0, , , , , ,, , 
09:51:37,0.24,0.75,0.11,0.39,-1.16,0.01,0.73,-0.72,0.6,1.11,0.94, , , , , ,729.2,729.05,3500.0,100.0, , , , , ,, , 
09:51:40,0.09,0.59,0.03,0.26,-0.22,0.02,0.56,0.13,0.23,0.95,1.82, , , , , ,729.0,728.0,300.0,300.0, , , , , ,, , 
09:51:43,-0.02,0.45,-0.12,0.39,-0.9,0.04,0.47,-0.57,0.01,0.49,1.06, , , , , ,729.03,729.0,100.0,300.0, , , , , ,, , 
09:51:46,-0.06,0.4,-0.2,0.33,-0.23,-0.09,0.37,0.09,0.11,0.48,1.69, , , , , ,729.0,728.12,6000.0,300.0, , , , , ,, , 
09:51:49,-0.04,0.44,-0.28,0.27,-0.13,0.03,0.46,0.09,0.14,0.61,1.67, , , , , ,729.0,728.15,3400.0,700.0, , , , , ,, , 
09:51:52,0.21,0.7,0.08,0.55,-0.17,0.29,0.74,0.14,0.27,0.82,1.64, , , , , ,729.0,728.15,1500.0,1400.0, , , , , ,, , 
09:51:55,0.36,0.77,0.18,0.54,-0.21,0.49,0.93,0.19,0.39,0.85,1.6, , , , , ,728.99,728.15,100.0,1500.0, , , , , ,, , 
09:51:58,0.27,0.72,0.02,0.43,-0.81,0.31,0.75,-0.4,0.47,0.96,0.97, , , , , ,729.02,729.0,100.0,200.0, , , , , ,, , 
09:52:01,0.29,0.69,0.06,0.38,-0.24,0.31,0.74,0.22,0.51,0.97,1.52, , , , , ,729.0,728.18,2700.0,600.0, , , , , ,, , 
09:52:04,0.22,0.6,-0.02,0.38,-0.28,0.19,0.58,0.23,0.49,0.85,1.45, , , , , ,729.0,728.18,1000.0,200.0, , , , , ,, , 
09:52:07,0.14,0.5,-0.05,0.25,-0.21,0.13,0.49,0.28,0.34,0.74,1.45, , , , , ,728.95,728.19,400.0,700.0, , , , , ,, , 
09:52:10,0.09,0.4,-0.16,0.13,-0.2,-0.01,0.4,0.28,0.45,0.66,1.51, , , , , ,729.0,728.18,2300.0,100.0, , , , , ,, , 
09:52:13,0.18,0.48,-0.19,0.17,-0.16,0.11,0.48,0.31,0.62,0.8,1.58, , , , , ,729.0,728.19,2200.0,200.0, , , , , ,, , 
09:52:16,0.28,0.68,-0.12,0.32,0.15,0.14,0.69,0.55,0.81,1.04,1.88, , , , , ,728.6,728.31,100.0,200.0, , , , , ,, , 
09:52:19,0.06,0.43,-0.36,0.15,-0.07,-0.1,0.44,0.34,0.65,0.71,1.76, , , , , ,728.99,728.31,800.0,200.0, , , , , ,, , 
09:52:22,-0.27,0.19,-0.53,0.05,0.08,-0.39,0.11,0.57,0.11,0.41,1.95, , , , , ,728.88,728.19,100.0,200.0, , , , , ,, , 
09:52:25,-0.29,0.14,-0.49,0.03,0.04,-0.35,0.06,0.6,-0.03,0.34,1.98, , , , , ,728.89,728.19,500.0,200.0, , , , , ,, , 
09:52:28,-0.33,0.11,-0.62,-0.09,-0.24,-0.35,0.11,0.36,-0.03,0.31,1.73, , , , , ,728.88,728.63,1000.0,90.0, , , , , ,, , 
09:52:31,-0.48,-0.1,-0.72,-0.16,0.45,-0.46,-0.11,1.13,-0.27,-0.03,2.46, , , , , ,728.31,728.19,300.0,100.0, , , , , ,, , 
09:52:34,-0.49,-0.05,-0.71,-0.25,0.24,-0.59,0.04,0.98,-0.18,0.06,2.23, , , , , ,728.6,728.2,500.0,100.0, , , , , ,, , 
09:52:37,-0.57,-0.09,-0.81,-0.3,0.32,-0.57,-0.16,1.08,-0.32,0.21,2.25, , , , , ,728.6,728.13,800.0,67.0, , , , , ,, , 
09:52:40,-0.64,-0.09,-0.79,-0.27,0.65,-0.65,-0.08,1.47,-0.47,0.08,2.56, , , , , ,728.13,728.12,4933.0,100.0, , , , , ,, , 
09:52:43,-0.52,0.25,-0.65,0.04,0.18,-0.58,0.56,1.04,-0.34,0.14,2.04, , , , , ,728.8,728.13,733.0,300.0, , , , , ,, , 
09:52:46,-0.12,0.26,-0.28,0.04,0.16,-0.17,0.35,1.01,0.09,0.4,1.98, , , , , ,728.88,728.13,733.0,100.0, , , , , ,, , 
09:52:49,0.19,0.43,-0.16,0.18,0.24,0.29,0.66,1.09,0.44,0.45,2.04, , , , , ,728.75,728.2,500.0,4500.0, , , , , ,, , 
09:52:52,0.42,0.56,-0.12,0.15,0.28,0.47,0.69,1.18,0.92,0.82,2.0, , , , , ,728.75,728.2,300.0,4800.0, , , , , ,, , 
09:52:55,0.27,0.45,-0.19,0.12,0.47,0.2,0.66,1.37,0.79,0.58,2.16, , , , , ,728.5,728.23,300.0,1267.0, , , , , ,, , 
09:52:58,0.38,0.62,-0.07,0.22,0.49,0.21,0.71,1.41,0.99,0.94,2.17, , , , , ,728.5,728.23,100.0,1067.0, , , , , ,, , 
09:53:01,0.38,0.71,-0.09,0.25,0.39,0.24,0.82,1.34,1.0,1.06,2.02, , , , , ,728.7,728.23,100.0,1967.0, , , , , ,, , 
09:53:04,0.5,0.91,-0.0,0.42,0.41,0.5,1.05,1.34,1.0,1.27,2.04, , , , , ,728.7,728.23,100.0,2567.0, , , , , ,, , 
09:53:07,0.47,0.68,-0.0,0.23,0.72,0.51,0.86,1.66,0.91,0.94,2.29, , , , , ,728.3,728.21,200.0,300.0, , , , , ,, , 
09:53:10,0.39,0.71,0.01,0.23,0.44,0.27,0.86,1.45,0.89,1.04,1.99, , , , , ,728.74,728.21,100.0,1400.0, , , , , ,, , 
09:53:13,0.24,0.63,-0.07,0.19,0.31,0.13,0.66,1.32,0.67,1.05,1.8, , , , , ,728.69,728.5,2100.0,100.0, , , , , ,, , 
09:53:16,0.23,0.58,-0.02,0.13,0.36,0.17,0.77,1.4,0.55,0.84,1.79, , , , , ,728.69,728.5,1900.0,300.0, , , , , ,, , 
09:53:19,0.25,0.57,-0.0,0.18,0.42,0.21,0.79,1.52,0.53,0.74,1.8, , , , , ,728.69,728.5,1800.0,1700.0, , , , , ,, , 
09:53:22,0.28,0.66,0.01,0.15,0.48,0.17,0.86,1.54,0.68,0.96,1.75, , , , , ,728.7,728.5,500.0,500.0, , , , , ,, , 
09:53:25,0.33,0.7,0.04,0.25,0.54,0.21,0.91,1.54,0.72,0.95,1.75, , , , , ,728.68,728.5,200.0,800.0, , , , , ,, , 
09:53:28,0.54,0.94,0.2,0.47,0.7,0.61,1.18,1.61,0.8,1.16,1.86, , , , , ,728.52,728.5,5.0,800.0, , , , , ,, , 
09:53:31,0.61,0.98,0.26,0.47,0.65,0.75,1.31,1.46,0.83,1.16,1.69, , , , , ,728.7,728.5,605.0,600.0, , , , , ,, , 
09:53:34,0.69,1.1,0.24,0.53,0.7,0.82,1.44,1.44,1.01,1.32,1.68, , , , , ,728.7,728.5,505.0,1700.0, , , , , ,, , 
09:53:37,0.71,1.13,0.31,0.67,0.76,0.89,1.41,1.47,0.92,1.31,1.65,300.0,728.69,728.69,300.0,4606.0,728.69,728.5,2200.0,1800.0, , , ,2018-05-11 09:53:37.656000,2018-05-11 09:53:37.656000,, , 
09:53:40,0.66,1.04,0.23,0.64,0.82,0.9,1.17,1.54,0.85,1.32,1.6, , , , , ,728.69,728.5,1300.0,1900.0, , , , , ,, , 
09:53:43,0.73,1.02,0.36,0.65,0.86,1.04,1.17,1.56,0.8,1.24,1.53, , , , , ,728.69,728.5,900.0,1400.0, , , , , ,, , 
09:53:46,0.61,0.97,0.31,0.55,0.88,0.79,1.01,1.57,0.74,1.37,1.44, , , , , ,728.7,728.5,1005.0,1200.0, , , , , ,, , 
09:53:49,0.74,1.16,0.41,0.7,0.79,1.01,1.38,1.5,0.8,1.4,1.25, , , , , ,728.7,728.69,405.0,3200.0, , , , , ,, , 
09:53:52,0.83,1.22,0.52,0.87,0.87,1.16,1.25,1.52,0.82,1.54,1.2,300.0,728.7,0.0,0.0,4606.0,728.7,728.69,105.0,3300.0, , , ,2018-05-11 09:53:52.730000,2018-05-11 09:53:52.730000,, , 
09:53:55,0.87,1.25,0.48,0.74,0.88,1.2,1.45,1.48,0.93,1.54,1.16, , , , , ,728.75,728.7,200.0,695.0, , , , , ,, , 
09:53:58,0.78,1.17,0.38,0.69,0.93,0.95,1.27,1.51,1.0,1.54,1.16, , , , , ,728.75,728.69,200.0,1995.0, , , , , ,, , 
09:54:01,0.73,1.15,0.26,0.66,0.95,1.02,1.39,1.46,0.89,1.41,1.11, , , , , ,728.76,728.75,200.0,100.0, , , , , ,, , 
09:54:04,0.76,1.11,0.34,0.72,0.9,1.05,1.19,1.42,0.9,1.42,0.98, , , , , ,728.81,728.77,300.0,100.0, , , , , ,, , 
09:54:07,0.68,0.84,0.34,0.49,0.94,0.88,0.96,1.44,0.81,1.05,0.92, , , , , ,728.8,728.77,300.0,100.0, , , , , ,, , 
09:54:10,0.42,0.53,0.3,0.39,1.03,0.39,0.51,1.46,0.58,0.7,0.84, , , , , ,728.81,728.74,100.0,200.0, , , , , ,, , 
09:54:13,0.47,0.61,0.35,0.47,1.0,0.48,0.69,1.4,0.56,0.67,0.68, , , , , ,728.86,728.8,2200.0,1200.0, , , , , ,, , 
09:54:16,0.61,0.83,0.4,0.71,0.97,0.68,0.94,1.3,0.76,0.84,0.53, , , , , ,729.0,728.8,1033.0,900.0, , , , , ,, , 
09:54:19,1.19,1.1,0.84,0.88,1.05,1.43,1.29,1.27,1.3,1.12,0.41,300.0,729.0,729.0,300.0,4906.0,729.0,728.86,933.0,500.0, , , ,2018-05-11 09:54:19.726000,2018-05-11 09:54:19.726000,, , 
09:54:22,1.21,1.4,0.79,0.92,1.09,1.41,1.65,1.26,1.44,1.64,0.43, , , , , ,729.05,728.8,900.0,766.0, , , , , ,, , 
09:54:25,1.31,1.39,0.81,0.97,0.92,1.56,1.61,1.08,1.56,1.59,0.27, , , , , ,729.05,729.03,100.0,400.0, , , , , ,, , 
09:54:28,1.27,1.34,0.81,1.06,0.89,1.73,1.6,1.06,1.27,1.37,0.26, , , , , ,729.05,729.03,100.0,300.0, , , , , ,, , 
09:54:31,1.6,1.57,1.5,1.17,0.82,2.01,1.97,1.06,1.29,1.58,0.22, , , , , ,729.08,729.05,200.0,25700.0, , , , , ,, , 
09:54:34,1.68,1.77,1.35,1.32,0.69,2.07,2.11,0.93,1.61,1.88,0.03, , , , , ,729.2,729.1,8600.0,300.0, , , , , ,, , 
09:54:37,1.81,2.01,1.39,1.61,0.68,2.25,2.4,0.88,1.79,2.02,-0.03, , , , , ,729.25,729.1,4000.0,300.0, , , , , ,, , 
09:54:40,1.85,2.1,1.49,1.87,0.68,2.2,2.34,0.82,1.86,2.11,-0.1, , , , , ,729.25,729.2,1900.0,1700.0, , , , , ,, , 
09:54:43,1.89,2.1,1.59,1.77,0.68,2.24,2.44,0.76,1.85,2.09,-0.15, , , , , ,729.25,729.23,300.0,1000.0, , , , , ,, , 
09:54:46,1.85,1.89,1.48,1.57,0.71,2.03,2.03,0.76,2.04,2.08,-0.16, , , , , ,729.24,729.23,100.0,700.0, , , , , ,, , 
09:54:49,1.61,1.73,1.3,1.53,0.73,1.87,1.83,0.72,1.65,1.81,-0.23, , , , , ,729.3,729.23,200.0,100.0, , , , , ,, , 
09:54:52,1.48,1.71,1.34,1.59,0.63,1.66,1.66,0.57,1.43,1.89,-0.38, , , , , ,729.44,729.25,800.0,1100.0, , , , , ,, , 
09:54:55,1.35,1.58,1.22,1.47,0.46,1.5,1.59,0.36,1.34,1.69,-0.57, , , , , ,729.5,729.44,500.0,400.0, , , , , ,, , 
09:54:58,1.31,1.46,1.14,1.36,0.6,1.44,1.35,0.46,1.35,1.66,-0.56, , , , , ,729.44,729.32,300.0,600.0, , , , , ,, , 
09:55:01,1.16,1.43,0.95,1.33,0.6,1.38,1.42,0.44,1.14,1.56,-0.76, , , , , ,729.44,729.32,100.0,500.0, , , , , ,, , 
09:55:04,1.06,1.43,0.88,1.34,0.38,1.29,1.32,0.14,1.0,1.62,-1.19, , , , , ,729.58,729.52,200.0,400.0, , , , , ,, , 
09:55:07,0.98,1.33,0.78,1.21,0.53,1.32,1.33,0.24,0.85,1.45,-1.33, , , , , ,729.58,729.32,100.0,200.0, , , , , ,, , 
09:55:10,0.73,1.14,0.49,1.13,0.5,0.93,1.11,0.29,0.76,1.19,-1.56, , , , , ,729.65,729.3,1700.0,900.0, , , , , ,, , 
09:55:13,0.65,1.16,0.35,1.16,0.26,1.09,1.17,0.12,0.51,1.16,-1.96, , , , , ,729.66,729.65,300.0,100.0, , , , , ,, , 
09:55:16,0.63,1.05,0.44,1.14,0.27,0.89,1.01,0.23,0.55,1.02,-2.1, , , , , ,729.66,729.65,300.0,100.0, , , , , ,, , 
09:55:19,0.65,0.9,0.45,0.98,0.28,0.9,0.87,0.38,0.6,0.86,-2.19, , , , , ,729.66,729.65,300.0,100.0, , , , , ,, , 
09:55:22,0.5,0.61,0.32,0.77,0.02,0.61,0.58,0.17,0.58,0.48,-2.52, , , , , ,729.86,729.8,1600.0,200.0, , , , , ,, , 
09:55:25,0.46,0.54,0.33,0.76,0.1,0.65,0.51,0.32,0.38,0.36,-2.49, , , , , ,729.86,729.65,1320.0,400.0, , , , , ,, , 
09:55:28,0.16,0.27,0.22,0.63,0.32,0.33,0.2,0.59,-0.09,-0.01,-2.31, , , , , ,729.59,729.58,600.0,100.0, , , , , ,, , 
09:55:31,0.03,0.12,0.09,0.49,0.34,0.31,0.11,0.62,-0.31,-0.25,-2.34, , , , , ,729.59,729.58,300.0,500.0, , , , , ,, , 
09:55:34,0.14,0.08,0.13,0.46,0.13,0.35,0.1,0.4,-0.06,-0.3,-2.55, , , , , ,729.8,729.66,100.0,1100.0, , , , , ,, , 
09:55:37,-0.06,-0.02,-0.01,0.35,0.16,0.11,0.03,0.43,-0.29,-0.45,-2.5, , , , , ,729.73,729.66,100.0,800.0, , , , , ,, , 
09:55:40,-0.28,-0.15,-0.12,0.19,0.23,-0.17,-0.11,0.47,-0.54,-0.54,-2.46, , , , , ,729.66,729.64,400.0,200.0, , , , , ,, , 
09:55:43,-0.23,-0.09,-0.15,0.16,-0.02,-0.07,0.04,0.2,-0.46,-0.47,-2.73, , , , , ,729.81,729.8,300.0,200.0, , , , , ,, , 
09:55:46,-0.14,-0.04,-0.06,0.22,0.03,-0.06,0.03,0.24,-0.31,-0.37,-2.75, , , , , ,729.81,729.73,200.0,100.0, , , , , ,, , 
09:55:49,-0.15,-0.03,-0.06,0.21,0.03,-0.03,0.05,0.26,-0.36,-0.36,-2.96, , , , , ,729.8,729.74,400.0,700.0, , , , , ,, , 
09:55:52,-0.08,0.06,-0.01,0.31,-0.09,0.13,0.06,0.14,-0.35,-0.2,-3.29, , , , , ,729.87,729.8,820.0,300.0, , , , , ,, , 
09:55:55,-0.03,0.16,-0.01,0.31,-0.14,0.15,0.12,0.14,-0.22,0.04,-3.56, , , , , ,729.87,729.8,920.0,600.0, , , , , ,, , 
09:55:58,-0.15,-0.08,-0.1,0.19,-0.07,-0.05,-0.15,0.24,-0.31,-0.27,-3.75, , , , , ,729.8,729.74,600.0,300.0, , , , , ,, , 
09:56:01,-0.15,-0.06,-0.05,0.23,-0.2,0.02,-0.12,0.14,-0.42,-0.29,-3.98, , , , , ,729.87,729.81,720.0,1200.0, , , , , ,, , 
09:56:04,-0.08,0.07,-0.05,0.34,-0.26,0.08,-0.06,0.14,-0.28,-0.07,-4.12, , , , , ,729.88,729.81,4120.0,600.0, , , , , ,, , 
09:56:07,-0.17,0.04,-0.18,0.26,-0.28,-0.1,-0.07,0.12,-0.22,-0.08,-4.18, , , , , ,729.86,729.8,200.0,300.0, , , , , ,, , 
09:56:10,-0.1,0.11,-0.12,0.38,-0.2,0.03,0.05,0.12,-0.19,-0.09,-4.29, , , , , ,729.86,729.81,300.0,3700.0, , , , , ,, , 
09:56:13,-0.12,0.07,-0.21,0.27,-0.14,0.03,0.07,0.08,-0.18,-0.14,-4.4, , , , , ,729.88,729.81,3720.0,2300.0, , , , , ,, , 
09:56:16,-0.23,-0.13,-0.25,0.12,-0.07,-0.15,-0.16,0.03,-0.28,-0.35,-4.46, , , , , ,729.88,729.86,3720.0,200.0, , , , , ,, , 
09:56:19,-0.41,-0.2,-0.3,0.12,0.12,-0.5,-0.19,0.09,-0.44,-0.52,-4.51, , , , , ,729.87,729.82,100.0,400.0, , , , , ,, , 
09:56:22,-0.36,-0.04,-0.22,0.25,0.12,-0.39,-0.08,0.01,-0.46,-0.29,-4.56, , , , , ,729.9,729.82,5420.0,400.0, , , , , ,, , 
09:56:25,-0.31,-0.04,-0.32,0.13,0.25,-0.31,0.0,0.08,-0.29,-0.25,-4.53, , , , , ,729.81,729.8,6000.0,700.0, , , , , ,, , 
09:56:28,-0.68,-0.26,-0.71,-0.08,0.28,-0.75,-0.29,0.08,-0.58,-0.4,-4.62,-2500.0,729.8,729.8,-2500.0,2406.0,729.82,729.8,100.0,400.0, , , ,2018-05-11 09:56:28.706000,2018-05-11 09:56:28.706000,, , 
09:56:31,-0.44,0.09,-0.44,0.24,0.35,-0.38,0.11,0.07,-0.51,-0.08,-4.57, , , , , ,729.86,729.7,300.0,500.0, , , , , ,, , 
09:56:34,-0.0,0.27,-0.1,0.44,0.1,0.04,0.17,-0.17,0.06,0.2,-4.83, , , , , ,730.0,729.9,49621.0,400.0, , , , , ,, , 
09:56:37,0.25,0.47,-0.01,0.67,0.34,0.39,0.46,0.07,0.37,0.28,-4.59, , , , , ,729.8,729.7,500.0,500.0, , , , , ,, , 
09:56:40,0.2,0.67,0.15,0.82,0.32,0.28,0.86,0.0,0.17,0.34,-4.67, , , , , ,729.82,729.7,100.0,400.0, , , , , ,, , 
09:56:43,0.1,0.45,-0.05,0.59,0.15,0.03,0.49,-0.18,0.32,0.27,-4.86, , , , , ,729.85,729.82,100.0,100.0, , , , , ,, , 
09:56:46,-0.19,-0.03,-0.34,0.21,0.18,-0.25,-0.08,-0.22,0.01,-0.22,-4.87, , , , , ,729.82,729.81,300.0,400.0, , , , , ,, , 
09:56:49,-0.31,-0.06,-0.32,0.17,0.28,-0.4,-0.12,-0.21,-0.23,-0.23,-4.77, , , , , ,729.8,729.71,900.0,100.0, , , , , ,, , 
09:56:52,-0.31,-0.1,-0.29,0.14,0.26,-0.39,-0.19,-0.24,-0.25,-0.25,-4.86, , , , , ,729.78,729.71,200.0,400.0, , , , , ,, , 
09:56:55,-0.36,-0.09,-0.28,0.07,0.25,-0.49,-0.21,-0.26,-0.3,-0.13,-4.96, , , , , ,729.8,729.71,600.0,400.0, , , , , ,, , 
09:56:58,-0.42,-0.07,-0.26,0.14,0.36,-0.43,-0.14,-0.15,-0.56,-0.2,-5.04, , , , , ,729.7,729.66,3000.0,100.0, , , , , ,, , 
09:57:01,-0.32,0.32,-0.21,0.35,0.35,-0.18,0.45,-0.16,-0.58,0.17,-5.04, , , , , ,729.7,729.66,500.0,100.0, , , , , ,, , 
09:57:04,-0.04,0.46,-0.04,0.58,0.38,0.1,0.4,-0.23,-0.19,0.39,-4.97, , , , , ,729.7,729.64,100.0,100.0, , , , , ,, , 
09:57:07,0.06,0.81,0.07,0.75,0.47,0.15,0.77,-0.17,-0.03,0.92,-4.74, , , , , ,729.6,729.56,800.0,100.0, , , , , ,, , 
09:57:10,0.34,1.08,0.28,0.94,0.48,0.51,0.93,-0.26,0.23,1.35,-4.7, , , , , ,729.6,729.56,600.0,200.0, , , , , ,, , 
09:57:13,0.43,1.1,0.43,0.94,-0.04,0.6,0.91,-0.84,0.26,1.47,-5.38, , , , , ,729.99,729.87,400.0,95.0, , , , , ,, , 
09:57:16,0.65,1.06,0.85,1.07,0.0,0.58,0.77,-0.84,0.53,1.33,-5.43, , , , , ,729.99,729.8,500.0,4895.0, , , , , ,, , 
09:57:19,0.52,0.94,0.72,0.87,0.01,0.37,0.68,-0.92,0.49,1.28,-5.43, , , , , ,729.99,729.8,100.0,3995.0, , , , , ,, , 
09:57:22,0.47,0.99,0.46,0.94,-0.19,0.29,0.63,-1.05,0.65,1.4,-5.45, , , , , ,730.02,730.0,5300.0,2979.0, , , , , ,, , 
09:57:25,0.53,1.03,0.67,1.1,-0.2,0.26,0.63,-1.05,0.68,1.37,-5.2, , , , , ,730.02,730.0,3100.0,2476.0, , , , , ,, , 
09:57:28,0.63,1.17,0.69,1.2,-0.23,0.34,0.69,-1.09,0.87,1.61,-5.1, , , , , ,730.04,730.02,200.0,900.0, , , , , ,, , 
09:57:31,0.51,0.97,0.45,0.81,-0.24,0.22,0.69,-1.06,0.87,1.4,-5.03, , , , , ,730.02,730.0,200.0,1076.0, , , , , ,, , 
09:57:34,0.3,0.8,0.27,0.71,-0.39,0.04,0.54,-1.28,0.58,1.15,-5.11, , , , , ,730.19,730.02,100.0,200.0, , , , , ,, , 
09:57:37,0.19,0.6,0.2,0.64,-0.21,-0.04,0.3,-1.09,0.41,0.85,-4.94, , , , , ,730.0,729.9,3824.0,300.0, , , , , ,, , 
09:57:40,0.0,0.39,-0.11,0.5,-0.27,-0.24,0.15,-1.09,0.36,0.53,-4.91, , , , , ,730.0,729.9,3924.0,300.0, , , , , ,, , 
09:57:43,0.04,0.28,-0.02,0.33,-0.33,-0.19,0.15,-1.11,0.34,0.38,-4.98, , , , , ,730.0,729.9,2324.0,200.0, , , , , ,, , 
09:57:46,-0.04,0.21,-0.1,0.3,-0.4,-0.22,0.12,-1.14,0.19,0.21,-4.97, , , , , ,729.99,729.9,100.0,200.0, , , , , ,, , 
09:57:49,0.05,0.29,-0.03,0.5,-0.48,-0.08,0.23,-1.18,0.26,0.13,-5.08, , , , , ,730.0,729.9,524.0,797.0, , , , , ,, , 
09:57:52,0.08,0.26,-0.09,0.38,-0.58,-0.02,0.24,-1.27,0.35,0.16,-5.08, , , , , ,730.0,729.99,10524.0,100.0, , , , , ,, , 
09:57:55,-0.19,0.02,-0.4,0.03,-0.38,-0.4,-0.04,-1.09,0.22,0.07,-5.0, , , , , ,729.9,729.8,901.0,4095.0, , , , , ,, , 
09:57:58,-0.18,-0.01,-0.35,0.01,-0.53,-0.32,-0.05,-1.34,0.13,0.02,-5.33, , , , , ,729.99,729.91,1100.0,100.0, , , , , ,, , 
09:58:01,-0.13,-0.04,-0.29,-0.02,-0.57,-0.24,-0.13,-1.58,0.14,0.04,-5.44, , , , , ,729.99,729.97,900.0,1000.0, , , , , ,, , 
09:58:04,-0.16,-0.07,-0.36,-0.03,-0.65,-0.23,-0.18,-1.77,0.11,0.01,-5.57, , , , , ,729.98,729.97,400.0,300.0, , , , , ,, , 
09:58:07,-0.32,-0.13,-0.47,-0.13,-0.6,-0.47,-0.25,-1.94,-0.01,-0.03,-5.56, , , , , ,729.98,729.8,400.0,3195.0, , , , , ,, , 
09:58:10,-0.41,-0.11,-0.46,-0.09,-0.62,-0.46,-0.19,-2.08,-0.32,-0.05,-5.48, , , , , ,729.9,729.8,200.0,2995.0, , , , , ,, , 
09:58:13,-0.32,-0.05,-0.43,-0.03,-0.91,-0.3,-0.19,-2.42,-0.24,0.06,-5.62, , , , , ,730.0,729.98,4125.0,600.0, , , , , ,, , 
09:58:16,-0.22,-0.01,-0.3,-0.01,-0.82,-0.17,-0.15,-2.42,-0.19,0.12,-5.41, , , , , ,729.97,729.8,100.0,3095.0, , , , , ,, , 
09:58:19,-0.39,-0.05,-0.46,-0.04,-0.85,-0.43,-0.17,-2.46,-0.29,0.05,-5.25, , , , , ,729.9,729.8,300.0,1995.0, , , , , ,, , 
09:58:22,-0.35,-0.07,-0.37,-0.07,-0.9,-0.35,-0.19,-2.6,-0.32,0.04,-5.43, , , , , ,729.99,729.8,100.0,1795.0, , , , , ,, , 
09:58:25,-0.25,0.05,-0.36,0.06,-0.84,-0.25,-0.01,-2.62,-0.14,0.1,-5.4, , , , , ,729.91,729.8,300.0,2154.0, , , , , ,, , 
09:58:28,-0.24,0.02,-0.36,0.03,-0.84,-0.2,-0.05,-2.67,-0.16,0.09,-5.52, , , , , ,729.9,729.8,100.0,1554.0, , , , , ,, , 
09:58:31,-0.26,-0.02,-0.37,-0.02,-0.86,-0.38,-0.09,-2.71,-0.05,0.06,-5.54, , , , , ,729.91,729.81,200.0,100.0, , , , , ,, , 
09:58:34,-0.27,0.0,-0.38,0.01,-0.82,-0.33,-0.06,-2.61,-0.1,0.07,-5.32, , , , , ,729.8,729.75,146.0,100.0, , , , , ,, , 
09:58:37,-0.28,0.03,-0.41,0.03,-0.89,-0.33,-0.02,-2.66,-0.12,0.08,-5.4, , , , , ,729.86,729.75,46.0,100.0, , , , , ,, , 
09:58:40,-0.33,0.01,-0.41,-0.03,-0.81,-0.39,-0.04,-2.59,-0.2,0.11,-5.33, , , , , ,729.8,729.7,300.0,200.0, , , , , ,, , 
09:58:43,-0.36,0.05,-0.39,-0.03,-0.77,-0.56,0.04,-2.59,-0.12,0.15,-5.06, , , , , ,729.8,729.6,200.0,100.0, , , , , ,, , 
09:58:46,-0.41,0.11,-0.43,-0.03,-0.64,-0.5,0.13,-2.5,-0.3,0.22,-4.69, , , , , ,729.6,729.56,1300.0,100.0, , , , , ,, , 
09:58:49,-0.49,0.06,-0.47,-0.09,-0.66,-0.58,0.07,-2.7,-0.42,0.19,-4.56, , , , , ,729.6,729.55,1300.0,400.0, , , , , ,, , 
09:58:52,-0.52,-0.02,-0.47,-0.14,-0.67,-0.54,-0.05,-2.91,-0.53,0.14,-4.39, , , , , ,729.56,729.55,100.0,300.0, , , , , ,, , 
09:58:55,-0.51,0.0,-0.5,-0.16,-0.72,-0.58,0.03,-3.21,-0.45,0.14,-4.61, , , , , ,729.59,729.56,100.0,200.0, , , , , ,, , 
09:58:58,-0.49,0.03,-0.49,-0.13,-0.83,-0.52,0.01,-3.5,-0.45,0.2,-4.81, , , , , ,729.6,729.56,1200.0,300.0, , , , , ,, , 
09:59:01,-0.5,0.06,-0.53,-0.13,-1.01,-0.54,0.07,-3.59,-0.43,0.23,-4.78, , , , , ,729.6,729.52,1200.0,700.0, , , , , ,, , 
09:59:04,-0.46,0.05,-0.45,-0.14,-1.17,-0.54,0.03,-3.7,-0.4,0.26,-4.97, , , , , ,729.55,729.52,100.0,700.0, , , , , ,, , 
09:59:07,-0.43,0.1,-0.41,-0.1,-1.18,-0.53,0.11,-3.5,-0.34,0.27,-4.75, , , , , ,729.42,729.25,1000.0,100.0, , , , , ,, , 
09:59:10,-0.37,0.13,-0.38,-0.03,-1.44,-0.46,0.14,-3.66,-0.26,0.28,-4.85, , , , , ,729.5,729.25,100.0,200.0, , , , , ,, , 
09:59:13,-0.18,0.3,-0.24,-0.0,-1.51,-0.24,0.35,-3.7,-0.06,0.54,-5.05, , , , , ,729.56,729.1,400.0,1300.0, , , , , ,, , 
09:59:16,-0.23,0.29,-0.26,0.03,-1.55,-0.36,0.26,-3.62,-0.08,0.58,-4.92, , , , , ,729.4,729.1,100.0,1300.0, , , , , ,, , 
09:59:19,-0.33,0.24,-0.34,0.01,-1.53,-0.48,0.17,-3.59,-0.16,0.53,-4.73, , , , , ,729.25,729.1,100.0,1100.0, , , , , ,, , 
09:59:22,-0.34,0.24,-0.27,0.05,-1.59,-0.49,0.29,-3.6,-0.28,0.36,-4.69, , , , , ,729.21,729.1,100.0,1100.0, , , , , ,, , 
09:59:25,-0.39,0.17,-0.36,-0.04,-1.98,-0.51,0.2,-3.96,-0.3,0.36,-4.9, , , , , ,729.56,729.21,1400.0,100.0, , , , , ,, , 
09:59:28,-0.37,0.16,-0.29,0.03,-1.83,-0.43,0.12,-3.83,-0.39,0.33,-4.72, , , , , ,729.25,729.21,300.0,100.0, , , , , ,, , 
09:59:31,-0.32,0.21,-0.29,0.08,-1.75,-0.41,0.18,-3.71,-0.26,0.38,-4.76, , , , , ,729.21,729.1,100.0,1000.0, , , , , ,, , 
09:59:34,-0.31,0.2,-0.28,0.07,-1.77,-0.37,0.2,-3.75,-0.28,0.35,-4.92, , , , , ,729.21,729.1,100.0,800.0, , , , , ,, , 
09:59:37,-0.34,0.21,-0.32,0.06,-1.77,-0.43,0.21,-3.78,-0.26,0.37,-5.07, , , , , ,729.21,729.1,500.0,700.0, , , , , ,, , 
09:59:40,-0.31,0.19,-0.24,0.08,-1.78,-0.39,0.14,-3.84,-0.3,0.35,-5.15, , , , , ,729.21,729.1,700.0,600.0, , , , , ,, , 
09:59:43,-0.27,0.25,-0.26,0.1,-1.84,-0.35,0.24,-3.93,-0.2,0.42,-5.07, , , , , ,729.21,729.1,700.0,600.0, , , , , ,, , 
09:59:46,-0.3,0.23,-0.27,0.05,-1.81,-0.41,0.21,-3.87,-0.23,0.41,-4.82, , , , , ,729.1,729.06,1300.0,400.0, , , , , ,, , 
09:59:49,-0.49,0.13,-0.41,-0.0,-2.01,-0.68,-0.0,-3.83,-0.38,0.4,-4.7, , , , , ,729.1,729.05,1300.0,17950.0, , , , , ,, , 
09:59:52,-0.75,-0.12,-0.51,-0.21,-2.23,-0.95,-0.25,-3.92,-0.79,0.12,-4.64, , , , , ,729.06,729.05,7900.0,17950.0, , , , , ,, , 
09:59:55,-0.81,-0.06,-0.6,-0.13,-2.49,-1.15,-0.19,-4.01,-0.67,0.13,-4.79, , , , , ,729.06,729.05,6600.0,12050.0, , , , , ,, , 
09:59:58,-1.03,-0.32,-0.8,-0.38,-2.72,-1.29,-0.4,-4.12,-1.0,-0.17,-4.9,-2400.0,729.01,0.0,-0.0,2406.0,729.03,729.0,4950.0,1900.0, , , ,2018-05-11 09:59:58.667000,2018-05-11 09:59:58.667000,, , 
10:00:01,-1.16,-0.54,-0.91,-0.54,-2.5,-1.46,-0.67,-3.78,-1.12,-0.4,-4.77,-2400.0,728.75,728.75,-300.0,2106.0,728.77,728.74,400.0,200.0, , , ,2018-05-11 10:00:02.410000,2018-05-11 10:00:02.410000,, , 
10:00:04,-1.2,-0.48,-0.96,-0.47,-2.25,-1.48,-0.66,-3.34,-1.15,-0.32,-4.55,-2100.0,728.73,728.73,-300.0,1806.0,728.75,728.21,2100.0,1400.0, , , ,2018-05-11 10:00:05.437000,2018-05-11 10:00:05.437000,, , 
10:00:07,-1.09,-0.53,-0.95,-0.42,-2.31,-1.4,-0.73,-3.23,-0.9,-0.44,-4.72,-1800.0,728.71,0.0,-0.0,1806.0,728.73,728.21,1800.0,900.0, , , ,2018-05-11 10:00:08.462000,2018-05-11 10:00:08.462000,, , 
10:00:10,-1.11,-0.5,-0.99,-0.37,-2.06,-1.35,-0.63,-2.82,-0.98,-0.5,-4.62,-1800.0,728.2,0.0,-0.0,1806.0,728.21,728.2,500.0,100.0, , , ,2018-05-11 10:00:10.979000,2018-05-11 10:00:10.979000,, , 
10:00:13,-1.02,-0.48,-0.79,-0.34,-2.1,-1.31,-0.66,-2.97,-0.96,-0.45,-4.85,-1800.0,728.18,0.0,-0.0,1806.0,728.2,728.13,2100.0,100.0, , , ,2018-05-11 10:00:13.997000,2018-05-11 10:00:13.997000,, , 
10:00:16,-1.04,-0.48,-0.77,-0.39,-2.0,-1.34,-0.66,-2.93,-1.03,-0.39,-5.06,-1800.0,728.11,728.11,-100.0,1706.0,728.13,728.0,100.0,600.0, , , ,2018-05-11 10:00:17.523000,2018-05-11 10:00:17.523000,, , 
10:00:19,-1.05,-0.53,-0.75,-0.47,-2.06,-1.39,-0.7,-2.92,-1.01,-0.43,-5.45,-1700.0,728.09,0.0,-0.0,1706.0,728.11,728.0,1700.0,100.0, , , ,2018-05-11 10:00:20.032000,2018-05-11 10:00:20.032000,, , 
10:00:22,-1.02,-0.44,-0.73,-0.4,-1.96,-1.29,-0.56,-2.63,-1.04,-0.35,-5.7, , , , , ,728.02,727.89,5.0,100.0, , , , , ,, , 
10:00:25,-0.93,-0.31,-0.61,-0.37,-1.92,-1.23,-0.38,-2.31,-0.96,-0.17,-5.96, , , , , ,727.9,727.88,4950.0,200.0, , , , , ,, , 
10:00:28,-0.96,-0.26,-0.58,-0.29,-1.97,-1.37,-0.48,-2.16,-0.94,-0.0,-6.2, , , , , ,727.9,727.85,4950.0,1900.0, , , , , ,, , 
10:00:31,-0.97,-0.23,-0.6,-0.23,-1.97,-1.43,-0.46,-2.11,-0.88,0.01,-6.48, , , , , ,727.9,727.85,4750.0,1100.0, , , , , ,, , 
10:00:34,-0.88,-0.09,-0.57,-0.16,-1.98,-1.26,-0.28,-2.06,-0.81,0.17,-6.67, , , , , ,727.88,727.85,700.0,1200.0, , , , , ,, , 
10:00:37,-0.89,-0.13,-0.62,-0.21,-2.01,-1.16,-0.29,-2.09,-0.88,0.11,-6.89, , , , , ,727.88,727.85,800.0,700.0, , , , , ,, , 
10:00:40,-0.83,-0.09,-0.58,-0.21,-2.08,-1.06,-0.33,-2.06,-0.84,0.28,-7.1, , , , , ,727.88,727.85,600.0,500.0, , , , , ,, , 
10:00:43,-0.81,-0.1,-0.59,-0.16,-2.11,-1.08,-0.3,-2.08,-0.77,0.15,-7.13, , , , , ,727.85,727.8,500.0,100.0, , , , , ,, , 
10:00:46,-0.75,-0.05,-0.55,-0.1,-1.94,-0.92,-0.27,-1.87,-0.79,0.21,-7.09, , , , , ,727.85,727.5,1200.0,200.0, , , , , ,, , 
10:00:49,-0.74,-0.03,-0.5,-0.09,-1.92,-0.89,-0.21,-1.98,-0.81,0.2,-7.2, , , , , ,727.85,727.5,1700.0,100.0, , , , , ,, , 
10:00:52,-0.74,0.18,-0.51,0.12,-1.45,-0.94,0.07,-1.32,-0.78,0.35,-6.76, , , , , ,727.5,727.0,2071.0,300.0, , , , , ,, , 
10:00:55,-0.79,0.2,-0.59,0.11,-1.39,-1.11,0.07,-1.29,-0.67,0.42,-6.84, , , , , ,727.5,726.78,1971.0,100.0, , , , , ,, , 
10:00:58,-0.78,0.28,-0.51,0.15,-1.21,-1.05,0.22,-1.14,-0.78,0.46,-6.72, , , , , ,727.0,726.78,4000.0,100.0, , , , , ,, , 
10:01:01,-0.73,0.25,-0.44,0.11,-1.17,-0.99,0.2,-1.16,-0.76,0.45,-6.86, , , , , ,727.0,726.7,4100.0,500.0, , , , , ,, , 
10:01:04,-0.62,0.36,-0.42,0.07,-1.13,-0.87,0.45,-1.31,-0.57,0.57,-7.08, , , , , ,726.95,726.78,100.0,100.0, , , , , ,, , 
10:01:07,-0.62,0.26,-0.4,-0.02,-0.84,-1.1,0.35,-1.25,-0.34,0.46,-7.12, , , , , ,726.78,726.7,100.0,100.0, , , , , ,, , 
10:01:10,-0.59,0.21,-0.41,-0.06,-0.73,-0.95,0.33,-1.15,-0.42,0.36,-7.17, , , , , ,726.7,726.66,100.0,900.0, , , , , ,, , 
10:01:13,-0.66,0.19,-0.44,-0.03,-0.72,-1.02,0.28,-0.88,-0.51,0.34,-7.12, , , , , ,726.67,726.38,800.0,400.0, , , , , ,, , 
10:01:16,-0.6,0.11,-0.46,-0.19,-0.9,-0.78,0.16,-0.89,-0.56,0.37,-7.38, , , , , ,726.66,726.51,1500.0,100.0, , , , , ,, , 
10:01:19,-0.49,0.36,-0.28,0.11,-1.01,-0.83,0.54,-0.89,-0.35,0.42,-7.6, , , , , ,726.67,726.66,600.0,400.0, , , , , ,, , 
10:01:22,-0.28,0.54,-0.11,0.3,-0.55,-0.57,0.65,-0.7,-0.16,0.67,-7.38, , , , , ,726.5,726.38,1900.0,800.0, , , , , ,, , 
10:01:25,-0.11,0.6,-0.04,0.38,-0.31,-0.39,0.68,-0.72,0.09,0.73,-7.45, , , , , ,726.5,726.38,1000.0,700.0, , , , , ,, , 
10:01:28,-0.01,0.68,0.07,0.38,-0.19,-0.29,0.76,-0.84,0.19,0.89,-7.43, , , , , ,726.5,726.38,500.0,600.0, , , , , ,, , 
10:01:31,0.1,0.69,0.19,0.41,-0.14,-0.18,0.81,-0.85,0.29,0.84,-7.39, , , , , ,726.5,726.38,400.0,300.0, , , , , ,, , 
10:01:34,0.17,0.76,0.23,0.44,-0.12,-0.03,0.91,-0.79,0.29,0.91,-7.37, , , , , ,726.51,726.41,600.0,100.0, , , , , ,, , 
10:01:37,0.13,0.75,0.17,0.49,-0.01,-0.1,0.82,-0.67,0.32,0.94,-7.1, , , , , ,726.38,726.32,100.0,100.0, , , , , ,, , 
10:01:40,0.08,0.78,0.15,0.53,0.02,-0.16,0.83,-0.68,0.24,0.97,-6.92, , , , , ,726.38,726.32,200.0,100.0, , , , , ,, , 
10:01:43,0.05,0.74,0.06,0.47,0.08,-0.15,0.78,-0.35,0.23,0.96,-6.64, , , , , ,726.32,726.2,100.0,200.0, , , , , ,, , 
10:01:46,0.11,0.76,0.07,0.46,0.17,0.0,0.89,-0.04,0.26,0.94,-6.37, , , , , ,726.38,726.0,100.0,1400.0, , , , , ,, , 
10:01:49,-0.03,0.68,-0.14,0.38,-0.01,-0.13,0.72,0.0,0.18,0.95,-6.29, , , , , ,726.5,726.0,1200.0,1000.0, , , , , ,, , 
10:01:52,0.04,0.68,-0.02,0.37,-0.17,-0.02,0.73,-0.08,0.16,0.94,-6.29, , , , , ,726.5,726.32,300.0,400.0, , , , , ,, , 
10:01:55,0.18,0.75,0.13,0.53,0.36,0.18,0.75,0.38,0.23,0.98,-5.38, , , , , ,726.0,725.88,2900.0,200.0, , , , , ,, , 
10:01:58,0.22,0.82,0.18,0.54,0.18,0.24,0.83,0.2,0.24,1.08,-5.14, , , , , ,726.0,725.86,1400.0,200.0, , , , , ,, , 
10:02:01,0.16,0.8,0.13,0.54,0.38,0.2,0.81,0.47,0.15,1.05,-4.63, , , , , ,725.88,725.6,400.0,300.0, , , , , ,, , 
10:02:04,0.21,0.91,0.14,0.66,-0.66,0.28,0.95,-0.67,0.2,1.11,-5.25, , , , , ,726.4,726.38,100.0,400.0, , , , , ,, , 
10:02:07,0.29,1.07,0.28,0.97,-0.39,0.22,1.18,-0.34,0.36,1.07,-4.67, , , , , ,726.43,725.8,300.0,300.0, , , , , ,, , 
10:02:10,0.29,0.98,0.18,0.79,-0.55,0.38,1.06,-0.56,0.32,1.1,-4.6, , , , , ,726.39,726.1,700.0,100.0, , , , , ,, , 
10:02:13,0.17,0.84,0.17,0.72,0.05,0.04,0.9,-0.28,0.29,0.9,-3.88, , , , , ,726.0,725.7,1500.0,100.0, , , , , ,, , 
10:02:16,0.21,0.83,0.25,0.7,0.19,0.15,0.91,-0.19,0.22,0.88,-3.77, , , , , ,726.0,725.6,1400.0,100.0, , , , , ,, , 
10:02:19,0.25,0.91,0.24,0.75,0.26,0.13,1.01,-0.15,0.36,0.97,-3.78, , , , , ,726.0,725.66,1100.0,200.0, , , , , ,, , 
10:02:22,0.43,1.04,0.44,0.96,-0.43,0.39,1.24,-0.7,0.46,0.9,-4.32, , , , , ,726.4,726.1,100.0,4000.0, , , , , ,, , 
10:02:25,0.39,1.11,0.4,1.07,-0.48,0.33,1.21,-0.62,0.45,1.06,-4.25, , , , , ,726.43,726.1,200.0,1100.0, , , , , ,, , 
10:02:28,0.13,1.05,0.11,0.99,-0.94,0.04,1.15,-0.99,0.25,1.02,-4.46, , , , , ,726.51,726.5,400.0,300.0, , , , , ,, , 
10:02:31,0.15,1.03,0.24,1.06,-0.52,-0.02,1.18,-0.71,0.25,0.86,-3.93, , , , , ,726.39,726.0,100.0,1700.0, , , , , ,, , 
10:02:34,0.26,1.11,0.35,1.09,-0.69,0.23,1.31,-1.14,0.22,0.94,-4.1, , , , , ,726.66,726.12,100.0,4155.0, , , , , ,, , 
10:02:37,0.32,1.15,0.46,1.13,-0.73,0.3,1.39,-1.29,0.18,0.93,-4.03, , , , , ,726.67,726.12,500.0,3855.0, , , , , ,, , 
10:02:40,0.18,1.0,0.31,1.01,-0.74,0.16,1.25,-1.38,0.06,0.73,-3.92, , , , , ,726.67,726.12,400.0,1355.0, , , , , ,, , 
10:02:43,0.09,0.77,0.37,0.91,-0.37,0.06,0.94,-1.12,-0.16,0.46,-3.66, , , , , ,726.4,726.15,200.0,500.0, , , , , ,, , 
10:02:46,-0.11,0.6,0.21,0.79,-0.06,-0.14,0.81,-0.88,-0.39,0.19,-3.47, , , , , ,726.4,726.0,400.0,755.0, , , , , ,, , 
10:02:49,-0.27,0.46,0.13,0.66,-0.2,-0.41,0.59,-1.02,-0.52,0.13,-3.75, , , , , ,726.67,726.12,300.0,100.0, , , , , ,, , 
10:02:52,-0.31,0.39,0.04,0.62,0.36,-0.44,0.56,-0.58,-0.52,-0.03,-3.41, , , , , ,726.67,725.51,100.0,555.0, , , , , ,, , 
10:02:55,-0.51,0.15,-0.26,0.48,-0.35,-0.57,0.23,-1.24,-0.69,-0.25,-4.02, , , , , ,726.5,726.43,500.0,100.0, , , , , ,, , 
10:02:58,-0.6,0.08,-0.41,0.48,0.3,-0.61,0.28,-0.56,-0.77,-0.53,-3.29, , , , , ,726.0,725.7,400.0,100.0, , , , , ,, , 
10:03:01,-0.29,0.17,-0.01,0.5,0.33,-0.42,0.32,-0.77,-0.45,-0.31,-3.33, , , , , ,726.0,725.68,100.0,200.0, , , , , ,, , 
10:03:04,-0.18,0.25,-0.08,0.55,0.02,-0.27,0.55,-1.0,-0.18,-0.34,-3.52, , , , , ,726.1,725.68,100.0,200.0, , , , , ,, , 
10:03:07,-0.41,0.31,-0.32,0.55,-0.26,-0.44,0.55,-1.4,-0.48,-0.18,-3.82, , , , , ,726.1,726.0,100.0,400.0, , , , , ,, , 
10:03:10,-0.27,0.41,-0.26,0.69,0.39,-0.29,0.73,-0.99,-0.25,-0.18,-3.28, , , , , ,725.6,725.51,800.0,555.0, , , , , ,, , 
10:03:13,-0.28,0.49,-0.25,0.7,-0.35,-0.38,0.75,-1.75,-0.2,0.03,-3.96, , , , , ,726.1,725.7,5.0,200.0, , , , , ,, , 
10:03:16,-0.47,0.36,-0.56,0.59,-0.54,-0.55,0.6,-2.31,-0.29,-0.11,-4.29, , , , , ,726.1,726.01,5.0,100.0, , , , , ,, , 
10:03:19,-0.48,0.39,-0.53,0.6,-0.7,-0.57,0.59,-2.96,-0.34,-0.01,-4.73, , , , , ,726.37,726.1,205.0,100.0, , , , , ,, , 
10:03:22,-0.19,0.51,-0.16,0.7,-0.18,-0.23,0.76,-2.85,-0.19,0.06,-4.39, , , , , ,726.0,725.75,600.0,100.0, , , , , ,, , 
10:03:25,-0.21,0.39,-0.07,0.53,0.34,-0.17,0.55,-2.77,-0.39,0.1,-4.13, , , , , ,725.6,725.52,100.0,100.0, , , , , ,, , 
10:03:28,-0.33,0.33,-0.17,0.57,-0.27,-0.28,0.48,-3.61,-0.52,-0.06,-5.05, , , , , ,726.37,725.6,205.0,100.0, , , , , ,, , 
10:03:31,-0.36,0.32,-0.26,0.51,-0.27,-0.25,0.54,-3.74,-0.55,-0.1,-5.17, , , , , ,726.0,725.75,100.0,100.0, , , , , ,, , 
10:03:34,-0.27,0.32,-0.2,0.55,-0.39,-0.13,0.53,-3.92,-0.47,-0.11,-5.39, , , , , ,725.95,725.75,100.0,100.0, , , , , ,, , 
10:03:37,-0.46,0.14,-0.4,0.29,-0.54,-0.42,0.29,-4.14,-0.56,-0.15,-5.62, , , , , ,725.95,725.75,100.0,200.0, , , , , ,, , 
10:03:40,-0.63,0.07,-0.48,0.29,-0.66,-0.63,0.25,-4.38,-0.79,-0.33,-5.73, , , , , ,726.0,725.75,200.0,100.0, , , , , ,, , 
10:03:43,-0.57,0.05,-0.36,0.28,-0.54,-0.54,0.21,-4.44,-0.81,-0.33,-5.83, , , , , ,725.95,725.75,200.0,200.0, , , , , ,, , 
10:03:46,-0.56,0.13,-0.6,0.48,-1.22,-0.47,0.37,-5.41,-0.6,-0.44,-6.83, , , , , ,726.5,726.4,300.0,295.0, , , , , ,, , 
10:03:49,-0.72,0.17,-0.68,0.51,-1.09,-0.79,0.21,-5.53,-0.7,-0.23,-6.96, , , , , ,726.5,726.4,300.0,295.0, , , , , ,, , 
10:03:52,-0.41,0.45,-0.35,0.82,-0.79,-0.37,0.69,-5.39,-0.52,-0.17,-6.83, , , , , ,726.5,726.0,205.0,2200.0, , , , , ,, , 
10:03:55,-0.46,0.31,-0.39,0.68,-0.95,-0.33,0.45,-5.62,-0.65,-0.19,-6.99, , , , , ,726.5,726.0,105.0,600.0, , , , , ,, , 
10:03:58,-0.61,0.05,-0.3,0.42,-0.63,-0.55,0.16,-5.37,-0.97,-0.44,-6.61, , , , , ,726.0,725.8,2600.0,100.0, , , , , ,, , 
10:04:01,-0.65,-0.06,-0.38,0.39,-0.81,-0.55,-0.02,-5.52,-1.03,-0.55,-6.65, , , , , ,726.0,725.75,2200.0,500.0, , , , , ,, , 
10:04:04,-0.51,-0.04,-0.35,0.41,-1.54,-0.34,0.07,-6.29,-0.83,-0.61,-7.28, , , , , ,726.5,726.06,105.0,500.0, , , , , ,, , 
10:04:07,-0.53,-0.11,-0.3,0.19,-0.73,-0.33,-0.08,-5.5,-0.98,-0.44,-6.34, , , , , ,725.6,725.52,700.0,200.0, , , , , ,, , 
10:04:10,-0.75,-0.13,-0.65,0.25,-1.27,-0.57,-0.32,-5.9,-1.03,-0.33,-6.76, , , , , ,726.0,725.51,2200.0,100.0, , , , , ,, , 
10:04:13,-0.57,-0.02,-0.48,0.39,-1.55,-0.39,-0.11,-6.06,-0.84,-0.35,-6.98, , , , , ,726.0,725.51,100.0,295.0, , , , , ,, , 
10:04:16,-0.45,0.01,-0.35,0.41,-1.56,-0.4,0.01,-5.92,-0.6,-0.38,-6.92, , , , , ,725.52,725.51,3000.0,395.0, , , , , ,, , 
10:04:19,-0.49,0.02,-0.51,0.26,-2.13,-0.37,0.03,-6.19,-0.59,-0.24,-7.33, , , , , ,725.75,725.51,100.0,195.0, , , , , ,, , 
10:04:22,-0.72,-0.05,-0.88,0.27,-3.02,-0.65,-0.09,-6.77,-0.63,-0.35,-8.0, , , , , ,726.4,725.6,100.0,100.0, , , , , ,, , 
10:04:25,-0.8,-0.07,-0.85,0.24,-3.11,-0.75,0.0,-6.59,-0.79,-0.45,-7.85, , , , , ,726.02,725.6,300.0,200.0, , , , , ,, , 
10:04:28,-0.64,-0.06,-0.64,0.24,-3.35,-0.62,0.06,-6.55,-0.67,-0.5,-7.92, , , , , ,726.0,725.6,3300.0,100.0, , , , , ,, , 
10:04:31,-0.7,-0.18,-0.75,0.17,-3.3,-0.51,-0.07,-6.17,-0.83,-0.63,-7.64, , , , , ,725.6,725.5,100.0,955.0, , , , , ,, , 
10:04:34,-0.75,-0.19,-0.76,0.14,-3.51,-0.5,-0.1,-6.13,-0.98,-0.62,-7.75, , , , , ,725.6,725.52,100.0,100.0, , , , , ,, , 
10:04:37,-0.72,-0.21,-0.8,0.15,-3.46,-0.46,-0.24,-5.73,-0.91,-0.53,-7.56, , , , , ,725.6,725.12,400.0,3302.0, , , , , ,, , 
10:04:40,-1.01,-0.41,-1.01,-0.22,-3.67,-0.89,-0.42,-5.57,-1.13,-0.6,-7.62, , , , , ,725.6,725.12,600.0,3302.0, , , , , ,, , 
10:04:43,-1.15,-0.47,-1.15,-0.38,-3.69,-1.05,-0.38,-5.34,-1.24,-0.64,-7.6,-1700.0,725.48,725.48,-1700.0,6.0,725.5,725.12,100.0,1702.0,1000.33,0.29, ,2018-05-11 10:04:43.670000,2018-05-11 10:04:43.670000,, , 
10:04:46,-1.05,-0.45,-1.09,-0.32,-4.53,-0.83,-0.41,-5.83,-1.23,-0.62,-8.29, , , , , ,726.0,725.6,3400.0,2500.0, , , , , ,, , 
10:04:49,-1.06,-0.32,-1.07,-0.07,-4.62,-1.07,-0.26,-5.66,-1.05,-0.64,-8.44, , , , , ,725.97,725.6,100.0,1000.0, , , , , ,, , 
10:04:52,-0.99,-0.46,-0.99,-0.27,-4.67,-0.85,-0.4,-5.34,-1.13,-0.72,-8.25, , , , , ,725.84,725.6,100.0,697.0, , , , , ,, , 
10:04:55,-0.84,-0.27,-0.79,0.01,-4.42,-0.71,-0.28,-4.6,-1.02,-0.54,-7.7, , , , , ,725.6,725.15,100.0,200.0, , , , , ,, , 
10:04:58,-1.12,-0.51,-1.39,-0.24,-4.65,-0.96,-0.52,-4.38,-1.01,-0.76,-7.55, , , , , ,725.6,725.15,34900.0,200.0, , , , , ,, , 
10:05:01,-1.45,-0.88,-1.59,-0.73,-4.75,-1.44,-1.04,-4.04,-1.31,-0.89,-7.21,-500.0,725.12,725.12,-500.0,-494.0,725.5,725.12,2000.0,699.0, , , ,2018-05-11 10:05:01.720000,2018-05-11 10:05:01.720000,, , 
10:05:04,-1.69,-1.11,-1.66,-0.95,-4.63,-1.89,-1.28,-3.46,-1.5,-1.11,-6.87,-500.0,725.0,0.0,-0.0,-494.0,725.15,725.0,600.0,6499.0, , , ,2018-05-11 10:05:04.693000,2018-05-11 10:05:04.693000,, , 
10:05:07,-2.05,-1.35,-2.33,-1.45,-4.6,-2.15,-1.45,-3.0,-1.69,-1.15,-6.54, , , , , ,725.0,724.8,1901.0,300.0, , , , , ,, , 
10:05:10,-2.19,-1.52,-2.55,-1.67,-4.66,-2.24,-1.63,-2.67,-1.76,-1.26,-6.38,-500.0,724.7,0.0,-0.0,-494.0,724.99,724.7,100.0,200.0, , , ,2018-05-11 10:05:10.672000,2018-05-11 10:05:10.672000,, , 
10:05:13,-1.97,-1.47,-2.27,-1.61,-4.37,-1.88,-1.62,-2.04,-1.77,-1.19,-5.8, , , , , ,724.54,724.5,200.0,100.0, , , , , ,, , 
10:05:16,-1.74,-1.29,-2.2,-1.37,-4.21,-1.67,-1.29,-1.67,-1.36,-1.21,-5.31,-500.0,724.23,0.0,-0.0,-494.0,724.3,724.23,100.0,700.0, , , ,2018-05-11 10:05:16.925000,2018-05-11 10:05:16.925000,, , 
10:05:19,-1.58,-0.82,-2.04,-0.93,-3.81,-1.54,-0.73,-1.12,-1.15,-0.79,-4.71, , , , , ,724.0,723.8,850.0,200.0, , , , , ,, , 
10:05:22,-1.42,-0.66,-1.88,-0.92,-3.55,-1.3,-0.59,-0.76,-1.09,-0.48,-4.27, , , , , ,723.8,723.51,400.0,100.0, , , , , ,, , 
10:05:25,-1.25,-0.48,-1.65,-0.91,-3.29,-1.11,-0.23,-0.32,-0.99,-0.29,-3.83, , , , , ,723.51,723.31,100.0,100.0, , , , , ,, , 
10:05:28,-1.32,-0.45,-1.8,-0.86,-3.04,-1.12,-0.33,0.03,-1.05,-0.15,-3.54, , , , , ,723.31,723.17,100.0,300.0, , , , , ,, , 
10:05:31,-1.5,-0.37,-1.85,-0.77,-2.88,-1.52,-0.27,0.26,-1.14,-0.07,-3.36, , , , , ,723.31,723.0,300.0,1100.0, , , , , ,, , 
10:05:34,-1.5,-0.6,-1.92,-1.05,-2.38,-1.44,-0.63,0.8,-1.14,-0.13,-2.84, , , , , ,723.0,722.66,8200.0,800.0, , , , , ,, , 
10:05:37,-1.33,-0.72,-1.79,-1.3,-2.23,-1.2,-0.6,0.91,-1.01,-0.27,-2.85, , , , , ,722.97,722.66,100.0,100.0, , , , , ,, , 
10:05:40,-1.31,-0.8,-1.72,-1.4,-1.74,-1.16,-0.53,1.34,-1.03,-0.46,-2.55, , , , , ,722.66,722.49,100.0,1000.0, , , , , ,, , 
10:05:43,-1.15,-0.51,-1.62,-1.11,-1.56,-0.98,-0.28,1.46,-0.85,-0.13,-2.59, , , , , ,722.64,722.49,100.0,1200.0, , , , , ,, , 
10:05:46,-0.75,-0.28,-1.08,-0.83,-1.4,-0.76,-0.15,1.53,-0.41,0.13,-2.66, , , , , ,722.66,722.49,500.0,1100.0, , , , , ,, , 
10:05:49,-0.57,-0.16,-0.94,-0.73,-0.94,-0.53,-0.04,1.82,-0.25,0.29,-2.27, , , , , ,722.49,722.22,900.0,2700.0, , , , , ,, , 
10:05:52,-0.75,-0.32,-1.22,-1.04,-0.56,-0.55,-0.2,1.9,-0.49,0.29,-2.13, , , , , ,722.3,722.2,100.0,600.0, , , , , ,, , 
10:05:55,-0.86,-0.22,-1.28,-0.87,-0.17,-0.9,-0.15,1.92,-0.39,0.34,-1.92, , , , , ,722.2,722.12,600.0,100.0, , , , , ,, , 
10:05:58,-0.78,-0.14,-1.27,-0.62,0.42,-0.85,-0.12,2.18,-0.23,0.31,-1.46, , , , , ,722.2,721.58,600.0,100.0, , , , , ,, , 
10:06:01,-0.52,0.09,-1.2,-0.31,0.93,-0.23,0.18,2.38,-0.13,0.41,-1.17, , , , , ,721.84,721.58,200.0,100.0, , , , , ,, , 
10:06:04,-0.48,0.15,-1.06,-0.13,1.2,-0.13,0.08,2.26,-0.25,0.51,-1.01, , , , , ,721.84,721.58,200.0,100.0, , , , , ,, , 
10:06:07,-0.38,0.3,-0.88,0.04,1.65,-0.13,0.15,2.41,-0.14,0.72,-0.69, , , , , ,721.58,721.5,100.0,500.0, , , , , ,, , 
10:06:10,-0.2,0.52,-0.68,0.32,2.21,0.08,0.3,2.58,0.0,0.93,-0.15, , , , , ,721.5,721.13,200.0,100.0, , , , , ,, , 
10:06:13,-0.08,0.86,-0.58,0.7,2.4,0.19,0.67,2.4,0.17,1.2,-0.13, , , , , ,721.58,721.02,500.0,100.0, , , , , ,, , 
10:06:16,-0.26,0.78,-0.81,0.55,2.48,0.08,0.53,2.31,-0.03,1.26,-0.12, , , , , ,721.58,720.96,900.0,300.0, , , , , ,, , 
10:06:19,-0.13,0.88,-0.62,0.67,2.91,0.07,0.73,2.5,0.17,1.23,0.18, , , , , ,721.02,720.96,200.0,600.0, , , , , ,, , 
10:06:22,0.22,1.03,-0.3,0.83,2.91,0.46,0.9,2.33,0.5,1.36,0.16,500.0,721.02,721.02,500.0,6.0,721.02,721.0,400.0,100.0,1625.8,4.48, ,2018-05-11 10:06:22.690000,2018-05-11 10:06:22.690000,, , 
10:06:25,0.44,1.23,-0.1,0.94,2.95,0.75,1.32,2.08,0.66,1.44,0.26, , , , , ,721.13,720.99,200.0,300.0, , , , , ,, , 
10:06:28,0.52,1.34,0.11,1.19,3.08,0.92,1.48,1.77,0.54,1.36,0.61, , , , , ,721.07,721.02,300.0,500.0, , , , , ,, , 
10:06:31,0.92,1.67,0.7,1.6,3.17,1.27,1.99,1.48,0.79,1.43,0.99,500.0,721.1,721.1,500.0,506.0,721.1,721.02,200.0,4500.0, , , ,2018-05-11 10:06:31.693000,2018-05-11 10:06:31.693000,, , 
10:06:34,1.15,1.92,0.95,1.85,3.18,1.47,2.19,1.13,1.03,1.73,0.85,500.0,721.13,0.0,0.0,506.0,721.13,721.11,800.0,4200.0, , , ,2018-05-11 10:06:34.676000,2018-05-11 10:06:34.675000,, , 
10:06:37,1.26,2.03,1.08,1.9,3.13,1.45,2.28,0.77,1.24,1.91,0.74, , , , , ,721.22,721.2,100.0,2000.0, , , , , ,, , 
10:06:40,1.22,2.06,1.12,1.95,2.96,1.45,2.21,0.43,1.08,2.02,0.3,500.0,721.5,721.5,500.0,1006.0,721.5,721.31,100.0,100.0, , , ,2018-05-11 10:06:40.681000,2018-05-11 10:06:40.681000,, , 
10:06:43,1.25,2.12,1.19,2.05,2.88,1.43,2.4,0.11,1.14,1.9,-0.24,500.0,721.58,721.58,500.0,1506.0,721.58,721.5,500.0,600.0, , , ,2018-05-11 10:06:43.679000,2018-05-11 10:06:43.679000,, , 
10:06:46,1.24,2.11,1.3,2.07,2.91,1.34,2.39,-0.14,1.08,1.89,-0.12,500.0,721.59,721.59,400.0,1906.0,721.59,721.58,400.0,5200.0, , , ,2018-05-11 10:06:46.678000,2018-05-11 10:06:46.678000,, , 
10:06:49,1.25,2.15,1.35,2.14,2.67,1.24,2.41,-0.49,1.18,1.88,-0.32, , , , , ,721.8,721.68,300.0,3600.0, , , , , ,, , 
10:06:52,1.18,2.09,1.24,2.07,2.46,1.22,2.28,-0.78,1.09,1.92,-0.44,500.0,722.0,722.0,300.0,2206.0,722.0,721.69,100.0,300.0, , , ,2018-05-11 10:06:52.697000,2018-05-11 10:06:52.697000,, , 
10:06:55,1.1,2.03,1.17,2.03,1.85,1.1,2.21,-1.44,1.04,1.85,-0.76, , , , , ,722.22,722.2,705.0,100.0, , , , , ,, , 
10:06:58,0.97,1.92,1.19,1.96,1.54,0.81,1.97,-1.73,0.91,1.84,-1.14, , , , , ,722.49,722.22,600.0,1095.0, , , , , ,, , 
10:07:01,0.87,1.86,1.17,1.91,1.47,0.59,1.78,-1.81,0.86,1.88,-1.18, , , , , ,722.49,722.23,100.0,200.0, , , , , ,, , 
10:07:04,0.7,1.79,1.01,1.87,1.06,0.59,1.71,-2.19,0.5,1.79,-1.65, , , , , ,722.66,722.49,500.0,800.0, , , , , ,, , 
10:07:07,0.36,1.71,0.65,1.9,0.39,0.05,1.61,-2.81,0.38,1.63,-2.41, , , , , ,723.0,722.99,100.0,200.0, , , , , ,, , 
10:07:10,0.18,1.65,0.57,1.93,0.26,-0.19,1.48,-2.96,0.17,1.55,-2.55, , , , , ,723.0,722.97,100.0,400.0, , , , , ,, , 
10:07:13,0.21,1.52,0.66,1.72,-0.08,-0.12,1.43,-3.31,0.09,1.4,-2.85, , , , , ,723.17,723.0,100.0,500.0, , , , , ,, , 
10:07:16,-0.08,1.34,0.38,1.53,-0.21,-0.33,1.1,-3.58,-0.29,1.4,-2.9, , , , , ,723.17,723.0,100.0,800.0, , , , , ,, , 
10:07:19,-0.25,1.15,0.23,1.27,-0.4,-0.51,1.11,-3.84,-0.45,1.08,-2.93, , , , , ,723.17,723.0,300.0,900.0, , , , , ,, , 
10:07:22,-0.15,0.99,0.31,1.04,-0.55,-0.2,1.14,-4.0,-0.55,0.79,-2.8, , , , , ,723.17,723.0,100.0,1500.0, , , , , ,, , 
10:07:25,-0.11,0.9,0.36,0.95,-0.85,-0.18,1.09,-4.24,-0.5,0.66,-2.83, , , , , ,723.25,723.11,100.0,100.0, , , , , ,, , 
10:07:28,-0.35,0.67,-0.02,0.68,-1.47,-0.26,0.72,-4.61,-0.76,0.6,-3.16, , , , , ,723.51,723.25,100.0,200.0, , , , , ,, , 
10:07:31,-0.57,0.49,-0.3,0.58,-1.77,-0.54,0.56,-4.7,-0.86,0.33,-3.25, , , , , ,723.51,723.3,100.0,100.0, , , , , ,, , 
10:07:34,-0.58,0.47,-0.26,0.69,-2.03,-0.55,0.49,-4.8,-0.92,0.21,-3.48, , , , , ,723.51,723.3,100.0,100.0, , , , , ,, , 
10:07:37,-0.66,0.4,-0.3,0.68,-2.35,-0.72,0.35,-4.96,-0.94,0.17,-3.75, , , , , ,723.59,723.34,100.0,100.0, , , , , ,, , 
10:07:40,-0.63,0.31,-0.36,0.59,-2.62,-0.57,0.22,-5.21,-0.95,0.13,-3.97, , , , , ,723.7,723.51,100.0,100.0, , , , , ,, , 
10:07:43,-0.73,0.19,-0.4,0.47,-2.87,-0.8,0.07,-5.38,-0.99,0.03,-4.12, , , , , ,723.8,723.59,500.0,400.0, , , , , ,, , 
10:07:46,-0.83,0.14,-0.47,0.44,-3.05,-0.88,-0.02,-5.41,-1.13,0.0,-4.14, , , , , ,723.8,723.59,500.0,200.0, , , , , ,, , 
10:07:49,-0.87,0.18,-0.43,0.48,-3.24,-0.94,0.12,-5.62,-1.23,-0.06,-4.24, , , , , ,723.97,723.49,500.0,200.0, , , , , ,, , 
10:07:52,-0.69,0.28,-0.24,0.47,-3.13,-0.56,0.26,-5.28,-1.28,0.1,-4.04, , , , , ,723.6,723.5,300.0,100.0, , , , , ,, , 
10:07:55,-0.72,0.24,-0.36,0.32,-3.21,-0.57,0.37,-5.12,-1.22,0.04,-4.04, , , , , ,723.5,723.49,200.0,100.0, , , , , ,, , 
10:07:58,-0.94,0.09,-0.65,0.13,-3.19,-0.79,0.22,-4.86,-1.37,-0.1,-4.07, , , , , ,723.49,723.33,1100.0,100.0, , , , , ,, , 
10:08:01,-0.91,0.1,-0.44,0.15,-3.25,-0.94,0.21,-4.59,-1.35,-0.06,-4.18, , , , , ,723.5,723.3,200.0,500.0, , , , , ,, , 
10:08:04,-1.02,0.11,-0.61,0.14,-3.31,-0.96,0.22,-4.55,-1.49,-0.02,-4.26, , , , , ,723.47,723.3,100.0,400.0, , , , , ,, , 
10:08:07,-1.03,-0.02,-0.58,-0.04,-3.05,-0.99,0.05,-4.17,-1.54,-0.07,-4.03, , , , , ,723.33,723.0,2100.0,400.0, , , , , ,, , 
10:08:10,-1.12,-0.16,-0.64,-0.15,-3.19,-1.14,-0.02,-4.05,-1.57,-0.3,-3.92, , , , , ,723.3,723.0,1100.0,600.0, , , , , ,, , 
10:08:13,-1.07,-0.3,-0.65,-0.27,-3.19,-1.06,-0.2,-3.71,-1.51,-0.45,-3.76,-2200.0,722.99,722.99,-2200.0,6.0,723.0,722.99,4100.0,100.0,1391.02,0.88, ,2018-05-11 10:08:13.894000,2018-05-11 10:08:13.894000,, , 
10:08:16,-1.31,-0.5,-0.93,-0.56,-3.19,-1.24,-0.38,-3.29,-1.77,-0.58,-3.54, , , , , ,723.0,722.6,8000.0,100.0, , , , , ,, , 
10:08:19,-1.3,-0.57,-0.95,-0.59,-3.44,-1.27,-0.55,-3.19,-1.7,-0.57,-3.58, , , , , ,723.0,722.59,8200.0,200.0, , , , , ,, , 
10:08:22,-1.18,-0.38,-0.99,-0.46,-3.33,-1.2,-0.26,-2.81,-1.35,-0.42,-3.43, , , , , ,722.6,722.59,100.0,100.0, , , , , ,, , 
10:08:25,-1.07,-0.22,-1.06,-0.32,-3.38,-1.05,-0.1,-2.66,-1.11,-0.26,-3.43, , , , , ,722.6,722.51,800.0,100.0, , , , , ,, , 
10:08:28,-1.36,-0.4,-1.27,-0.71,-3.11,-1.41,-0.17,-2.23,-1.41,-0.32,-3.14, , , , , ,722.59,722.0,100.0,1600.0, , , , , ,, , 
10:08:31,-1.28,-0.4,-1.23,-0.66,-2.51,-1.33,-0.33,-1.53,-1.28,-0.21,-2.59, , , , , ,722.0,721.65,2000.0,200.0, , , , , ,, , 
10:08:34,-1.25,-0.35,-1.06,-0.71,-2.62,-1.48,-0.17,-1.45,-1.19,-0.17,-2.71, , , , , ,721.99,721.65,300.0,100.0, , , , , ,, , 
10:08:37,-1.23,-0.26,-1.11,-0.58,-2.67,-1.39,-0.12,-1.45,-1.2,-0.09,-2.77, , , , , ,721.99,721.61,500.0,500.0, , , , , ,, , 
10:08:40,-1.09,-0.05,-0.98,-0.41,-2.47,-1.12,0.12,-1.23,-1.17,0.15,-2.65, , , , , ,721.65,721.59,200.0,300.0, , , , , ,, , 
10:08:43,-0.76,0.13,-0.73,-0.28,-2.52,-0.6,0.19,-1.27,-0.95,0.47,-2.81, , , , , ,721.65,721.58,600.0,100.0, , , , , ,, , 
10:08:46,-0.78,0.04,-0.72,-0.46,-2.3,-0.66,0.09,-1.09,-0.95,0.48,-2.77, , , , , ,721.58,721.3,600.0,100.0, , , , , ,, , 
10:08:49,-0.55,0.18,-0.5,-0.24,-2.23,-0.37,0.22,-0.77,-0.77,0.55,-2.8, , , , , ,721.3,721.23,500.0,100.0, , , , , ,, , 
10:08:52,-0.48,0.41,-0.62,0.02,-2.08,-0.32,0.44,-0.73,-0.49,0.77,-3.04, , , , , ,721.3,721.16,400.0,100.0, , , , , ,, , 
10:08:55,-0.37,0.42,-0.59,0.14,-1.96,-0.27,0.33,-0.6,-0.26,0.8,-3.23, , , , , ,721.23,721.18,300.0,600.0, , , , , ,, , 
10:08:58,-0.52,0.16,-0.77,-0.21,-1.52,-0.41,0.23,-0.21,-0.38,0.46,-3.07, , , , , ,721.0,720.99,12500.0,300.0, , , , , ,, , 
10:09:01,-0.75,-0.07,-0.97,-0.48,-1.27,-0.76,-0.01,-0.18,-0.53,0.27,-3.13, , , , , ,721.0,720.99,13600.0,100.0, , , , , ,, , 
10:09:04,-0.76,-0.13,-0.85,-0.48,-1.25,-0.83,0.05,-0.01,-0.59,0.04,-3.18, , , , , ,721.0,720.99,14800.0,100.0, , , , , ,, , 
10:09:07,-0.61,-0.17,-0.83,-0.3,-1.15,-0.69,-0.18,0.08,-0.3,-0.04,-3.28, , , , , ,721.0,720.96,15205.0,600.0, , , , , ,, , 
10:09:10,-0.61,-0.07,-0.83,-0.21,-0.9,-0.65,-0.04,0.46,-0.35,0.04,-3.05, , , , , ,720.94,720.8,500.0,100.0, , , , , ,, , 
10:09:13,-0.56,0.18,-0.8,0.16,-0.33,-0.6,0.17,0.92,-0.29,0.21,-2.73, , , , , ,720.6,720.5,2000.0,200.0, , , , , ,, , 
10:09:16,-0.28,0.42,-0.6,0.32,0.08,-0.11,0.45,1.14,-0.14,0.49,-2.55, , , , , ,720.5,720.22,400.0,400.0, , , , , ,, , 
10:09:19,0.06,0.62,-0.33,0.54,0.4,0.33,0.59,1.29,0.18,0.74,-2.28, , , , , ,720.22,720.18,300.0,100.0, , , , , ,, , 
10:09:22,0.28,0.85,-0.25,0.68,0.62,0.65,0.69,1.39,0.43,1.17,-2.4, , , , , ,720.14,720.1,100.0,500.0, , , , , ,, , 
10:09:25,0.34,1.07,-0.17,0.82,0.77,0.73,0.94,1.61,0.45,1.45,-2.29, , , , , ,720.14,720.02,500.0,200.0, , , , , ,, , 
10:09:28,0.29,1.13,-0.32,0.8,0.88,0.9,0.89,1.99,0.29,1.69,-2.21, , , , , ,720.11,720.0,200.0,12000.0, , , , , ,, , 
10:09:31,-0.08,0.47,-0.79,-0.04,1.09,0.47,0.26,2.54,0.08,1.19,-2.03, , , , , ,720.0,719.88,300.0,100.0, , , , , ,, , 
10:09:34,-0.09,0.58,-0.53,0.51,1.14,0.3,0.33,2.48,-0.04,0.91,-2.07, , , , , ,720.14,719.77,500.0,100.0, , , , , ,, , 
10:09:37,0.09,0.51,-0.13,0.57,1.35,0.34,0.43,2.72,0.06,0.53,-1.84, , , , , ,719.88,719.68,300.0,200.0, , , , , ,, , 
10:09:40,0.12,0.56,-0.31,0.6,1.26,0.52,0.69,2.49,0.15,0.38,-1.96, , , , , ,719.88,719.77,100.0,100.0, , , , , ,, , 
10:09:43,0.16,0.56,-0.22,0.47,1.27,0.4,0.64,2.21,0.32,0.58,-1.94, , , , , ,719.88,719.68,400.0,100.0, , , , , ,, , 
10:09:46,0.11,0.71,-0.28,0.63,1.16,0.28,0.84,2.33,0.31,0.66,-1.94, , , , , ,719.96,719.67,200.0,200.0, , , , , ,, , 
10:09:49,0.61,1.12,0.39,1.01,1.42,0.79,1.27,2.52,0.64,1.06,-1.78, , , , , ,719.7,719.69,200.0,100.0, , , , , ,, , 
10:09:52,0.81,1.47,0.47,1.17,1.89,1.22,1.55,3.02,0.75,1.69,-1.31,500.0,719.5,719.5,400.0,406.0,719.5,719.2,200.0,100.0, , , ,2018-05-11 10:09:52.775000,2018-05-11 10:09:52.775000,, , 
10:09:55,1.0,1.67,0.73,1.24,1.0,1.35,1.66,2.23,0.92,2.12,-2.34, , , , , ,720.11,720.0,200.0,3000.0, , , , , ,, , 
10:09:58,1.04,1.85,0.91,1.45,1.09,1.2,1.64,2.05,1.0,2.47,-2.49,500.0,720.11,720.11,400.0,806.0,720.11,720.0,200.0,1100.0, , , ,2018-05-11 10:09:58.696000,2018-05-11 10:09:58.696000,, , 
10:10:01,1.25,1.88,1.17,1.66,1.03,1.49,1.7,1.93,1.08,2.26,-2.73, , , , , ,720.14,720.11,200.0,100.0, , , , , ,, , 
10:10:04,1.23,2.19,1.18,1.86,1.26,1.45,1.91,1.81,1.07,2.79,-2.73,500.0,720.14,720.14,500.0,1306.0,720.14,720.01,200.0,1834.0, , , ,2018-05-11 10:10:04.679000,2018-05-11 10:10:04.679000,, , 
10:10:07,1.24,2.03,1.24,1.77,1.27,1.4,1.75,1.56,1.09,2.58,-2.82,500.0,720.14,720.14,500.0,1806.0,720.14,720.11,100.0,100.0, , , ,2018-05-11 10:10:07.699000,2018-05-11 10:10:07.699000,, , 
10:10:10,0.99,1.8,1.05,1.65,1.27,1.04,1.58,1.18,0.89,2.17,-3.05, , , , , ,720.57,720.02,100.0,1300.0, , , , , ,, , 
10:10:13,0.79,1.5,1.05,1.35,1.13,0.84,1.4,0.88,0.47,1.76,-3.19, , , , , ,720.57,720.22,200.0,200.0, , , , , ,, , 
10:10:16,0.67,1.54,0.96,1.38,1.03,0.61,1.37,0.77,0.43,1.85,-3.3, , , , , ,720.57,720.3,200.0,600.0, , , , , ,, , 
