tick_time,bid,ask,bid 20,ask 20,la 20,bid 40,ask 40,la 40,bid 100,ask 100,la 100,volume_ma,volume_ema,order,price,avePrice,trans,net,profit,profit_rate,askp0,bidp0,askv0,bidv0,is_mocked,order_time,exchange_time,orderSide,new_order_status,reason,order_status,earn,cost,order_local_time,exchange_local_time
09:30:15, , , , ,0.57, , ,-0.95, , ,0.3,700,600.0, , , , , , , ,732.25,732.01,1900.0,200.0, , , ,, , , , , , , 
09:30:18, , , , ,0.48, , ,-0.95, , ,0.26,3201,598.0, , , , , , , ,732.25,732.13,1900.0,100.0, , , ,, , , , , , , 
09:30:21, , , , ,0.4, , ,-1.04, , ,0.2,3201,630.0, , , , , , , ,732.5,732.0,200.0,5200.0, , , ,, , , , , , , 
09:30:24, , , , ,0.44, , ,-0.95, , ,0.28,3201,647.0, , , , , , , ,732.24,732.13,100.0,3200.0, , , ,, , , , , , , 
09:30:27, , , , ,0.14, , ,-1.21, , ,-0.04,3201,677.0, , , , , , , ,732.5,732.25,400.0,100.0, , , ,, , , , , , , 
09:30:30, , , , ,-0.02, , ,-1.08, , ,-0.17,3201,676.0, , , , , , , ,732.6,732.25,100.0,2300.0, , , ,, , , , , , , 
09:30:33, , , , ,-0.29, , ,-1.19, , ,-0.37,3201,686.0, , , , , , , ,732.6,732.5,100.0,100.0, , , ,, , , , , , , 
09:30:36, , , , ,-0.52, , ,-1.36, , ,-0.56,3201,691.0, , , , , , , ,732.86,732.5,900.0,600.0, , , ,, , , , , , , 
09:30:39, , , , ,-0.71, , ,-1.27, , ,-0.67,3201,707.0, , , , , , , ,732.87,732.6,700.0,100.0, , , ,, , , , , , , 
09:30:42, , , , ,-0.74, , ,-1.3, , ,-0.76,3201,726.0, , , , , , , ,732.87,732.6,800.0,2900.0, , , ,, , , , , , , 
09:30:45, , , , ,-0.8, , ,-1.39, , ,-0.91,3201,730.0, , , , , , , ,732.87,732.63,100.0,100.0, , , ,, , , , , , , 
09:30:48, , , , ,-1.1, , ,-1.25, , ,-0.93,3201,765.0, , , , , , , ,732.86,732.63,700.0,1000.0, , , ,, , , , , , , 
09:30:51, , , , ,-1.4, , ,-1.21, , ,-0.76,3201,786.0, , , , , , , ,732.63,732.6,100.0,1057.0, , , ,, , , , , , , 
09:30:54, , , , ,-1.65, , ,-1.55, , ,-1.04,3201,798.0, , , , , , , ,732.85,732.63,100.0,100.0, , , ,, , , , , , , 
09:30:57, , , , ,-1.57, , ,-1.52, , ,-0.77,3201,802.0, , , , , , , ,732.61,732.6,200.0,1557.0, , , ,, , , , , , , 
09:31:00, , , , ,-1.57, , ,-1.82, , ,-0.97,3201,823.0, , , , , , , ,732.8,732.64,100.0,100.0, , , ,, , , , , , , 
09:31:03, , , , ,-1.37, , ,-2.18, , ,-1.23,3201,849.0, , , , , , , ,732.85,732.83,1900.0,100.0, , , ,, , , , , , , 
09:31:06, , , , ,-1.27, , ,-1.99, , ,-0.87,3201,898.0, , , , , , , ,732.6,732.58,1100.0,100.0, , , ,, , , , , , , 
09:31:09, , , , ,-1.24, , ,-2.07, , ,-1.02,3201,911.0, , , , , , , ,732.6,732.5,100.0,1594.0, , , ,, , , , , , , 
09:31:12, , , , ,-1.38, , ,-2.2, , ,-1.14,3201,918.0, , , , , , , ,732.59,732.51,200.0,100.0, , , ,, , , , , , , 
09:31:15,-0.76,-0.22,-0.86,-0.53,-1.51,-0.95,-0.37,-2.18,-0.45,0.25,-1.07,3201,937.0, , , , , , , ,732.6,732.5,3300.0,1094.0, , , ,, , , , , , , 
09:31:18,-0.81,-0.34,-1.08,-0.58,-1.44,-0.86,-0.55,-2.19,-0.47,0.1,-1.21,3201,951.0, , , , , , , ,732.58,732.5,100.0,1294.0, , , ,, , , , , , , 
09:31:21,-0.77,-0.28,-0.99,-0.68,-1.45,-0.94,-0.4,-2.22,-0.37,0.23,-1.27,3201,949.0, , , , , , , ,732.59,732.5,200.0,1394.0, , , ,, , , , , , , 
09:31:24,-0.94,-0.58,-1.15,-0.86,-1.44,-1.13,-0.71,-2.23,-0.54,-0.19,-1.19,3201,965.0, , , , , , , ,732.58,732.5,200.0,594.0, , , ,, , , , , , , 
09:31:27,-1.47,-0.91,-1.57,-1.03,-1.25,-1.94,-1.2,-2.04,-0.89,-0.5,-0.98,3201,985.0,-600.0,732.3,732.3,-600.0,-600.0, , ,732.5,732.3,1300.0,1400.0, ,2018-05-31 09:31:27,2018-05-31 09:31:27.579000,, , ,FILLED, , ,2018-05-31 09:31:27.580000,2018-05-31 09:31:28.680000
09:31:30,-1.27,-0.75,-1.45,-0.94,-1.09,-1.65,-0.92,-2.08,-0.73,-0.4,-0.81,3201,1020.0, , , , , , , ,732.57,732.3,200.0,600.0, , , ,, , , , , , , 
09:31:33,-1.36,-0.88,-1.47,-1.15,-0.79,-1.94,-1.02,-1.85,-0.68,-0.46,-0.41,3201,1047.0, , , , , , , ,732.3,732.23,300.0,700.0, , , ,, , , , , , , 
09:31:36,-1.35,-0.92,-1.49,-1.33,-0.78,-1.98,-1.07,-1.82,-0.57,-0.36,-0.39,3201,1073.0, , , , , , , ,732.5,732.0,1100.0,400.0, , , ,, , , , , , , 
09:31:39,-1.21,-0.6,-1.29,-0.97,-0.61,-1.85,-0.84,-1.96,-0.49,0.0,-0.41,3201,1086.0, , , , , , , ,732.51,732.0,100.0,200.0, , , ,, , , , , , , 
09:31:42,-0.65,-0.41,-1.07,-0.77,-0.43,-1.07,-0.57,-1.9,0.2,0.1,-0.15,3201,1084.0, , , , , , , ,732.2,731.98,100.0,600.0, , , ,, , , , , , , 
09:31:45,-0.66,-0.32,-1.29,-0.75,-0.59,-1.01,-0.47,-2.15,0.31,0.27,-0.21,3201,1106.0, , , , , , , ,732.2,732.13,200.0,200.0, , , ,, , , , , , , 
09:31:48,-0.94,-0.71,-1.68,-1.1,-0.45,-1.21,-0.87,-2.35,0.07,-0.17,-0.12,3201,1105.0, , , , , , , ,732.2,732.13,400.0,100.0, , , ,, , , , , , , 
09:31:51,-1.0,-0.53,-1.64,-0.67,0.55,-1.26,-0.74,-1.26,-0.1,-0.17,1.15,3201,1121.0, , , , , , , ,732.01,730.65,100.0,700.0, , , ,, , , , , , , 
09:31:54,-0.04,0.73,-0.69,1.05,1.22,-0.14,0.39,-0.42,0.7,0.75,2.04,3201,1112.0, , , , , , , ,730.78,730.65,300.0,1100.0, , , ,, , , , , , , 
09:31:57,-0.48,0.34,-1.59,0.02,-0.55,-0.57,0.07,-2.04,0.74,0.92,0.48,3201,1109.0, , , , , , , ,732.0,731.8,5100.0,1000.0, , , ,, , , , , , , 
09:32:00,-1.17,-0.3,-1.83,-0.57,-0.67,-1.38,-0.47,-1.94,-0.3,0.15,0.58,3201,1132.0, , , , , , , ,731.95,731.8,100.0,800.0, , , ,, , , , , , , 
09:32:03,-0.61,-0.19,-1.34,-0.24,-0.75,-0.69,-0.36,-1.73,0.21,0.03,0.74,3201,1187.0, , , , , , , ,731.8,731.78,500.0,100.0, , , ,, , , , , , , 
09:32:06,-1.0,-0.27,-1.76,-0.64,-0.9,-1.25,-0.29,-1.58,0.02,0.12,0.78,3201,1185.0, , , , , , , ,731.8,731.78,7433.0,200.0, , , ,, , , , , , , 
09:32:09,-0.87,-0.32,-1.41,-0.55,-0.21,-1.21,-0.61,-0.54,-0.0,0.18,1.65,3201,1181.0, , , , , , , ,731.78,730.6,200.0,800.0, , , ,, , , , , , , 
09:32:12,-0.17,-0.12,-0.55,-0.09,-1.17,-0.5,-0.53,-1.14,0.55,0.25,0.69,3201,1176.0, , , , , , , ,731.8,731.78,7215.0,2000.0, , , ,, , , , , , , 
09:32:15,0.22,0.39,-0.32,0.51,-0.6,0.25,0.18,-0.36,0.74,0.47,1.09,3201,1196.0,600.0,731.02,731.02,600.0,0.0,250.75,0.57,731.78,731.0,1800.0,4000.0, ,2018-05-31 09:32:15,2018-05-31 09:32:15.673000,, , ,FILLED,438901.6511232932,438650.8997592188,2018-05-31 09:32:15.673000,2018-05-31 09:32:17.349000
09:32:18,0.54,0.83,-0.23,0.43,-0.62,0.34,0.7,-0.16,1.52,1.37,0.99,3201,1261.0, , , , , , , ,731.78,731.0,300.0,4700.0, , , ,, , , , , , , 
09:32:21,0.85,0.98,0.07,0.47,-0.64,0.88,0.95,0.04,1.6,1.51,0.93,3201,1252.0,600.0,731.77,0.0,0.0,0.0, , ,731.77,731.0,700.0,4300.0, ,2018-05-31 09:32:21,2018-05-31 09:32:21.674000,, , ,CANCELED, , ,2018-05-31 09:32:21.674000,2018-05-31 09:32:25.309000
09:32:24,0.56,0.69,-0.01,0.18,-1.19,0.09,0.66,-0.3,1.6,1.22,0.45,3201,1261.0, , , , , , , ,731.78,731.77,100.0,600.0, , , ,, , , , , , , 
09:32:27,0.89,1.03,0.28,0.59,-0.68,0.92,1.22,0.34,1.47,1.3,1.02,3201,1258.0,600.0,731.8,731.8,600.0,600.0, ,-2.27,731.8,731.0,215.0,4500.0, ,2018-05-31 09:32:27,2018-05-31 09:32:27.701000,, , ,FILLED, , ,2018-05-31 09:32:27.701000,2018-05-31 09:32:29.059000
09:32:30,1.28,1.55,0.42,1.0,-0.64,1.21,1.92,0.5,2.22,1.73,1.01,3201,1264.0,600.0,731.77,731.77,600.0,1200.0, ,-2.25,731.77,731.0,415.0,4700.0, ,2018-05-31 09:32:30,2018-05-31 09:32:30.704000,, , ,FILLED, , ,2018-05-31 09:32:30.704000,2018-05-31 09:32:34.162000
09:32:33,1.49,1.64,0.83,0.98,-1.46,1.37,2.03,-0.23,2.26,1.9,0.15,3201,1280.0, , , , , , , ,732.0,731.95,2015.0,400.0, , , ,, , , , , , , 
09:32:36,1.24,1.49,0.66,1.14,-1.44,0.98,1.66,-0.15,2.1,1.66,0.09,3201,1337.0,600.0,731.99,731.99,600.0,1800.0, ,-1.05,731.99,731.95,600.0,500.0, ,2018-05-31 09:32:36,2018-05-31 09:32:36.639000,, , ,FILLED, , ,2018-05-31 09:32:36.639000,2018-05-31 09:32:37.273000
09:32:39,0.98,0.99,0.08,0.78,-0.77,1.44,1.23,0.73,1.43,0.97,0.83,3201,1337.0, , , , , , , ,731.77,731.0,200.0,600.0, , , ,, , , , , , , 
09:32:42,1.06,1.4,0.38,1.1,-1.64,0.99,1.75,0.07,1.82,1.34,0.14,3201,1336.0, , , , , , , ,732.0,731.78,1415.0,100.0, , , ,, , , , , , , 
09:32:45,1.56,1.79,0.81,1.21,-1.75,2.03,2.29,0.14,1.84,1.87,0.21,2709,1396.0,600.0,731.95,731.95,600.0,2400.0, ,-1.28,731.95,731.8,200.0,300.0, ,2018-05-31 09:32:45,2018-05-31 09:32:45.713000,, , ,FILLED, , ,2018-05-31 09:32:45.713000,2018-05-31 09:32:47.497000
09:32:48,0.8,1.26,0.26,0.84,-1.81,0.99,1.19,0.29,1.14,1.76,0.41,2940,1402.0, , , , , , , ,731.78,731.77,3800.0,785.0, , , ,, , , , , , , 
09:32:51,0.17,0.52,-0.1,0.13,-1.87,0.23,0.24,0.3,0.38,1.17,0.46,2828,1417.0, , , , , , , ,731.78,731.77,1300.0,485.0, , , ,, , , , , , , 
09:32:54,0.18,0.42,-0.28,0.11,-1.48,0.09,0.29,0.82,0.74,0.86,0.91,2861,1417.0, , , , , , , ,731.77,731.2,2215.0,600.0, , , ,, , , , , , , 
09:32:57,0.37,0.49,-0.29,-0.02,-1.33,0.34,0.61,1.04,1.06,0.89,1.05,2602,1425.0, , , , , , , ,731.76,731.0,1000.0,1400.0, , , ,, , , , , , , 
09:33:00,0.13,0.21,-0.53,-0.11,-1.22,-0.01,0.2,1.26,0.95,0.54,1.09,2662,1431.0, , , , , , , ,731.7,731.0,1800.0,1700.0, , , ,, , , , , , , 
09:33:03,-0.22,-0.13,-0.81,-0.39,-1.1,-0.27,-0.26,1.47,0.41,0.27,1.11,2630,1444.0, , , , , , , ,731.66,731.0,600.0,1300.0, , , ,, , , , , , , 
09:33:06,-0.66,-0.44,-1.4,-0.97,-0.36,-0.75,-0.5,2.06,0.17,0.13,1.71,2748,1462.0,-2400.0,730.98,730.981,-2400.0,0.0,-4217.33,-2.4,731.0,730.8,1800.0,3200.0, ,2018-05-31 09:33:06,2018-05-31 09:33:06.611000,, , ,FILLED,1752444.4508521426,1756661.7815574273,2018-05-31 09:33:06.611000,2018-05-31 09:33:09.319000
09:33:09,-0.53,-0.35,-1.59,-0.69,-0.21,-0.17,-0.53,2.02,0.17,0.17,1.59,2894,1498.0, , , , , , , ,731.0,730.9,100.0,200.0, , , ,, , , , , , , 
09:33:12,-0.84,-0.76,-1.62,-1.3,0.01,-0.92,-0.88,1.97,0.01,-0.1,1.53,2662,1487.0, , , , , , , ,731.0,730.9,300.0,200.0, , , ,, , , , , , , 
09:33:15,-0.59,-0.54,-1.22,-0.83,0.24,-0.78,-0.78,1.91,0.24,-0.02,1.46,2789,1476.0, , , , , , , ,731.0,730.9,200.0,100.0, , , ,, , , , , , , 
09:33:18,-0.38,-0.52,-1.02,-1.07,0.45,-0.5,-0.7,1.95,0.39,0.2,1.31,2570,1464.0, , , , , , , ,731.0,730.9,4000.0,300.0, , , ,, , , , , , , 
09:33:21,-0.52,-0.31,-1.13,-0.63,0.71,-0.46,-0.53,2.04,0.02,0.24,1.29,2417,1457.0, , , , , , , ,731.0,730.8,3800.0,2700.0, , , ,, , , , , , , 
09:33:24,-0.16,-0.16,-0.71,-0.46,0.94,-0.03,-0.33,2.08,0.26,0.31,1.22,2305,1455.0, , , , , , , ,730.94,730.8,100.0,3300.0, , , ,, , , , , , , 
09:33:27,0.05,0.09,-0.5,-0.19,1.02,0.04,0.02,1.98,0.63,0.43,1.07,2420,1459.0, , , , , , , ,731.0,730.8,2000.0,3900.0, , , ,, , , , , , , 
09:33:30,0.14,0.11,-0.46,-0.36,1.1,-0.16,0.11,1.86,1.03,0.58,0.93,2688,1513.0, , , , , , , ,731.19,730.7,1000.0,100.0, , , ,, , , , , , , 
09:33:33,-0.09,0.15,-0.67,-0.07,1.18,-0.42,0.05,1.83,0.8,0.48,0.85,2943,1539.0, , , , , , , ,731.19,730.7,300.0,142.0, , , ,, , , , , , , 
09:33:36,-0.11,0.12,-0.65,-0.26,1.39,-0.54,0.04,1.94,0.87,0.58,0.88,2552,1528.0, , , , , , , ,730.9,730.8,800.0,600.0, , , ,, , , , , , , 
09:33:39,-0.21,-0.04,-0.88,-0.26,1.38,-0.43,-0.22,1.83,0.68,0.38,0.67,2473,1531.0, , , , , , , ,731.0,730.82,4400.0,900.0, , , ,, , , , , , , 
09:33:42,-0.68,-0.24,-1.32,-0.58,1.85,-0.72,-0.35,2.17,0.0,0.2,0.96,2822,1591.0, , , , , , , ,730.6,730.58,5500.0,100.0, , , ,, , , , , , , 
09:33:45,-1.69,-0.93,-2.78,-1.24,2.11,-1.49,-1.18,2.26,-0.81,-0.37,1.06,2962,1638.0,-600.0,730.36,730.36,-600.0,-600.0, ,-1.37,730.5,730.36,2000.0,100.0, ,2018-05-31 09:33:45,2018-05-31 09:33:45.702000,, , ,FILLED, , ,2018-05-31 09:33:45.702000,2018-05-31 09:33:48.371000
09:33:48,-1.75,-1.22,-2.5,-1.69,2.13,-1.77,-1.41,2.23,-0.99,-0.56,0.96,2780,1637.0,-600.0,730.36,730.36,-600.0,-1200.0, ,-1.37,730.5,730.36,900.0,400.0, ,2018-05-31 09:33:48,2018-05-31 09:33:48.602000,, , ,FILLED, , ,2018-05-31 09:33:48.602000,2018-05-31 09:33:49.954000
09:33:51,-1.61,-1.05,-2.27,-1.22,2.26,-1.7,-1.39,2.34,-0.85,-0.54,0.97,2977,1661.0, , , , , , , ,730.36,730.33,700.0,72.0, , , ,, , , , , , , 
09:33:54,-1.31,-0.89,-1.93,-1.34,2.28,-1.14,-0.98,2.15,-0.85,-0.35,0.8,2941,1658.0, , , , , , , ,730.5,730.33,200.0,172.0, , , ,, , , , , , , 
09:33:57,-1.15,-0.69,-1.69,-1.01,2.34,-1.05,-0.77,2.2,-0.72,-0.31,0.72,2925,1643.0, , , , , , , ,730.5,730.36,200.0,100.0, , , ,, , , , , , , 
09:34:00,-0.92,-0.64,-1.39,-0.94,2.52,-0.65,-0.81,2.16,-0.71,-0.19,0.66,2732,1629.0, , , , , , , ,730.5,730.36,200.0,400.0, , , ,, , , , , , , 
09:34:03,-0.69,-0.25,-0.69,-0.26,2.54,-0.74,-0.38,1.9,-0.62,-0.1,0.55,2718,1638.0, , , , , , , ,730.6,730.5,2400.0,500.0, , , ,, , , , , , , 
09:34:06,0.25,0.51,0.05,0.4,2.33,0.34,0.64,1.71,0.35,0.47,0.5,2689,1661.0,1200.0,730.62,730.62,400.0,-800.0, ,-1.7,730.8,730.6,100.0,1000.0, ,2018-05-31 09:34:06,2018-05-31 09:34:06.624000,, , ,CANCELED, , ,2018-05-31 09:34:06.624000,2018-05-31 09:34:10.395000
09:34:09,0.93,0.95,0.37,0.71,2.16,0.89,1.36,1.31,1.53,0.78,0.56,2535,1662.0,1400.0,731.0,731.0,1400.0,600.0,-1647.95,-1.88,731.0,730.7,2300.0,200.0, ,2018-05-31 09:34:09,2018-05-31 09:34:10.396000,, , ,FILLED,875477.8367183079,877125.783909294,2018-05-31 09:34:10.396000,2018-05-31 09:34:11.330000
09:34:12,1.24,1.28,0.63,0.98,1.77,1.03,1.51,0.85,2.05,1.36,0.51,2732,1672.0,600.0,731.18,731.18,400.0,1000.0, ,-1.28,731.18,731.0,100.0,500.0, ,2018-05-31 09:34:12,2018-05-31 09:34:12.696000,, , ,CANCELED, , ,2018-05-31 09:34:12.696000,2018-05-31 09:34:16.024000
09:34:15,1.51,1.65,0.85,1.21,1.58,1.55,2.06,0.79,2.12,1.67,0.58,2444,1659.0,600.0,731.19,0.0,0.0,1000.0, , ,731.19,731.18,300.0,200.0, ,2018-05-31 09:34:15,2018-05-31 09:34:16.024000,, , ,CANCELED, , ,2018-05-31 09:34:16.024000,2018-05-31 09:34:19.027000
09:34:18,1.69,2.19,1.15,1.73,1.36,1.75,2.82,0.38,2.17,2.01,0.44,2482,1647.0,600.0,731.5,731.5,600.0,1600.0, ,-1.14,731.5,731.26,3700.0,100.0, ,2018-05-31 09:34:18,2018-05-31 09:34:19.027000,, , ,FILLED, , ,2018-05-31 09:34:19.027000,2018-05-31 09:34:19.984000
09:34:21,1.94,2.29,1.55,1.78,1.3,2.06,2.99,0.24,2.2,2.12,0.41,2216,1640.0,600.0,731.5,731.5,600.0,2200.0, ,-1.08,731.5,731.38,2800.0,400.0, ,2018-05-31 09:34:21,2018-05-31 09:34:21.640000,, , ,FILLED, , ,2018-05-31 09:34:21.640000,2018-05-31 09:34:22.535000
09:34:24,2.14,2.64,1.69,2.48,1.01,1.95,2.88,0.03,2.77,2.56,0.17,2516,1696.0,600.0,731.7,731.7,600.0,2800.0, ,-0.89,731.7,731.6,1600.0,100.0, ,2018-05-31 09:34:24,2018-05-31 09:34:24.667000,, , ,FILLED, , ,2018-05-31 09:34:24.667000,2018-05-31 09:34:25.578000
09:34:27,2.13,2.64,1.59,2.35,0.82,2.03,2.91,-0.08,2.76,2.66,0.1,2701,1700.0,600.0,731.76,731.76,100.0,2900.0, ,-0.74,731.76,731.72,200.0,1600.0, ,2018-05-31 09:34:27,2018-05-31 09:34:27.575000,, , ,CANCELED, , ,2018-05-31 09:34:27.575000,2018-05-31 09:34:31.150000
09:34:30,1.93,2.85,1.57,2.43,0.73,1.62,3.2,0.11,2.61,2.93,0.17,2867,1693.0,600.0,731.77,0.0,0.0,2900.0, , ,731.77,731.76,600.0,1400.0, ,2018-05-31 09:34:30,2018-05-31 09:34:31.150000,, , ,CANCELED, , ,2018-05-31 09:34:31.150000,2018-05-31 09:34:34.268000
09:34:33,2.23,2.75,1.84,2.25,0.6,2.14,3.3,0.17,2.71,2.69,0.1,2343,1685.0,600.0,731.9,731.9,600.0,3500.0, ,-0.76,731.9,731.79,100.0,1100.0, ,2018-05-31 09:34:33,2018-05-31 09:34:34.268000,, , ,FILLED, , ,2018-05-31 09:34:34.268000,2018-05-31 09:34:35.781000
09:34:36,1.91,2.57,1.58,2.34,0.54,1.98,2.76,0.13,2.17,2.6,0.12,2555,1736.0,600.0,731.95,731.897,600.0,4100.0, ,-0.85,731.95,731.79,100.0,100.0, ,2018-05-31 09:34:36,2018-05-31 09:34:36.693000,, , ,FILLED, , ,2018-05-31 09:34:36.693000,2018-05-31 09:34:39.836000
09:34:39,1.58,2.19,1.18,1.65,0.38,1.6,2.59,-0.01,1.97,2.31,0.03,2475,1729.0, , , , , , , ,731.99,731.95,700.0,1100.0, , , ,, , , , , , , 
09:34:42,1.46,2.35,1.32,1.78,0.27,1.38,2.86,0.01,1.69,2.4,0.03,2763,1755.0, , , , , , , ,732.0,731.95,1100.0,1100.0, , , ,, , , , , , , 
09:34:45,1.3,1.92,1.33,1.24,0.2,1.61,2.36,0.09,0.96,2.17,0.12,3106,1763.0, , , , , , , ,731.99,731.9,300.0,900.0, , , ,, , , , , , , 
09:34:48,0.91,1.74,1.03,1.39,0.09,1.47,1.94,0.12,0.22,1.91,0.1,2459,1758.0, , , , , , , ,732.0,731.99,700.0,100.0, , , ,, , , , , , , 
09:34:51,1.15,1.89,1.12,1.26,0.05,1.54,2.28,0.2,0.8,2.13,0.16,2535,1751.0, , , , , , , ,732.04,732.0,400.0,400.0, , , ,, , , , , , , 
09:34:54,1.2,1.99,1.1,1.2,-0.06,1.32,2.44,0.27,1.17,2.34,0.26,2371,1743.0, , , , , , , ,732.04,732.0,300.0,800.0, , , ,, , , , , , , 
09:34:57,1.22,2.06,1.28,1.14,-0.34,1.45,2.64,-0.05,0.92,2.4,-0.05,2396,1740.0, , , , , , , ,732.57,732.0,2000.0,1300.0, , , ,, , , , , , , 
09:35:00,0.91,1.91,0.81,1.26,-0.33,1.54,2.23,0.07,0.38,2.25,0.07,2444,1740.0, , , , , , , ,732.5,732.0,300.0,600.0, , , ,, , , , , , , 
09:35:03,0.63,1.46,0.52,0.98,-0.81,1.24,1.7,-0.28,0.14,1.7,-0.26,2692,1733.0, , , , , , , ,732.56,732.5,100.0,500.0, , , ,, , , , , , , 
09:35:06,0.66,1.71,0.7,1.11,-0.8,1.04,1.97,-0.24,0.24,2.06,-0.22,2169,1725.0, , , , , , , ,732.57,732.5,1900.0,900.0, , , ,, , , , , , , 
09:35:09,0.42,1.37,0.53,0.85,-0.67,0.79,1.78,0.12,-0.07,1.47,0.15,2128,1722.0, , , , , , , ,732.4,732.2,400.0,1100.0, , , ,, , , , , , , 
09:35:12,0.05,0.78,0.26,0.63,-0.87,0.41,0.83,-0.08,-0.51,0.89,0.13,2622,1730.0, , , , , , , ,732.4,732.3,1500.0,200.0, , , ,, , , , , , , 
09:35:15,-0.06,0.67,0.12,0.34,-0.83,0.01,0.69,-0.25,-0.3,0.99,0.17,2162,1728.0, , , , , , , ,732.4,732.35,200.0,200.0, , , ,, , , , , , , 
09:35:18,-0.09,0.68,0.07,0.1,-0.96,-0.06,0.76,-0.33,-0.27,1.18,0.27,2203,1726.0, , , , , , , ,732.36,732.35,300.0,200.0, , , ,, , , , , , , 
09:35:21,-0.05,0.79,0.03,0.13,-1.1,-0.12,1.0,-0.48,-0.05,1.25,0.32,2064,1725.0, , , , , , , ,732.5,732.35,1100.0,200.0, , , ,, , , , , , , 
09:35:24,0.19,0.79,0.05,0.26,-1.02,0.39,0.85,-0.43,0.11,1.26,0.53,2063,1715.0, , , , , , , ,732.49,732.35,100.0,300.0, , , ,, , , , , , , 
09:35:27,-0.12,0.34,-0.53,-0.07,-0.95,0.12,0.53,-0.32,0.04,0.55,0.97,2000,1708.0, , , , , , , ,732.4,732.35,1100.0,100.0, , , ,, , , , , , , 
09:35:30,-0.5,0.16,-0.69,-0.37,-0.42,-0.1,0.27,-0.04,-0.71,0.57,1.66,2126,1724.0, , , , , , , ,732.3,732.0,785.0,100.0, , , ,, , , , , , , 
09:35:33,-0.53,0.33,-0.76,-0.15,-0.42,-0.2,0.39,-0.27,-0.62,0.74,1.94,2148,1724.0, , , , , , , ,732.4,732.15,840.0,100.0, , , ,, , , , , , , 
09:35:36,-0.4,0.24,-0.67,-0.21,-0.51,-0.08,0.22,-0.41,-0.44,0.72,2.33,2277,1724.0, , , , , , , ,732.4,732.27,440.0,100.0, , , ,, , , , , , , 
09:35:39,-0.3,0.42,-0.53,0.1,-0.49,-0.02,0.36,-0.45,-0.34,0.79,2.6,1977,1741.0, , , , , , , ,732.49,732.15,440.0,300.0, , , ,, , , , , , , 
09:35:42,-0.28,0.24,-0.53,-0.04,-0.1,0.04,0.26,-0.1,-0.33,0.5,3.29,2043,1756.0, , , , , , , ,732.15,731.97,800.0,190.0, , , ,, , , , , , , 
09:35:45,-0.62,-0.05,-1.14,-0.23,0.03,-0.32,-0.04,0.07,-0.42,0.12,3.63,2008,1752.0, , , , , , , ,732.0,731.97,2110.0,200.0, , , ,, , , , , , , 
09:35:48,-0.5,0.07,-0.89,0.01,0.13,-0.28,0.02,0.12,-0.32,0.17,3.83,2002,1745.0, , , , , , , ,732.0,731.97,200.0,77.0, , , ,, , , , , , , 
09:35:51,-0.38,0.08,-0.9,-0.07,-0.07,-0.35,-0.0,-0.14,0.1,0.32,3.77,1985,1736.0, , , , , , , ,732.27,732.15,200.0,200.0, , , ,, , , , , , , 
09:35:54,-0.41,0.13,-0.8,-0.11,0.22,-0.24,0.07,0.14,-0.19,0.45,4.2,2017,1735.0, , , , , , , ,732.33,731.76,100.0,177.0, , , ,, , , , , , , 
09:35:57,-0.5,0.02,-0.89,-0.07,0.78,-0.43,-0.07,0.65,-0.17,0.19,4.93,2335,1723.0, , , , , , , ,731.76,731.6,23.0,200.0, , , ,, , , , , , , 
09:36:00,-0.34,0.12,-0.72,-0.06,0.12,-0.22,0.19,-0.1,-0.06,0.24,4.46,2073,1718.0, , , , , , , ,732.28,732.15,100.0,300.0, , , ,, , , , , , , 
09:36:03,-0.16,0.28,-0.65,-0.11,0.32,-0.2,0.39,0.07,0.37,0.55,4.81,1771,1718.0, , , , , , , ,732.15,732.04,100.0,100.0, , , ,, , , , , , , 
09:36:06,-0.37,0.14,-0.78,0.02,0.83,-0.17,0.1,0.55,-0.15,0.32,5.5,1900,1722.0, , , , , , , ,732.0,731.5,3680.0,77.0, , , ,, , , , , , , 
09:36:09,-0.5,-0.04,-1.12,-0.21,0.88,-0.19,-0.09,0.49,-0.19,0.18,5.63,2280,1711.0, , , , , , , ,732.0,731.5,3480.0,164.0, , , ,, , , , , , , 
09:36:12,-0.58,-0.06,-1.18,-0.35,0.91,-0.3,-0.08,0.6,-0.25,0.25,5.87,2144,1707.0, , , , , , , ,731.76,731.5,100.0,364.0, , , ,, , , , , , , 
09:36:15,-0.55,0.03,-0.92,-0.17,0.63,-0.45,0.09,0.4,-0.27,0.18,5.81,1684,1692.0, , , , , , , ,731.96,731.5,500.0,364.0, , , ,, , , , , , , 
09:36:18,-0.55,-0.06,-0.97,-0.38,0.23,-0.41,0.05,-0.06,-0.26,0.15,5.74,1810,1678.0, , , , , , , ,731.96,731.95,500.0,300.0, , , ,, , , , , , , 
09:36:21,-0.69,-0.17,-1.07,-0.31,1.05,-0.8,-0.1,0.74,-0.2,-0.11,6.87,1575,1671.0, , , , , , , ,731.4,731.19,300.0,741.0, , , ,, , , , , , , 
09:36:24,-0.63,0.0,-1.01,-0.18,0.86,-0.81,0.21,0.39,-0.07,-0.03,6.85,1424,1657.0, , , , , , , ,731.76,731.19,200.0,1441.0, , , ,, , , , , , , 
09:36:27,-0.47,0.12,-0.75,-0.08,0.24,-0.72,0.25,-0.39,0.06,0.2,6.37,1403,1649.0, , , , , , , ,731.98,731.96,3200.0,200.0, , , ,, , , , , , , 
09:36:30,0.22,0.71,-0.35,0.27,0.2,0.03,0.74,-0.48,0.97,1.1,6.35,1824,1695.0, , , , , , , ,732.0,731.96,1900.0,1000.0, , , ,, , , , , , , 
09:36:33,0.97,1.21,0.31,0.83,0.18,0.76,1.37,-0.53,1.84,1.42,6.44,1916,1692.0,600.0,731.97,731.97,200.0,4300.0, ,-0.68,731.97,731.93,100.0,1100.0, ,2018-05-31 09:36:33,2018-05-31 09:36:33.697000,, , ,CANCELED, , ,2018-05-31 09:36:33.697000,2018-05-31 09:36:37.245000
09:36:36,0.74,1.04,0.21,0.61,0.08,0.37,1.17,-0.66,1.63,1.34,6.52,1679,1678.0, , , , , , , ,731.98,731.97,300.0,400.0, , , ,, , , , , , , 
09:36:39,1.06,1.14,0.55,0.78,0.07,1.01,1.38,-0.76,1.61,1.26,6.67,1694,1666.0,600.0,731.96,731.96,600.0,4900.0, ,-0.75,731.96,731.93,100.0,1000.0, ,2018-05-31 09:36:39,2018-05-31 09:36:39.693000,, , ,FILLED, , ,2018-05-31 09:36:39.693000,2018-05-31 09:36:43.151000
09:36:42,1.05,1.21,0.52,0.78,0.03,1.0,1.35,-0.92,1.62,1.51,6.74,1447,1651.0, , , , , , , ,731.97,731.96,500.0,400.0, , , ,, , , , , , , 
09:36:45,1.41,1.65,0.95,1.13,-0.03,1.39,1.77,-1.16,1.89,2.05,6.71,1613,1679.0,600.0,732.1,732.1,600.0,5500.0, ,-0.72,732.1,732.0,100.0,2500.0, ,2018-05-31 09:36:45,2018-05-31 09:36:45.685000,, , ,FILLED, , ,2018-05-31 09:36:45.685000,2018-05-31 09:36:48.230000
09:36:48,1.56,1.65,1.07,1.08,-0.01,1.35,1.72,-1.29,2.25,2.16,6.67,1688,1686.0,500.0,732.15,732.15,300.0,5800.0, ,-0.76,732.15,732.0,100.0,1898.0, ,2018-05-31 09:36:48,2018-05-31 09:36:48.764000,, , ,CANCELED, , ,2018-05-31 09:36:48.764000,2018-05-31 09:36:52.438000
09:36:51,1.5,1.46,0.87,0.98,-0.15,1.24,1.47,-1.59,2.38,1.94,6.48,2118,1674.0,200.0,732.29,732.29,100.0,5900.0, ,-0.57,732.29,732.15,100.0,200.0, ,2018-05-31 09:36:51,2018-05-31 09:36:52.438000,, , ,CANCELED, , ,2018-05-31 09:36:52.438000,2018-05-31 09:36:55.461000
09:36:54,1.72,1.55,0.95,1.11,-0.21,1.36,1.56,-1.78,2.84,1.98,6.35,1630,1658.0,100.0,732.33,732.33,100.0,6000.0, ,-0.39,732.33,732.29,1500.0,100.0, ,2018-05-31 09:36:54,2018-05-31 09:36:55.461000,, , ,FILLED, , ,2018-05-31 09:36:55.461000,2018-05-31 09:36:56.313000
09:36:57,1.75,1.71,1.0,1.23,-0.12,1.65,1.99,-1.75,2.59,1.92,6.42,1519,1651.0, , , , , , , ,732.33,732.15,1400.0,1300.0, , , ,, , , , , , , 
09:37:00,1.55,1.49,0.77,0.95,-0.13,1.59,1.8,-1.81,2.29,1.72,6.39,1535,1653.0, , , , , , , ,732.33,732.15,900.0,500.0, , , ,, , , , , , , 
09:37:03,1.47,1.43,0.84,0.94,-0.37,1.34,1.6,-2.0,2.23,1.75,6.11,2023,1658.0, , , , , , , ,732.44,732.4,100.0,290.0, , , ,, , , , , , , 
09:37:06,1.38,1.55,0.71,0.93,-0.37,1.13,1.68,-1.85,2.31,2.03,6.05,1515,1648.0, , , , , , , ,732.44,732.4,100.0,490.0, , , ,, , , , , , , 
09:37:09,1.44,1.56,0.91,1.02,-0.35,1.27,1.74,-1.5,2.14,1.92,6.07,1779,1648.0, , , , , , , ,732.4,732.33,100.0,90.0, , , ,, , , , , , , 
09:37:12,1.09,1.15,0.44,0.64,-0.41,0.91,1.2,-1.23,1.91,1.61,6.04,1569,1633.0, , , , , , , ,732.4,732.33,1500.0,300.0, , , ,, , , , , , , 
09:37:15,0.63,0.54,0.17,0.35,0.0,0.76,0.53,-0.55,0.97,0.75,6.51,1455,1629.0, , , , , , , ,732.03,732.0,1110.0,798.0, , , ,, , , , , , , 
09:37:18,0.22,0.34,-0.09,0.13,-0.14,0.31,0.21,-0.42,0.43,0.68,6.52,1387,1616.0, , , , , , , ,732.03,732.0,910.0,1298.0, , , ,, , , , , , , 
09:37:21,0.18,0.39,-0.43,-0.03,-0.32,0.37,0.32,-0.45,0.6,0.88,6.45,1365,1610.0, , , , , , , ,732.15,732.0,10.0,1298.0, , , ,, , , , , , , 
09:37:24,-0.02,0.26,-0.56,-0.16,-0.55,0.22,0.13,-0.53,0.27,0.8,6.41,1372,1602.0, , , , , , , ,732.33,732.0,510.0,1098.0, , , ,, , , , , , , 
09:37:27,-0.05,0.1,-0.64,-0.14,-0.68,0.24,-0.01,-0.49,0.25,0.44,6.45,1332,1586.0, , , , , , , ,732.32,732.03,1400.0,100.0, , , ,, , , , , , , 
09:37:30,-0.13,0.1,-0.64,-0.29,-0.75,0.19,-0.1,-0.39,0.05,0.7,6.5,1256,1578.0, , , , , , , ,732.32,732.03,1500.0,900.0, , , ,, , , , , , , 
09:37:33,-0.45,-0.08,-0.8,-0.32,-0.58,-0.22,-0.14,-0.09,-0.32,0.21,6.82,1256,1575.0, , , , , , , ,732.0,731.98,400.0,100.0, , , ,, , , , , , , 
09:37:36,-0.58,-0.15,-0.81,-0.46,-0.68,-0.68,-0.15,-0.05,-0.24,0.15,6.82,1351,1582.0, , , , , , , ,732.0,731.98,700.0,500.0, , , ,, , , , , , , 
09:37:39,-0.5,-0.02,-0.79,-0.23,-0.81,-0.6,-0.16,0.0,-0.11,0.32,6.94,1388,1569.0, , , , , , , ,732.0,731.98,500.0,500.0, , , ,, , , , , , , 
09:37:42,-0.54,-0.03,-0.67,-0.29,-0.95,-0.61,-0.25,0.0,-0.33,0.46,7.11,1447,1593.0, , , , , , , ,732.0,731.98,800.0,500.0, , , ,, , , , , , , 
09:37:45,-0.6,0.01,-0.87,-0.24,-1.07,-0.73,-0.11,0.06,-0.18,0.36,7.29,1395,1580.0, , , , , , , ,732.0,731.98,700.0,300.0, , , ,, , , , , , , 
09:37:48,-0.07,0.45,-0.32,0.08,-1.4,-0.17,0.33,-0.12,0.3,0.95,7.26,1392,1574.0, , , , , , , ,732.31,732.0,1300.0,3600.0, , , ,, , , , , , , 
09:37:51,0.51,0.75,0.04,0.46,-1.5,0.65,0.74,-0.02,0.83,1.05,7.33,1324,1572.0, , , , , , , ,732.31,732.0,400.0,3400.0, , , ,, , , , , , , 
09:37:54,0.56,0.81,-0.07,0.48,-1.57,0.81,0.74,0.07,0.95,1.21,7.3,1351,1569.0, , , , , , , ,732.31,732.0,400.0,3900.0, , , ,, , , , , , , 
09:37:57,0.02,0.43,-0.4,0.11,-1.62,0.09,0.37,0.14,0.36,0.81,7.37,1594,1578.0, , , , , , , ,732.29,732.0,100.0,1800.0, , , ,, , , , , , , 
09:38:00,-0.57,0.02,-0.85,-0.28,-1.69,-0.59,0.08,0.21,-0.28,0.25,7.46,1422,1568.0, , , , , , , ,732.29,732.0,100.0,1500.0, , , ,, , , , , , , 
09:38:03,-0.57,-0.09,-0.79,-0.29,-1.63,-0.83,-0.09,0.26,-0.09,0.11,7.6,1372,1555.0, , , , , , , ,732.28,732.01,800.0,100.0, , , ,, , , , , , , 
09:38:06,-0.53,-0.06,-0.77,-0.24,-1.49,-0.83,-0.27,0.3,0.0,0.32,7.71,1518,1555.0, , , , , , , ,732.3,732.01,1400.0,700.0, , , ,, , , , , , , 
09:38:09,-0.73,-0.19,-0.72,-0.31,-1.22,-1.0,-0.32,0.36,-0.46,0.05,7.77,1492,1551.0,-3000.0,732.28,0.0,-0.0,6000.0, , ,732.3,732.0,1400.0,300.0, ,2018-05-31 09:38:09,2018-05-31 09:38:09.595000,, , ,CANCELED, , ,2018-05-31 09:38:09.595000,2018-05-31 09:38:13.512000
09:38:12,-0.91,-0.27,-1.0,-0.41,-0.72,-1.36,-0.37,0.61,-0.37,-0.05,7.99,1318,1542.0,-3000.0,731.99,731.99,-100.0,5900.0, ,-0.8,732.0,731.99,200.0,100.0, ,2018-05-31 09:38:12,2018-05-31 09:38:13.512000,, , ,CANCELED, , ,2018-05-31 09:38:13.512000,2018-05-31 09:38:15.983000
09:38:15,-1.01,-0.44,-1.13,-0.52,-0.48,-1.42,-0.45,0.72,-0.48,-0.35,8.03,1234,1528.0,-3000.0,731.97,731.97,-1400.0,4500.0, ,-0.85,731.99,731.95,2900.0,100.0, ,2018-05-31 09:38:15,2018-05-31 09:38:15.983000,, , ,CANCELED, , ,2018-05-31 09:38:15.983000,2018-05-31 09:38:19.510000
09:38:18,-1.08,-0.55,-1.18,-0.65,-0.35,-1.45,-0.64,0.8,-0.6,-0.35,8.05,1210,1523.0,-3000.0,731.95,731.95,-300.0,4200.0, ,-0.85,731.97,731.95,2000.0,300.0, ,2018-05-31 09:38:18,2018-05-31 09:38:19.511000,, , ,CANCELED, , ,2018-05-31 09:38:19.511000,2018-05-31 09:38:22.050000
09:38:21,-1.12,-0.59,-1.28,-0.69,0.04,-1.45,-0.6,1.29,-0.62,-0.48,8.4,1311,1527.0,-3000.0,731.91,731.91,-100.0,4100.0, ,-1.26,731.93,731.51,130.0,200.0, ,2018-05-31 09:38:21,2018-05-31 09:38:22.050000,, , ,CANCELED, , ,2018-05-31 09:38:22.050000,2018-05-31 09:38:25.146000
09:38:24,-1.19,-0.63,-1.4,-0.8,0.1,-1.59,-0.68,1.5,-0.57,-0.4,8.44,1197,1517.0,-2900.0,731.89,731.89,-100.0,4000.0, ,-1.25,731.91,731.51,2900.0,400.0, ,2018-05-31 09:38:24,2018-05-31 09:38:25.146000,, , ,CANCELED, , ,2018-05-31 09:38:25.146000,2018-05-31 09:38:28.118000
09:38:27,-1.23,-0.72,-1.38,-0.88,0.23,-1.64,-0.74,1.96,-0.67,-0.54,8.54,1207,1505.0,-3000.0,731.78,0.0,-0.0,4000.0, , ,731.8,731.51,300.0,300.0, ,2018-05-31 09:38:27,2018-05-31 09:38:28.118000,, , ,CANCELED, , ,2018-05-31 09:38:28.118000,2018-05-31 09:38:31.168000
09:38:30,-1.29,-0.83,-1.37,-0.97,0.34,-1.7,-0.88,2.35,-0.78,-0.63,8.27,1193,1491.0,-4500.0,731.51,731.51,-1170.0,2830.0, ,-1.25,731.78,731.51,3000.0,200.0, ,2018-05-31 09:38:30,2018-05-31 09:38:31.169000,, , ,CANCELED, , ,2018-05-31 09:38:31.169000,2018-05-31 09:38:34.198000
09:38:33,-1.43,-0.92,-1.76,-1.03,0.57,-1.73,-1.0,3.0,-0.81,-0.72,8.16,1246,1491.0,-3400.0,731.5,731.5,-861.0,1969.0, ,-1.26,731.51,731.5,3330.0,561.0, ,2018-05-31 09:38:33,2018-05-31 09:38:34.198000,, , ,CANCELED, , ,2018-05-31 09:38:34.198000,2018-05-31 09:38:37.278000
09:38:36,-1.39,-0.89,-1.74,-1.09,0.7,-1.62,-0.92,3.54,-0.83,-0.65,8.04,1169,1495.0,-2500.0,731.4,731.4,-1101.0,868.0, ,-1.3,731.5,731.4,2539.0,1900.0, ,2018-05-31 09:38:36,2018-05-31 09:38:37.278000,, , ,CANCELED, , ,2018-05-31 09:38:37.278000,2018-05-31 09:38:40.341000
09:38:39,-1.53,-0.94,-1.83,-1.3,0.85,-1.85,-0.85,3.92,-0.91,-0.66,7.98,1262,1499.0,-1400.0,731.33,731.33,-700.0,168.0, ,-1.32,731.4,731.33,1399.0,100.0, ,2018-05-31 09:38:39,2018-05-31 09:38:40.341000,, , ,CANCELED, , ,2018-05-31 09:38:40.341000,2018-05-31 09:38:43.332000
09:38:42,-1.44,-0.96,-1.54,-1.2,1.01,-1.77,-0.99,4.39,-1.01,-0.69,8.24,1159,1492.0,-600.0,731.19,731.19,-600.0,-432.0,-5799.02,-1.32,731.33,731.19,1100.0,541.0, ,2018-05-31 09:38:42,2018-05-31 09:38:43.332000,, , ,FILLED,4384873.54655543,4390672.566819381,2018-05-31 09:38:43.332000,2018-05-31 09:38:44.463000
09:38:45,-1.47,-0.93,-1.59,-1.2,1.28,-1.78,-0.78,4.86,-1.05,-0.81,8.59,1156,1485.0, , , , , , , ,731.19,731.0,3200.0,1300.0, , , ,, , , , , , , 
09:38:48,-1.4,-0.82,-1.47,-1.13,1.33,-1.67,-0.63,5.04,-1.07,-0.7,8.58,1227,1484.0, , , , , , , ,731.19,731.0,2300.0,1200.0, , , ,, , , , , , , 
09:38:51,-1.48,-0.76,-1.55,-1.08,1.46,-1.82,-0.49,5.33,-1.06,-0.71,8.71,1122,1470.0, , , , , , , ,731.15,731.0,100.0,1100.0, , , ,, , , , , , , 
09:38:54,-1.43,-0.78,-1.39,-1.02,1.72,-1.8,-0.55,5.71,-1.11,-0.76,9.04,1442,1520.0, , , , , , , ,731.0,730.9,440.0,100.0, , , ,, , , , , , , 
09:38:57,-1.52,-0.77,-1.57,-0.98,1.84,-1.89,-0.48,6.0,-1.09,-0.86,9.27,1803,1509.0, , , , , , , ,731.0,730.8,640.0,100.0, , , ,, , , , , , , 
09:39:00,-1.34,-0.55,-1.28,-0.78,1.92,-1.78,-0.21,6.25,-0.97,-0.67,9.43,1428,1510.0, , , , , , , ,731.0,730.8,140.0,400.0, , , ,, , , , , , , 
09:39:03,-1.28,-0.6,-1.18,-0.73,1.97,-1.72,-0.29,6.46,-0.95,-0.79,9.31,1297,1499.0, , , , , , , ,731.0,730.8,240.0,400.0, , , ,, , , , , , , 
09:39:06,-0.63,0.02,-0.6,0.08,1.73,-0.86,0.24,6.38,-0.43,-0.27,9.07,1310,1495.0, , , , , , , ,731.19,731.02,2600.0,7160.0, , , ,, , , , , , , 
09:39:09,0.23,0.82,0.18,0.92,1.46,-0.08,0.75,6.18,0.58,0.8,8.77,1471,1529.0,500.0,731.21,0.0,0.0,-432.0, , ,731.51,731.19,159.0,2100.0, ,2018-05-31 09:39:09,2018-05-31 09:39:09.672000,, , ,CANCELED, , ,2018-05-31 09:39:09.672000,2018-05-31 09:39:13.085000
09:39:12,0.53,1.17,0.39,1.04,1.02,0.31,1.04,5.78,0.9,1.42,8.11,1741,1515.0,500.0,731.53,731.53,300.0,-132.0, ,-1.79,731.88,731.51,1800.0,241.0, ,2018-05-31 09:39:12,2018-05-31 09:39:13.086000,, , ,CANCELED, , ,2018-05-31 09:39:13.086000,2018-05-31 09:39:16.156000
09:39:15,1.03,1.19,0.6,1.14,1.08,0.72,1.1,5.85,1.76,1.33,8.25,1518,1504.0,800.0,731.88,731.88,800.0,668.0,-565.0,-1.79,731.88,731.53,1800.0,300.0, ,2018-05-31 09:39:15,2018-05-31 09:39:16.156000,, , ,FILLED,315530.1908576886,316095.19146384724,2018-05-31 09:39:16.156000,2018-05-31 09:39:16.803000
09:39:18,1.24,1.47,0.26,1.26,1.15,1.19,1.32,6.08,2.27,1.82,8.09,1516,1532.0,600.0,731.88,731.88,600.0,1268.0, ,-1.66,731.88,731.53,1000.0,1200.0, ,2018-05-31 09:39:18,2018-05-31 09:39:18.748000,, , ,FILLED, , ,2018-05-31 09:39:18.748000,2018-05-31 09:39:19.328000
09:39:21,1.14,1.65,0.33,1.31,1.31,1.05,1.5,6.3,2.05,2.13,7.98,1454,1525.0, , , , , , , ,731.88,731.53,400.0,1000.0, , , ,, , , , , , , 
09:39:24,1.05,1.64,0.4,1.4,1.3,0.87,1.6,6.32,1.87,1.92,7.99,1461,1511.0, , , , , , , ,731.88,731.83,400.0,286.0, , , ,, , , , , , , 
09:39:27,1.45,1.66,0.63,1.47,1.7,1.34,1.62,6.54,2.38,1.88,8.04,1468,1497.0,600.0,731.86,731.86,500.0,1768.0, ,-1.24,731.86,731.83,1100.0,486.0, ,2018-05-31 09:39:27,2018-05-31 09:39:27.684000,, , ,CANCELED, , ,2018-05-31 09:39:27.684000,2018-05-31 09:39:31.267000
09:39:30,1.63,1.88,0.74,1.64,2.05,1.31,1.78,6.51,2.82,2.23,8.13,1475,1494.0,600.0,731.87,731.87,100.0,1868.0, ,-1.2,731.87,731.86,100.0,300.0, ,2018-05-31 09:39:30,2018-05-31 09:39:31.267000,, , ,CANCELED, , ,2018-05-31 09:39:31.267000,2018-05-31 09:39:34.292000
09:39:33,1.58,1.83,0.65,1.53,2.33,1.41,1.92,6.38,2.66,2.05,8.04,1418,1503.0,600.0,732.0,732.0,600.0,2468.0, ,-1.07,732.0,731.98,5400.0,1400.0, ,2018-05-31 09:39:33,2018-05-31 09:39:34.292000,, , ,FILLED, , ,2018-05-31 09:39:34.292000,2018-05-31 09:39:34.983000
09:39:36,1.52,1.8,0.95,1.52,2.8,1.08,1.88,6.49,2.54,2.01,8.0,1461,1496.0,600.0,732.0,732.0,600.0,3068.0, ,-1.1,732.0,731.98,4800.0,1600.0, ,2018-05-31 09:39:36,2018-05-31 09:39:36.653000,, , ,FILLED, , ,2018-05-31 09:39:36.653000,2018-05-31 09:39:37.490000
09:39:39,1.94,1.91,1.13,1.71,3.05,1.7,1.92,6.6,2.98,2.09,7.95,1383,1502.0,600.0,732.0,732.0,600.0,3668.0, ,-1.12,732.0,731.98,2700.0,1800.0, ,2018-05-31 09:39:39,2018-05-31 09:39:39.668000,, , ,FILLED, , ,2018-05-31 09:39:39.669000,2018-05-31 09:39:40.555000
09:39:42,1.87,2.05,0.99,1.8,3.4,1.68,2.17,6.71,2.93,2.19,7.95,1488,1504.0,600.0,732.0,732.0,600.0,4268.0, ,-1.13,732.0,731.98,1200.0,1600.0, ,2018-05-31 09:39:42,2018-05-31 09:39:42.686000,, , ,FILLED, , ,2018-05-31 09:39:42.686000,2018-05-31 09:39:43.147000
09:39:45,1.92,2.25,1.18,1.77,3.6,1.8,2.36,6.76,2.78,2.64,7.88,1420,1503.0,600.0,732.02,732.02,600.0,4868.0, ,-1.11,732.02,732.0,100.0,1600.0, ,2018-05-31 09:39:45,2018-05-31 09:39:45.657000,, , ,FILLED, , ,2018-05-31 09:39:45.657000,2018-05-31 09:39:48.801000
09:39:48,1.92,2.12,1.19,1.58,3.62,1.58,2.15,6.58,3.0,2.64,7.69,1473,1501.0, , , , , , , ,732.27,732.0,100.0,1500.0, , , ,, , , , , , , 
09:39:51,1.86,1.73,1.02,1.36,3.88,1.57,1.55,6.59,2.99,2.29,7.66,1449,1498.0,600.0,732.27,732.27,100.0,4968.0, ,-1.12,732.27,732.0,100.0,1000.0, ,2018-05-31 09:39:51,2018-05-31 09:39:51.613000,, , ,CANCELED, , ,2018-05-31 09:39:51.613000,2018-05-31 09:39:55.064000
09:39:54,1.73,1.77,0.9,1.33,3.88,1.54,1.72,6.39,2.76,2.26,7.45,1325,1484.0,300.0,732.28,732.28,300.0,5268.0, ,-0.78,732.28,732.27,300.0,500.0, ,2018-05-31 09:39:54,2018-05-31 09:39:55.064000,, , ,FILLED, , ,2018-05-31 09:39:55.064000,2018-05-31 09:39:55.494000
09:39:57,1.59,1.78,0.77,1.21,4.1,1.53,2.04,6.36,2.46,2.09,7.45,1340,1472.0, , , , , , , ,732.3,732.27,700.0,900.0, , , ,, , , , , , , 
09:40:00,1.65,1.66,0.86,1.17,4.36,1.43,1.83,6.33,2.67,1.99,7.43,1326,1459.0, , , , , , , ,732.3,732.27,700.0,2300.0, , , ,, , , , , , , 
09:40:03,1.96,1.65,1.03,1.34,4.44,1.71,1.66,6.17,3.15,1.96,7.33,1432,1462.0,400.0,732.39,732.39,400.0,5668.0, ,-0.71,732.39,732.35,100.0,900.0, ,2018-05-31 09:40:03,2018-05-31 09:40:03.650000,, , ,FILLED, , ,2018-05-31 09:40:03.650000,2018-05-31 09:40:07.085000
09:40:06,1.98,1.81,0.88,1.25,4.58,1.88,1.97,6.05,3.2,2.2,7.14,1217,1448.0, , , , , , , ,732.44,732.39,1000.0,300.0, , , ,, , , , , , , 
09:40:09,1.96,1.79,0.93,1.22,4.71,2.03,2.1,5.99,2.91,2.04,7.01,1540,1453.0,300.0,732.49,732.49,300.0,5968.0, ,-0.74,732.49,732.35,100.0,1600.0, ,2018-05-31 09:40:09,2018-05-31 09:40:09.612000,, , ,FILLED, , ,2018-05-31 09:40:09.612000,2018-05-31 09:40:12.670000
09:40:12,1.58,1.49,0.58,1.03,4.75,1.53,1.72,5.94,2.64,1.72,6.86,1249,1451.0, , , , , , , ,732.49,732.39,1000.0,300.0, , , ,, , , , , , , 
09:40:15,1.83,1.57,0.91,1.22,4.76,1.89,1.77,5.85,2.68,1.73,6.64,1315,1450.0, , , , , , , ,732.5,732.49,400.0,500.0, , , ,, , , , , , , 
09:40:18,1.94,1.75,0.93,1.35,4.83,2.06,2.02,5.7,2.83,1.87,6.48,1445,1468.0, , , , , , , ,732.64,732.59,100.0,1100.0, , , ,, , , , , , , 
09:40:21,1.91,1.84,1.0,1.32,5.01,2.11,2.14,5.67,2.62,2.07,6.44,1390,1457.0, , , , , , , ,732.65,732.64,100.0,200.0, , , ,, , , , , , , 
09:40:24,1.98,1.94,1.18,1.52,4.88,1.88,2.18,5.39,2.88,2.13,6.09,1518,1462.0, , , , , , , ,733.0,732.8,1800.0,700.0, , , ,, , , , , , , 
09:40:27,2.28,2.17,1.32,2.01,4.85,2.41,2.12,5.21,3.1,2.38,5.75,1471,1481.0, , , , , , , ,733.13,733.02,300.0,800.0, , , ,, , , , , , , 
09:40:30,2.21,2.25,1.14,1.91,3.96,2.44,2.15,4.38,3.06,2.67,4.82,1409,1472.0, , , , , , , ,733.95,733.5,100.0,200.0, , , ,, , , , , , , 
09:40:33,2.22,2.2,1.15,1.73,3.96,2.35,2.28,4.4,3.16,2.59,4.75,1454,1459.0, , , , , , , ,734.0,733.51,1400.0,1200.0, , , ,, , , , , , , 
09:40:36,1.96,2.06,1.03,1.56,3.42,1.84,2.17,3.75,3.01,2.44,3.97,1445,1462.0, , , , , , , ,734.43,734.04,100.0,2700.0, , , ,, , , , , , , 
09:40:39,1.75,2.02,0.99,1.64,3.22,1.74,1.88,3.55,2.53,2.54,3.62,1370,1453.0, , , , , , , ,734.48,734.43,200.0,700.0, , , ,, , , , , , , 
09:40:42,1.45,1.82,0.64,1.44,3.31,1.45,1.63,3.71,2.26,2.39,3.5,1340,1454.0, , , , , , , ,734.48,734.46,800.0,100.0, , , ,, , , , , , , 
09:40:45,1.52,1.67,0.9,1.41,3.03,1.63,1.69,3.54,2.04,1.9,3.02,1507,1471.0, , , , , , , ,735.0,734.47,5700.0,500.0, , , ,, , , , , , , 
09:40:48,1.34,1.41,0.72,1.09,2.79,1.38,1.41,3.48,1.94,1.73,2.76,1516,1458.0, , , , , , , ,735.0,734.82,5600.0,100.0, , , ,, , , , , , , 
09:40:51,1.59,1.59,0.96,1.51,2.62,1.64,1.42,3.38,2.16,1.83,2.72,1643,1504.0, , , , , , , ,735.06,735.0,100.0,1800.0, , , ,, , , , , , , 
09:40:54,1.19,1.45,0.48,1.12,2.38,1.08,1.24,3.12,2.02,1.99,2.63,1585,1496.0, , , , , , , ,735.36,735.06,600.0,100.0, , , ,, , , , , , , 
09:40:57,0.81,1.01,0.16,0.68,2.18,0.79,0.79,3.01,1.49,1.56,2.59,1625,1507.0, , , , , , , ,735.36,735.3,900.0,500.0, , , ,, , , , , , , 
09:41:00,0.76,1.22,0.33,0.87,1.81,0.59,1.04,2.75,1.38,1.76,2.48,1760,1512.0, , , , , , , ,735.67,735.5,20.0,1100.0, , , ,, , , , , , , 
09:41:03,1.07,1.34,0.36,0.87,1.52,1.09,1.25,2.62,1.77,1.89,2.33,1787,1514.0, , , , , , , ,735.96,735.58,4520.0,200.0, , , ,, , , , , , , 
09:41:06,0.94,1.45,0.33,0.83,1.45,0.86,1.18,2.74,1.62,2.32,2.4,1890,1536.0, , , , , , , ,735.9,735.67,1000.0,700.0, , , ,, , , , , , , 
09:41:09,1.07,1.57,0.53,0.93,1.17,1.14,1.49,2.55,1.55,2.29,2.29,1981,1574.0, , , , , , , ,736.0,735.9,120.0,400.0, , , ,, , , , , , , 
09:41:12,1.03,1.58,0.5,0.77,1.1,0.9,1.56,2.54,1.67,2.41,2.28,2025,1585.0, , , , , , , ,736.0,735.96,1700.0,600.0, , , ,, , , , , , , 
09:41:15,0.69,1.01,-0.16,0.29,1.08,0.84,0.75,2.53,1.38,1.97,2.3,2107,1596.0, , , , , , , ,736.0,735.96,700.0,400.0, , , ,, , , , , , , 
09:41:18,0.43,0.84,-0.12,0.35,1.03,0.34,0.53,2.48,1.07,1.65,2.27,1962,1591.0, , , , , , , ,736.06,736.0,100.0,500.0, , , ,, , , , , , , 
09:41:21,0.36,0.74,-0.32,0.17,0.23,0.58,0.59,1.68,0.83,1.46,1.38,2472,1597.0, , , , , , , ,736.67,736.59,200.0,200.0, , , ,, , , , , , , 
09:41:24,0.22,0.62,-0.24,0.14,0.3,0.16,0.44,1.7,0.75,1.28,1.25,1914,1587.0, , , , , , , ,736.67,736.59,200.0,1800.0, , , ,, , , , , , , 
09:41:27,0.12,0.55,-0.35,0.21,0.36,0.03,0.38,1.74,0.7,1.05,1.26,2006,1589.0, , , , , , , ,736.67,736.59,2600.0,800.0, , , ,, , , , , , , 
09:41:30,-0.1,0.5,-0.44,0.11,0.42,-0.46,0.23,1.44,0.61,1.15,1.24,1918,1593.0, , , , , , , ,736.67,736.59,700.0,800.0, , , ,, , , , , , , 
09:41:33,0.01,0.5,-0.27,0.17,0.48,-0.24,0.4,1.15,0.53,0.92,1.35,1934,1587.0, , , , , , , ,736.67,736.59,200.0,500.0, , , ,, , , , , , , 
09:41:36,0.04,0.57,-0.3,0.3,0.29,-0.26,0.38,0.76,0.69,1.03,1.29,2167,1578.0, , , , , , , ,736.8,736.74,100.0,200.0, , , ,, , , , , , , 
09:41:39,0.06,0.49,-0.32,0.22,0.16,-0.15,0.18,0.34,0.63,1.07,1.05,1754,1573.0, , , , , , , ,736.99,736.9,300.0,200.0, , , ,, , , , , , , 
09:41:42,-0.14,0.34,-0.53,0.03,0.33,-0.37,-0.07,0.46,0.48,1.07,1.09,1879,1595.0, , , , , , , ,736.99,736.9,100.0,1700.0, , , ,, , , , , , , 
09:41:45,-0.28,0.14,-0.6,-0.1,0.53,-0.38,-0.19,0.58,0.15,0.72,1.12,2101,1581.0, , , , , , , ,736.99,736.9,300.0,1600.0, , , ,, , , , , , , 
09:41:48,-0.59,-0.15,-0.84,-0.43,0.65,-0.77,-0.49,0.49,-0.16,0.48,1.08,1861,1591.0,-3000.0,736.99,736.99,-1000.0,4968.0, ,5.59,737.0,736.99,7900.0,600.0, ,2018-05-31 09:41:48,2018-05-31 09:41:48.651000,, , ,CANCELED, , ,2018-05-31 09:41:48.651000,2018-05-31 09:41:52.205000
09:41:51,-0.86,-0.48,-1.12,-0.8,0.78,-1.0,-0.74,0.68,-0.47,0.12,1.16,1815,1594.0,-3000.0,736.97,736.97,-100.0,4868.0, ,5.49,736.99,736.9,2100.0,300.0, ,2018-05-31 09:41:51,2018-05-31 09:41:52.205000,, , ,CANCELED, , ,2018-05-31 09:41:52.205000,2018-05-31 09:41:55.225000
09:41:54,-0.92,-0.48,-1.12,-0.73,0.73,-1.12,-0.75,0.81,-0.53,0.06,1.17,1784,1589.0,-3000.0,736.96,736.972,-500.0,4368.0, ,5.56,736.97,736.96,3000.0,100.0, ,2018-05-31 09:41:54,2018-05-31 09:41:55.225000,, , ,CANCELED, , ,2018-05-31 09:41:55.225000,2018-05-31 09:41:58.251000
09:41:57,-0.85,-0.49,-1.16,-0.77,0.83,-0.98,-0.72,1.01,-0.42,0.03,1.38,1914,1599.0,-3000.0,736.94,736.94,-1200.0,3168.0, ,5.51,736.96,736.9,2600.0,500.0, ,2018-05-31 09:41:57,2018-05-31 09:41:58.251000,, , ,CANCELED, , ,2018-05-31 09:41:58.251000,2018-05-31 09:42:01.287000
09:42:00,-0.95,-0.6,-1.23,-0.91,0.94,-1.03,-0.87,1.18,-0.6,-0.0,1.59,2011,1602.0,-3000.0,736.92,736.92,-1300.0,1868.0, ,5.51,736.94,736.9,1900.0,1000.0, ,2018-05-31 09:42:00,2018-05-31 09:42:01.287000,, , ,CANCELED, , ,2018-05-31 09:42:01.287000,2018-05-31 09:42:04.340000
09:42:03,-0.97,-0.62,-1.3,-0.91,1.15,-1.05,-0.81,1.15,-0.57,-0.12,1.98,1952,1618.0,-1800.0,736.9,736.9,-800.0,1068.0, ,5.49,736.92,736.8,1700.0,200.0, ,2018-05-31 09:42:03,2018-05-31 09:42:04.340000,, , ,CANCELED, , ,2018-05-31 09:42:04.340000,2018-05-31 09:42:07.368000
09:42:06,-1.02,-0.55,-1.53,-0.97,1.29,-1.09,-0.68,1.2,-0.44,-0.01,2.27,2019,1614.0,-1000.0,736.88,0.0,-0.0,1068.0, , ,736.9,736.8,1100.0,200.0, ,2018-05-31 09:42:06,2018-05-31 09:42:07.368000,, , ,CANCELED, , ,2018-05-31 09:42:07.368000,2018-05-31 09:42:10.413000
09:42:09,-0.86,-0.47,-1.38,-0.86,1.44,-0.87,-0.69,1.33,-0.33,0.14,2.58,1923,1604.0,-1000.0,736.78,736.78,-500.0,568.0, ,5.48,736.8,736.75,1400.0,100.0, ,2018-05-31 09:42:09,2018-05-31 09:42:10.414000,, , ,CANCELED, , ,2018-05-31 09:42:10.414000,2018-05-31 09:42:13.445000
09:42:12,-0.82,-0.39,-1.27,-0.84,1.47,-0.82,-0.64,1.17,-0.36,0.3,2.76,1930,1612.0,-500.0,736.76,736.76,-500.0,68.0,23998.99,5.49,736.78,736.75,900.0,300.0, ,2018-05-31 09:42:12,2018-05-31 09:42:13.445000,, , ,FILLED,4393153.285153602,4369154.298569667,2018-05-31 09:42:13.445000,2018-05-31 09:42:15.314000
09:42:15,-0.89,-0.45,-1.38,-0.94,1.47,-0.88,-0.73,1.33,-0.41,0.31,2.88,1906,1611.0, , , , , , , ,736.77,736.75,1200.0,100.0, , , ,, , , , , , , 
09:42:18,-0.84,-0.4,-1.44,-0.95,1.41,-0.69,-0.64,1.09,-0.4,0.38,2.99,1984,1630.0, , , , , , , ,736.86,736.78,2500.0,92.0, , , ,, , , , , , , 
09:42:21,-0.58,-0.27,-1.07,-0.82,1.44,-0.42,-0.52,1.0,-0.24,0.53,3.13,1850,1623.0, , , , , , , ,736.86,736.75,2300.0,92.0, , , ,, , , , , , , 
09:42:24,-0.43,-0.05,-0.92,-0.64,1.47,-0.26,-0.31,1.22,-0.1,0.8,3.33,1833,1618.0, , , , , , , ,736.86,736.75,2200.0,200.0, , , ,, , , , , , , 
09:42:27,0.08,0.54,-0.05,0.1,1.25,-0.02,0.18,1.0,0.32,1.35,3.25,2074,1669.0, , , , , , , ,737.0,736.97,4800.0,8300.0, , , ,, , , , , , , 
09:42:30,0.83,0.92,0.66,0.65,0.97,0.65,0.58,1.14,1.18,1.55,3.42,2143,1661.0,600.0,736.99,736.99,600.0,668.0, ,-1.33,736.99,736.97,100.0,8200.0, ,2018-05-31 09:42:30,2018-05-31 09:42:30.829000,, , ,FILLED, , ,2018-05-31 09:42:30.829000,2018-05-31 09:42:32.020000
09:42:33,0.61,0.68,0.24,0.47,0.67,0.56,0.31,1.21,1.04,1.25,3.56,2010,1664.0, , , , , , , ,737.0,736.97,4700.0,7400.0, , , ,, , , , , , , 
09:42:36,0.5,0.75,0.28,0.43,0.47,0.48,0.48,1.18,0.75,1.33,3.67,2068,1650.0, , , , , , , ,737.0,736.97,4900.0,7100.0, , , ,, , , , , , , 
09:42:39,0.29,0.53,0.14,0.25,0.29,0.18,0.28,1.11,0.55,1.07,3.86,1954,1640.0, , , , , , , ,736.99,736.97,100.0,6800.0, , , ,, , , , , , , 
09:42:42,0.8,1.36,0.96,1.36,-0.04,0.55,0.91,0.68,0.88,1.8,3.58,2524,1755.0, , , , , , , ,737.33,737.3,100.0,8400.0, , , ,, , , , , , , 
09:42:45,1.57,1.66,1.47,1.63,-0.17,1.44,1.32,0.38,1.79,2.04,3.47,2651,1759.0,600.0,737.5,737.5,600.0,1268.0, ,-0.91,737.5,737.49,600.0,500.0, ,2018-05-31 09:42:45,2018-05-31 09:42:45.861000,, , ,FILLED, , ,2018-05-31 09:42:45.861000,2018-05-31 09:42:47.247000
09:42:48,1.55,1.51,1.35,1.29,-0.23,1.11,1.09,0.31,2.18,2.15,3.58,2443,1768.0,600.0,737.57,737.57,600.0,1868.0, ,-1.03,737.57,737.49,100.0,1494.0, ,2018-05-31 09:42:48,2018-05-31 09:42:48.688000,, , ,FILLED, , ,2018-05-31 09:42:48.688000,2018-05-31 09:42:51.805000
09:42:51,1.21,1.21,1.01,1.06,-0.13,1.15,0.58,0.27,1.46,1.98,3.73,2514,1763.0, , , , , , , ,737.6,737.49,100.0,894.0, , , ,, , , , , , , 
09:42:54,0.45,0.84,0.39,0.74,0.08,0.4,0.48,0.3,0.57,1.31,3.92,2556,1756.0, , , , , , , ,737.6,737.4,100.0,94.0, , , ,, , , , , , , 
09:42:57,0.3,0.66,0.37,0.58,0.32,0.18,0.48,0.41,0.36,0.92,4.21,2228,1740.0, , , , , , , ,737.57,737.3,300.0,8194.0, , , ,, , , , , , , 
09:43:00,0.15,0.6,0.09,0.48,0.15,-0.1,0.34,0.06,0.46,0.98,4.05,2206,1746.0, , , , , , , ,737.77,737.6,100.0,300.0, , , ,, , , , , , , 
09:43:03,0.08,0.49,0.1,0.47,-0.17,-0.12,0.12,-0.11,0.25,0.87,4.02,2284,1741.0, , , , , , , ,737.88,737.77,300.0,200.0, , , ,, , , , , , , 
09:43:06,0.07,0.52,0.13,0.56,-0.18,-0.12,0.15,-0.3,0.21,0.83,4.06,2147,1737.0, , , , , , , ,737.97,737.77,100.0,700.0, , , ,, , , , , , , 
09:43:09,0.1,0.58,0.22,0.58,-0.08,-0.11,0.25,-0.35,0.18,0.92,4.22,2157,1727.0, , , , , , , ,737.87,737.77,200.0,200.0, , , ,, , , , , , , 
09:43:12,-0.02,0.45,-0.02,0.43,-0.26,-0.1,0.12,-0.48,0.07,0.81,4.36,2247,1724.0, , , , , , , ,737.87,737.77,100.0,300.0, , , ,, , , , , , , 
09:43:15,-0.1,0.32,-0.19,0.39,-0.19,-0.16,-0.0,-0.7,0.05,0.57,4.37,1944,1714.0, , , , , , , ,737.99,737.77,300.0,300.0, , , ,, , , , , , , 
09:43:18,-0.09,0.38,-0.08,0.34,-0.31,-0.26,0.08,-0.66,0.05,0.71,4.61,2346,1705.0, , , , , , , ,737.93,737.77,300.0,400.0, , , ,, , , , , , , 
09:43:21,-0.07,0.31,-0.15,0.17,-0.45,-0.14,0.07,-0.68,0.06,0.67,4.83,1843,1693.0, , , , , , , ,737.93,737.81,200.0,200.0, , , ,, , , , , , , 
09:43:24,-0.34,0.07,-0.56,-0.12,-0.21,-0.46,-0.07,-0.66,0.01,0.39,4.9,2063,1708.0, , , , , , , ,737.9,737.81,600.0,200.0, , , ,, , , , , , , 
09:43:27,-0.14,0.42,-0.24,0.45,-0.32,-0.19,0.08,-0.92,0.02,0.73,4.8,2304,1768.0, , , , , , , ,738.0,737.93,6500.0,900.0, , , ,, , , , , , , 
09:43:30,-0.02,0.32,-0.12,0.39,-0.18,-0.15,0.08,-0.94,0.22,0.49,4.71,2225,1761.0, , , , , , , ,737.97,737.93,100.0,800.0, , , ,, , , , , , , 
09:43:33,-0.28,0.3,-0.46,0.45,1.2,-0.43,-0.02,0.33,0.07,0.46,5.82,2393,1767.0, , , , , , , ,737.0,736.99,1900.0,500.0, , , ,, , , , , , , 
09:43:36,-0.16,0.69,-0.44,0.77,1.17,-0.12,0.54,0.21,0.09,0.76,5.75,2812,1831.0, , , , , , , ,737.0,736.99,800.0,700.0, , , ,, , , , , , , 
09:43:39,-0.31,0.62,-0.74,0.43,0.58,-0.16,0.46,-0.35,-0.04,0.98,5.15,2521,1822.0, , , , , , , ,737.77,736.99,200.0,600.0, , , ,, , , , , , , 
09:43:42,-0.44,0.44,-0.84,0.15,0.54,-0.43,0.2,-0.5,-0.06,0.98,5.17,2425,1809.0, , , , , , , ,737.82,737.0,1100.0,600.0, , , ,, , , , , , , 
09:43:45,-0.19,0.57,-0.54,0.29,0.57,-0.16,0.45,-0.54,0.12,0.97,5.27,2205,1795.0, , , , , , , ,737.7,737.0,400.0,700.0, , , ,, , , , , , , 
09:43:48,-0.3,0.63,-0.72,0.51,0.56,-0.22,0.39,-0.56,0.04,0.99,5.2,2191,1778.0, , , , , , , ,737.7,737.0,400.0,1500.0, , , ,, , , , , , , 
09:43:51,-0.3,0.45,-0.63,0.38,0.55,-0.28,0.2,-0.42,0.0,0.78,5.13,2082,1784.0, , , , , , , ,737.7,736.98,100.0,100.0, , , ,, , , , , , , 
09:43:54,-0.36,0.44,-0.63,0.42,-0.01,-0.42,0.16,-0.8,-0.02,0.74,4.42,2090,1769.0, , , , , , , ,737.77,737.7,200.0,800.0, , , ,, , , , , , , 
09:43:57,-0.13,0.35,-0.36,0.24,-0.09,-0.29,0.17,-0.77,0.25,0.64,4.37,2076,1765.0, , , , , , , ,737.81,737.8,100.0,1700.0, , , ,, , , , , , , 
09:44:00,0.16,0.65,-0.15,0.72,-0.11,-0.13,0.39,-0.54,0.75,0.85,4.38,1935,1754.0, , , , , , , ,737.82,737.8,400.0,2200.0, , , ,, , , , , , , 
09:44:03,0.2,0.75,-0.08,0.72,-0.09,-0.0,0.4,-0.43,0.67,1.13,4.43,1921,1756.0, , , , , , , ,737.82,737.8,300.0,400.0, , , ,, , , , , , , 
09:44:06,0.01,0.53,-0.22,0.59,0.33,-0.26,0.12,0.2,0.5,0.86,5.02,1915,1749.0, , , , , , , ,737.79,737.01,100.0,300.0, , , ,, , , , , , , 
09:44:09,0.19,0.71,0.18,0.91,-0.47,-0.11,0.36,-0.38,0.51,0.88,4.21,2152,1756.0, , , , , , , ,737.92,737.9,100.0,600.0, , , ,, , , , , , , 
09:44:12,0.39,0.72,0.14,0.76,-0.6,-0.0,0.42,-0.34,1.05,0.96,4.23,1807,1745.0, , , , , , , ,737.92,737.9,100.0,300.0, , , ,, , , , , , , 
09:44:15,0.33,0.8,0.01,0.91,0.08,0.13,0.63,0.51,0.84,0.86,5.06,1942,1735.0, , , , , , , ,737.49,737.11,1478.0,300.0, , , ,, , , , , , , 
09:44:18,0.01,0.59,-0.32,0.53,-0.65,-0.25,0.44,-0.19,0.59,0.8,4.22,1885,1735.0, , , , , , , ,737.87,737.82,100.0,522.0, , , ,, , , , , , , 
09:44:21,-0.03,0.47,-0.36,0.26,-0.09,-0.35,0.3,0.29,0.6,0.85,4.7,1834,1738.0, , , , , , , ,737.87,737.0,100.0,4022.0, , , ,, , , , , , , 
09:44:24,-0.04,0.49,-0.55,0.37,-0.31,-0.24,0.22,-0.05,0.65,0.89,4.38,1898,1728.0, , , , , , , ,737.69,737.49,100.0,200.0, , , ,, , , , , , , 
09:44:27,0.04,0.47,-0.34,0.19,-0.88,-0.24,0.34,-0.52,0.68,0.87,3.8,1804,1721.0, , , , , , , ,737.96,737.92,100.0,1200.0, , , ,, , , , , , , 
09:44:30,-0.11,0.29,-0.44,0.08,-0.92,-0.53,0.09,-0.54,0.64,0.7,3.79,1914,1723.0, , , , , , , ,737.96,737.92,100.0,500.0, , , ,, , , , , , , 
09:44:33,-0.56,-0.13,-0.94,-0.28,-0.74,-0.79,-0.33,-0.22,0.05,0.24,4.1,1699,1712.0, , , , , , , ,737.8,737.77,200.0,1700.0, , , ,, , , , , , , 
09:44:36,-0.61,0.0,-0.96,-0.09,-0.94,-0.74,-0.18,-0.17,-0.12,0.28,4.0,1693,1719.0, , , , , , , ,737.92,737.77,2500.0,900.0, , , ,, , , , , , , 
09:44:39,-0.87,-0.25,-1.15,-0.42,-0.97,-0.89,-0.56,-0.16,-0.57,0.22,4.0,1775,1706.0,-1800.0,737.88,737.88,-100.0,1768.0, ,-0.65,737.9,737.77,100.0,900.0, ,2018-05-31 09:44:39,2018-05-31 09:44:39.685000,, , ,CANCELED, , ,2018-05-31 09:44:39.685000,2018-05-31 09:44:43.307000
09:44:42,-0.73,-0.25,-1.06,-0.34,-0.97,-0.84,-0.54,-0.01,-0.29,0.12,4.13,1684,1702.0,-1700.0,737.79,737.79,-1700.0,68.0,-768.53,-0.58,737.81,737.7,100.0,100.0, ,2018-05-31 09:44:42,2018-05-31 09:44:43.307000,, , ,FILLED,1326585.1851311354,1327353.7103244474,2018-05-31 09:44:43.307000,2018-05-31 09:44:45.715000
09:44:45,-0.77,-0.11,-1.22,-0.24,-1.16,-0.88,-0.4,-0.04,-0.21,0.3,3.96,1959,1725.0, , , , , , , ,737.92,737.69,1900.0,100.0, , , ,, , , , , , , 
09:44:48,-0.42,0.06,-0.83,-0.05,-1.03,-0.57,-0.21,0.14,0.14,0.44,4.11,1676,1710.0, , , , , , , ,737.7,737.69,100.0,600.0, , , ,, , , , , , , 
09:44:51,-0.33,0.12,-0.86,-0.16,-1.02,-0.47,-0.12,0.02,0.33,0.64,3.99,1663,1703.0, , , , , , , ,737.87,737.69,100.0,500.0, , , ,, , , , , , , 
09:44:54,-0.25,0.15,-0.77,-0.15,-0.74,-0.55,-0.14,0.17,0.56,0.73,4.21,2015,1686.0, , , , , , , ,737.7,737.69,100.0,500.0, , , ,, , , , , , , 
09:44:57,-0.03,0.37,-0.46,-0.01,-0.67,-0.32,0.1,0.29,0.69,1.01,4.26,1603,1695.0, , , , , , , ,737.77,737.69,100.0,600.0, , , ,, , , , , , , 
09:45:00,0.34,0.55,-0.28,0.29,-0.46,0.08,0.31,0.47,1.24,1.04,4.32,1633,1682.0, , , , , , , ,737.77,737.72,100.0,100.0, , , ,, , , , , , , 
09:45:03,0.54,0.69,-0.17,0.42,-0.33,0.32,0.43,0.79,1.47,1.21,4.42,1430,1666.0, , , , , , , ,737.77,737.7,100.0,100.0, , , ,, , , , , , , 
09:45:06,0.71,0.8,0.02,0.6,-0.29,0.43,0.54,1.03,1.69,1.25,4.36,1402,1652.0, , , , , , , ,737.8,737.72,100.0,300.0, , , ,, , , , , , , 
09:45:09,-0.01,0.38,-0.74,0.06,0.39,-0.21,0.09,1.8,0.91,0.99,4.82,2658,1707.0, , , , , , , ,737.69,737.0,200.0,522.0, , , ,, , , , , , , 
09:45:12,-0.45,0.1,-1.0,-0.16,0.34,-0.39,-0.19,1.9,0.04,0.66,4.69,1732,1698.0, , , , , , , ,737.8,737.0,100.0,822.0, , , ,, , , , , , , 
09:45:15,-0.35,0.25,-0.82,-0.02,0.44,-0.52,-0.08,2.08,0.29,0.86,4.73,1694,1682.0, , , , , , , ,737.69,737.0,200.0,922.0, , , ,, , , , , , , 
09:45:18,-0.08,0.49,-0.68,0.18,0.47,-0.39,0.25,2.25,0.84,1.04,4.67,1556,1675.0, , , , , , , ,737.72,737.0,800.0,1122.0, , , ,, , , , , , , 
09:45:21,0.01,0.58,-0.56,0.19,0.39,-0.21,0.35,2.38,0.8,1.21,4.68,1538,1672.0, , , , , , , ,737.72,737.0,500.0,22.0, , , ,, , , , , , , 
09:45:24,0.15,0.5,-0.54,0.06,0.21,-0.01,0.38,2.52,1.0,1.06,4.67,1400,1656.0, , , , , , , ,737.69,737.11,100.0,337.0, , , ,, , , , , , , 
09:45:27,-0.09,0.33,-0.78,-0.09,0.29,-0.34,0.12,2.76,0.85,0.96,4.71,1538,1648.0, , , , , , , ,737.69,737.0,300.0,622.0, , , ,, , , , , , , 
09:45:30,0.12,0.42,-0.54,-0.01,0.66,-0.12,0.24,3.31,1.01,1.03,5.04,1382,1632.0, , , , , , , ,737.11,737.0,100.0,722.0, , , ,, , , , , , , 
09:45:33,0.04,0.41,-0.57,-0.17,0.51,-0.28,0.1,3.2,0.96,1.29,4.75,1421,1635.0, , , , , , , ,737.5,737.0,300.0,22.0, , , ,, , , , , , , 
09:45:36,0.04,0.42,-0.57,-0.15,0.58,-0.21,0.14,3.26,0.92,1.28,4.58,1364,1630.0, , , , , , , ,737.58,737.0,100.0,716.0, , , ,, , , , , , , 
09:45:39,0.04,0.37,-0.49,-0.06,0.97,-0.29,0.07,3.82,0.91,1.11,4.98,1394,1622.0, , , , , , , ,737.02,737.0,100.0,416.0, , , ,, , , , , , , 
09:45:42,-0.06,0.34,-0.7,-0.15,1.1,-0.41,0.14,4.1,0.91,1.03,5.11,1312,1613.0, , , , , , , ,737.0,736.86,184.0,1000.0, , , ,, , , , , , , 
09:45:45,-0.1,0.32,-0.73,-0.18,1.14,-0.38,0.01,4.22,0.82,1.13,5.05,1264,1598.0, , , , , , , ,737.0,736.88,284.0,200.0, , , ,, , , , , , , 
09:45:48,-0.05,0.36,-0.6,-0.18,1.16,-0.23,0.12,4.38,0.69,1.13,5.12,1232,1592.0, , , , , , , ,737.0,736.88,1184.0,500.0, , , ,, , , , , , , 
09:45:51,0.02,0.37,-0.54,-0.12,1.16,-0.22,0.08,4.55,0.83,1.15,5.12,1410,1581.0, , , , , , , ,737.0,736.88,884.0,400.0, , , ,, , , , , , , 
09:45:54,0.03,0.39,-0.46,-0.13,0.71,-0.19,0.1,4.2,0.73,1.19,4.7,1763,1580.0, , , , , , , ,737.5,737.11,100.0,1400.0, , , ,, , , , , , , 
09:45:57,0.3,0.61,-0.23,0.24,0.73,0.02,0.28,4.27,1.11,1.31,4.63,1237,1577.0, , , , , , , ,737.69,737.11,200.0,1400.0, , , ,, , , , , , , 
09:46:00,1.03,1.04,0.25,0.84,1.06,0.75,0.87,4.57,2.09,1.41,4.77,1281,1561.0,600.0,737.5,737.5,600.0,668.0, ,-1.83,737.5,737.11,100.0,2200.0, ,2018-05-31 09:46:00,2018-05-31 09:46:00.701000,, , ,FILLED, , ,2018-05-31 09:46:00.701000,2018-05-31 09:46:02.114000
09:46:03,1.27,1.07,0.39,0.92,0.95,1.08,0.9,4.3,2.35,1.39,4.3,1763,1564.0,600.0,737.7,737.643,600.0,1268.0, ,-1.3,737.7,737.53,1000.0,500.0, ,2018-05-31 09:46:03,2018-05-31 09:46:03.693000,, , ,FILLED, , ,2018-05-31 09:46:03.693000,2018-05-31 09:46:04.636000
09:46:06,1.38,1.31,0.72,1.23,1.2,1.06,1.06,4.38,2.37,1.65,4.33,1218,1568.0,600.0,737.7,737.7,600.0,1868.0, ,-1.28,737.7,737.57,400.0,900.0, ,2018-05-31 09:46:06,2018-05-31 09:46:06.710000,, , ,FILLED, , ,2018-05-31 09:46:06.711000,2018-05-31 09:46:08.203000
09:46:09,1.45,1.47,0.99,1.33,1.41,1.03,1.1,4.47,2.32,1.98,4.4,1206,1567.0,600.0,737.69,737.69,600.0,2468.0, ,-1.28,737.69,737.58,100.0,200.0, ,2018-05-31 09:46:09,2018-05-31 09:46:09.700000,, , ,FILLED, , ,2018-05-31 09:46:09.700000,2018-05-31 09:46:12.279000
09:46:12,1.38,1.39,0.72,1.27,1.57,0.98,1.12,4.61,2.44,1.78,4.47,1203,1563.0,600.0,737.7,737.7,600.0,3068.0, ,-1.29,737.7,737.58,200.0,1300.0, ,2018-05-31 09:46:12,2018-05-31 09:46:12.635000,, , ,FILLED, , ,2018-05-31 09:46:12.635000,2018-05-31 09:46:15.843000
09:46:15,1.71,1.5,1.15,1.51,1.59,1.27,1.25,4.59,2.71,1.74,4.5,1155,1553.0, , , , , , , ,737.72,737.7,900.0,900.0, , , ,, , , , , , , 
09:46:18,1.47,1.55,0.98,1.54,1.77,1.14,1.41,4.8,2.28,1.71,4.52,1354,1552.0,600.0,737.72,737.72,600.0,3668.0, ,-1.14,737.72,737.7,400.0,1300.0, ,2018-05-31 09:46:18,2018-05-31 09:46:18.662000,, , ,FILLED, , ,2018-05-31 09:46:18.662000,2018-05-31 09:46:19.392000
09:46:21,1.41,1.58,0.91,1.37,1.84,1.12,1.56,4.99,2.2,1.81,4.46,1215,1553.0,600.0,737.8,737.8,600.0,4268.0, ,-1.14,737.8,737.72,1300.0,100.0, ,2018-05-31 09:46:21,2018-05-31 09:46:21.739000,, , ,FILLED, , ,2018-05-31 09:46:21.739000,2018-05-31 09:46:22.389000
09:46:24,1.09,1.31,0.47,1.13,2.51,0.9,1.41,5.51,1.91,1.4,5.0,1349,1558.0, , , , , , , ,737.68,737.13,600.0,100.0, , , ,, , , , , , , 
09:46:27,0.78,0.89,0.27,0.77,2.78,0.46,0.94,5.67,1.61,0.95,5.21,1243,1544.0, , , , , , , ,737.53,737.13,100.0,100.0, , , ,, , , , , , , 
09:46:30,0.74,1.12,0.27,0.95,2.38,0.49,1.26,5.0,1.45,1.15,4.72,1380,1548.0, , , , , , , ,737.8,737.68,200.0,1200.0, , , ,, , , , , , , 
09:46:33,1.14,1.18,0.62,0.9,2.6,0.89,1.43,4.88,1.91,1.23,4.87,1262,1536.0, , , , , , , ,737.7,737.68,200.0,1300.0, , , ,, , , , , , , 
09:46:36,1.15,1.23,0.57,1.0,2.66,0.92,1.39,4.75,1.95,1.3,4.83,1324,1525.0, , , , , , , ,737.77,737.7,300.0,1000.0, , , ,, , , , , , , 
09:46:39,1.33,1.2,0.66,0.99,2.87,1.18,1.47,4.71,2.16,1.15,4.86,1165,1517.0, , , , , , , ,737.71,737.7,100.0,1200.0, , , ,, , , , , , , 
09:46:42,1.21,1.32,0.63,1.18,2.97,1.07,1.48,4.69,1.91,1.31,4.82,1186,1516.0, , , , , , , ,737.82,737.7,300.0,1700.0, , , ,, , , , , , , 
09:46:45,1.28,1.4,0.76,1.19,3.07,1.02,1.43,4.67,2.06,1.57,4.86,1218,1502.0, , , , , , , ,737.8,737.77,100.0,1000.0, , , ,, , , , , , , 
09:46:48,1.45,1.54,0.91,1.35,3.14,1.32,1.64,4.52,2.11,1.62,4.93,1274,1506.0,600.0,737.92,737.902,600.0,4868.0, ,-1.09,737.92,737.78,300.0,100.0, ,2018-05-31 09:46:48,2018-05-31 09:46:48.726000,, , ,FILLED, , ,2018-05-31 09:46:48.726000,2018-05-31 09:46:50.145000
09:46:51,1.37,1.28,0.63,1.12,3.4,1.13,1.5,4.54,2.36,1.22,5.17,1199,1508.0, , , , , , , ,737.8,737.77,100.0,1121.0, , , ,, , , , , , , 
09:46:54,0.83,0.92,0.31,0.86,3.57,0.64,1.0,4.39,1.54,0.89,5.33,1352,1530.0, , , , , , , ,737.82,737.7,100.0,621.0, , , ,, , , , , , , 
09:46:57,1.67,1.98,1.43,1.79,3.58,1.57,2.1,4.23,2.02,2.05,5.29,2077,1658.0,600.0,738.0,738.0,500.0,5368.0, ,-1.08,738.0,737.82,500.0,551.0, ,2018-05-31 09:46:57,2018-05-31 09:46:57.749000,, , ,CANCELED, , ,2018-05-31 09:46:57.749000,2018-05-31 09:47:01.490000
09:47:00,1.93,2.2,1.44,2.01,3.2,1.96,2.44,3.69,2.41,2.15,4.8,1978,1661.0,600.0,738.33,738.33,100.0,5468.0, ,-0.44,738.33,738.3,100.0,2000.0, ,2018-05-31 09:47:00,2018-05-31 09:47:01.491000,, , ,CANCELED, , ,2018-05-31 09:47:01.491000,2018-05-31 09:47:04.526000
09:47:03,1.96,2.03,1.74,1.96,3.26,2.03,2.34,3.65,2.12,1.78,4.77,2058,1651.0,500.0,738.43,0.0,0.0,5468.0, , ,738.43,738.33,100.0,1600.0, ,2018-05-31 09:47:03,2018-05-31 09:47:04.527000,, , ,CANCELED, , ,2018-05-31 09:47:04.527000,2018-05-31 09:47:07.555000
09:47:06,1.8,2.04,1.72,2.11,2.97,1.72,2.17,3.29,1.97,1.85,4.41,1896,1652.0,500.0,738.68,738.68,500.0,5968.0, ,-0.06,738.68,738.66,200.0,1300.0, ,2018-05-31 09:47:06,2018-05-31 09:47:07.556000,, , ,FILLED, , ,2018-05-31 09:47:07.556000,2018-05-31 09:47:09.284000
09:47:09,1.45,1.83,1.58,2.04,2.98,1.36,1.68,3.1,1.42,1.77,4.33,2216,1703.0, , , , , , , ,738.95,738.5,1000.0,800.0, , , ,, , , , , , , 
09:47:12,1.13,1.54,1.26,1.79,2.88,1.0,1.35,2.88,1.12,1.46,4.1,2333,1689.0, , , , , , , ,738.95,738.86,700.0,500.0, , , ,, , , , , , , 
09:47:15,1.21,1.45,1.46,1.67,2.98,1.09,1.49,2.9,1.07,1.2,4.12,1964,1679.0, , , , , , , ,738.95,738.84,300.0,100.0, , , ,, , , , , , , 
09:47:18,1.2,1.74,1.68,2.0,3.04,0.88,1.81,2.64,1.03,1.4,3.99,2272,1730.0, , , , , , , ,739.02,739.0,200.0,700.0, , , ,, , , , , , , 
09:47:21,1.46,1.95,1.78,2.04,2.95,1.31,2.06,2.21,1.28,1.75,3.67,2231,1742.0, , , , , , , ,739.5,739.02,200.0,100.0, , , ,, , , , , , , 
09:47:24,1.21,1.79,1.49,1.81,2.94,1.03,1.87,2.06,1.12,1.7,3.61,2345,1729.0, , , , , , , ,739.58,739.02,100.0,1300.0, , , ,, , , , , , , 
09:47:27,0.96,1.35,1.34,1.45,2.75,0.81,1.46,1.73,0.73,1.13,3.37,2133,1726.0, , , , , , , ,739.66,739.28,200.0,500.0, , , ,, , , , , , , 
09:47:30,0.7,1.36,1.12,1.6,2.63,0.63,1.49,1.69,0.34,1.01,3.33,2029,1713.0, , , , , , , ,739.7,739.28,100.0,1600.0, , , ,, , , , , , , 
09:47:33,0.68,1.18,1.19,1.35,2.1,0.71,1.21,1.45,0.14,0.99,2.96,1958,1698.0, , , , , , , ,739.77,739.7,700.0,300.0, , , ,, , , , , , , 
09:47:36,0.59,1.09,1.04,1.47,2.03,0.55,0.97,1.44,0.19,0.81,2.85,2451,1692.0, , , , , , , ,739.77,739.7,300.0,1200.0, , , ,, , , , , , , 
09:47:39,0.76,1.1,1.29,1.38,1.83,0.79,1.32,1.29,0.2,0.59,2.7,1876,1682.0, , , , , , , ,739.85,739.8,400.0,800.0, , , ,, , , , , , , 
09:47:42,0.95,1.6,1.45,2.05,1.64,0.99,1.6,1.07,0.4,1.16,2.34,3613,2041.0, , , , , , , ,740.01,740.0,200.0,13500.0, , , ,, , , , , , , 
09:47:45,1.29,1.78,2.05,1.97,1.32,1.25,1.84,0.65,0.57,1.53,1.91,3532,2026.0, , , , , , , ,740.4,740.1,100.0,300.0, , , ,, , , , , , , 
09:47:48,0.97,1.66,1.57,1.65,1.42,0.72,1.68,0.8,0.62,1.66,2.0,3416,2011.0, , , , , , , ,740.16,740.1,100.0,1300.0, , , ,, , , , , , , 
09:47:51,0.72,1.25,1.15,1.37,1.13,0.57,1.29,0.59,0.46,1.08,1.54,3177,1997.0, , , , , , , ,740.48,740.1,100.0,1300.0, , , ,, , , , , , , 
09:47:54,0.53,1.15,1.03,1.45,0.69,0.36,1.31,0.42,0.19,0.7,1.16,3103,1981.0, , , , , , , ,740.5,740.48,100.0,100.0, , , ,, , , , , , , 
09:47:57,0.39,0.93,1.06,1.2,0.47,0.01,0.98,0.27,0.08,0.61,0.79,2968,1977.0, , , , , , , ,740.88,740.47,100.0,100.0, , , ,, , , , , , , 
09:48:00,0.24,0.81,0.89,1.25,0.42,-0.2,0.84,0.28,0.02,0.34,0.59,3001,1963.0, , , , , , , ,740.95,740.5,200.0,200.0, , , ,, , , , , , , 
09:48:03,0.29,0.8,1.06,1.2,0.36,-0.11,0.99,0.27,-0.09,0.21,0.39,2840,1952.0, , , , , , , ,740.88,740.72,100.0,100.0, , , ,, , , , , , , 
09:48:06,0.24,0.99,0.91,1.42,0.21,-0.07,1.19,0.04,-0.12,0.35,0.1,2829,1962.0, , , , , , , ,741.0,740.9,2000.0,1000.0, , , ,, , , , , , , 
09:48:09,0.24,0.98,0.92,1.19,0.04,0.02,1.12,-0.12,-0.23,0.64,-0.26,2736,1952.0, , , , , , , ,741.0,740.98,1500.0,1000.0, , , ,, , , , , , , 
09:48:12,0.07,0.71,0.53,1.14,0.06,-0.13,0.71,-0.18,-0.18,0.27,-0.58,2627,1946.0, , , , , , , ,741.0,740.98,700.0,1600.0, , , ,, , , , , , , 
09:48:15,0.09,0.64,0.77,1.08,-0.24,-0.17,0.69,-0.52,-0.32,0.15,-1.08,2675,1948.0, , , , , , , ,741.43,741.0,100.0,3500.0, , , ,, , , , , , , 
09:48:18,0.1,0.68,0.68,1.22,-0.34,-0.09,0.67,-0.56,-0.28,0.15,-1.42,2548,1937.0, , , , , , , ,741.43,741.0,100.0,5600.0, , , ,, , , , , , , 
09:48:21,0.06,0.67,0.55,1.19,-0.92,-0.19,0.6,-1.04,-0.19,0.22,-2.04,2577,1933.0, , , , , , , ,741.59,741.58,100.0,100.0, , , ,, , , , , , , 
09:48:24,-0.05,0.44,0.37,1.0,-1.23,-0.25,0.31,-1.2,-0.29,-0.01,-2.25,2464,1919.0, , , , , , , ,741.88,741.59,1200.0,100.0, , , ,, , , , , , , 
09:48:27,-0.4,0.12,0.18,0.68,-0.81,-0.71,0.06,-0.71,-0.66,-0.38,-1.6,2391,1929.0, , , , , , , ,741.59,741.1,300.0,600.0, , , ,, , , , , , , 
09:48:30,-0.86,-0.21,-0.44,0.28,-0.84,-1.12,-0.33,-0.79,-1.03,-0.57,-1.52,2572,1940.0,-3000.0,741.48,741.48,-2200.0,3768.0, ,3.53,741.5,741.21,500.0,300.0, ,2018-05-31 09:48:30,2018-05-31 09:48:30.696000,, , ,CANCELED, , ,2018-05-31 09:48:30.696000,2018-05-31 09:48:34.112000
09:48:33,-0.85,-0.16,-0.38,0.31,-0.65,-1.21,-0.26,-0.73,-0.96,-0.52,-1.35,2556,1941.0, , , , , , , ,741.48,741.1,1300.0,1800.0, , , ,, , , , , , , 
09:48:36,-0.99,-0.43,-0.67,-0.04,-0.48,-1.27,-0.57,-0.66,-1.02,-0.67,-1.18,2535,1950.0,-3000.0,741.19,741.19,-500.0,3268.0, ,3.45,741.21,741.1,100.0,1700.0, ,2018-05-31 09:48:36,2018-05-31 09:48:36.609000,, , ,CANCELED, , ,2018-05-31 09:48:36.609000,2018-05-31 09:48:40.152000
09:48:39,-1.1,-0.35,-0.86,-0.05,-0.48,-1.43,-0.51,-0.62,-1.0,-0.49,-1.35,2495,1952.0,-3000.0,741.17,741.403,-1200.0,2068.0, ,3.53,741.19,741.1,2500.0,1100.0, ,2018-05-31 09:48:39,2018-05-31 09:48:40.152000,, , ,CANCELED, , ,2018-05-31 09:48:40.152000,2018-05-31 09:48:43.178000
09:48:42,-1.24,-0.42,-1.13,-0.24,-0.46,-1.45,-0.61,-0.59,-1.15,-0.4,-1.34,2574,1981.0,-2000.0,741.15,741.15,-2000.0,68.0,15520.77,3.57,741.17,741.1,1800.0,1200.0, ,2018-05-31 09:48:42,2018-05-31 09:48:43.178000,, , ,FILLED,4369072.847376277,4353552.0749574555,2018-05-31 09:48:43.178000,2018-05-31 09:48:44.312000
09:48:45,-1.34,-0.58,-1.47,-0.71,-0.97,-1.46,-0.75,-1.05,-1.1,-0.27,-1.84,2910,2039.0, , , , , , , ,741.79,741.1,100.0,200.0, , , ,, , , , , , , 
09:48:48,-1.24,-0.61,-1.31,-0.7,-0.64,-1.33,-0.84,-0.65,-1.07,-0.3,-1.51,2825,2027.0, , , , , , , ,741.29,741.1,100.0,400.0, , , ,, , , , , , , 
09:48:51,-1.1,-0.47,-1.24,-0.62,-0.3,-1.25,-0.62,-0.31,-0.81,-0.18,-1.19,2939,2051.0, , , , , , , ,741.0,740.9,2800.0,800.0, , , ,, , , , , , , 
09:48:54,-1.06,-0.41,-1.22,-0.69,-0.17,-1.17,-0.33,-0.21,-0.8,-0.22,-1.16,2846,2069.0, , , , , , , ,740.95,740.9,100.0,200.0, , , ,, , , , , , , 
09:48:57,-0.92,-0.31,-1.18,-0.58,-0.06,-0.9,-0.42,-0.14,-0.67,0.06,-1.14,2925,2065.0, , , , , , , ,740.95,740.88,200.0,700.0, , , ,, , , , , , , 
09:49:00,-0.95,-0.4,-1.22,-0.75,-0.53,-0.95,-0.52,-0.68,-0.67,0.06,-1.48,2900,2092.0, , , , , , , ,741.77,740.88,400.0,600.0, , , ,, , , , , , , 
09:49:03,-0.79,-0.28,-1.03,-0.51,0.0,-0.86,-0.55,-0.28,-0.48,0.23,-0.82,2808,2079.0, , , , , , , ,741.0,740.99,600.0,800.0, , , ,, , , , , , , 
09:49:06,-0.74,-0.07,-0.82,-0.23,-0.1,-0.84,-0.13,-0.29,-0.57,0.16,-0.77,2846,2088.0, , , , , , , ,741.1,741.0,1000.0,800.0, , , ,, , , , , , , 
09:49:09,-0.63,-0.08,-0.74,-0.3,-0.2,-0.74,-0.2,-0.22,-0.41,0.27,-0.62,2822,2079.0, , , , , , , ,741.1,740.99,1100.0,500.0, , , ,, , , , , , , 
09:49:12,-0.72,-0.16,-0.85,-0.3,-0.18,-0.78,-0.34,-0.07,-0.52,0.17,-0.61,2616,2064.0, , , , , , , ,741.0,740.99,1400.0,300.0, , , ,, , , , , , , 
09:49:15,-0.51,-0.09,-0.67,-0.27,-0.29,-0.54,-0.16,-0.04,-0.33,0.17,-0.76,2709,2059.0, , , , , , , ,741.1,741.0,1100.0,200.0, , , ,, , , , , , , 
09:49:18,-0.35,0.19,-0.51,-0.02,-0.34,-0.52,0.28,-0.01,-0.02,0.3,-0.83,2661,2058.0, , , , , , , ,741.1,741.0,100.0,200.0, , , ,, , , , , , , 
09:49:21,-0.46,0.07,-0.68,-0.17,0.09,-0.59,0.07,0.41,-0.12,0.32,-0.44,2744,2048.0, , , , , , , ,740.99,740.5,100.0,100.0, , , ,, , , , , , , 
09:49:24,-0.52,0.08,-0.71,-0.12,0.12,-0.56,0.02,0.47,-0.28,0.33,-0.54,3503,2042.0, , , , , , , ,741.0,740.5,100.0,500.0, , , ,, , , , , , , 
09:49:27,-0.48,0.03,-0.78,-0.2,0.1,-0.62,-0.04,0.57,-0.05,0.33,-0.53,2421,2030.0, , , , , , , ,740.99,740.5,3100.0,500.0, , , ,, , , , , , , 
09:49:30,-0.55,0.05,-0.79,-0.1,0.03,-0.77,0.02,0.66,-0.07,0.22,-0.49,2215,2012.0, , , , , , , ,740.99,740.5,2900.0,500.0, , , ,, , , , , , , 
09:49:33,-0.42,0.12,-0.8,-0.12,0.08,-0.59,-0.01,0.79,0.14,0.5,-0.41,2299,2013.0, , , , , , , ,740.9,740.49,100.0,100.0, , , ,, , , , , , , 
09:49:36,-0.33,0.19,-0.71,0.02,-0.51,-0.53,-0.07,0.33,0.24,0.64,-0.77,2858,2050.0, , , , , , , ,741.1,741.0,2000.0,800.0, , , ,, , , , , , , 
09:49:39,-0.08,0.35,-0.46,0.13,-0.02,-0.34,0.11,0.8,0.55,0.8,-0.25,2285,2042.0, , , , , , , ,740.9,740.5,100.0,1200.0, , , ,, , , , , , , 
09:49:42,-0.09,0.5,-0.49,0.14,-0.01,-0.3,0.39,0.83,0.54,0.96,-0.21,2267,2034.0, , , , , , , ,740.9,740.5,200.0,1900.0, , , ,, , , , , , , 
09:49:45,-0.04,0.38,-0.53,-0.04,-0.12,-0.34,0.11,0.83,0.75,1.07,-0.23,2768,2042.0, , , , , , , ,741.0,740.5,3400.0,1600.0, , , ,, , , , , , , 
09:49:48,0.16,0.6,-0.24,0.23,-0.05,-0.22,0.4,0.99,0.95,1.16,-0.24,2444,2044.0, , , , , , , ,741.0,740.5,2800.0,1600.0, , , ,, , , , , , , 
09:49:51,0.48,0.82,-0.09,0.39,0.02,0.23,0.76,1.21,1.29,1.32,-0.14,2170,2031.0, , , , , , , ,740.9,740.5,100.0,1000.0, , , ,, , , , , , , 
09:49:54,0.38,0.74,-0.18,0.26,0.09,0.15,0.7,1.34,1.17,1.25,-0.11,2453,2073.0, , , , , , , ,740.9,740.5,1500.0,800.0, , , ,, , , , , , , 
09:49:57,0.35,0.73,-0.16,0.37,-0.29,0.1,0.66,1.05,1.11,1.17,-0.56,2601,2121.0, , , , , , , ,741.07,741.0,100.0,1660.0, , , ,, , , , , , , 
09:50:00,0.51,0.81,0.04,0.46,-0.3,0.35,0.69,1.09,1.14,1.29,-0.55,2530,2114.0, , , , , , , ,741.1,741.0,2200.0,2260.0, , , ,, , , , , , , 
09:50:03,0.41,0.84,-0.02,0.53,-0.22,0.14,0.72,1.29,1.13,1.27,-0.47,2686,2134.0, , , , , , , ,741.0,740.9,1200.0,100.0, , , ,, , , , , , , 
09:50:06,0.43,0.83,0.14,0.49,-0.16,0.19,0.9,1.32,0.98,1.11,-0.45,2626,2133.0, , , , , , , ,741.0,740.9,1300.0,500.0, , , ,, , , , , , , 
09:50:09,0.5,0.91,0.19,0.49,-0.09,0.24,0.96,1.31,1.07,1.29,-0.39,5359,2116.0, , , , , , , ,741.0,740.9,1200.0,200.0, , , ,, , , , , , , 
09:50:12,0.63,1.07,0.36,0.6,0.27,0.49,1.19,1.6,1.05,1.42,-0.03,2316,2110.0, , , , , , , ,740.9,740.59,900.0,1700.0, , , ,, , , , , , , 
09:50:15,0.65,1.19,0.29,0.73,0.32,0.53,1.19,1.55,1.12,1.64,-0.02,2335,2115.0, , , , , , , ,741.0,740.59,200.0,1500.0, , , ,, , , , , , , 
09:50:18,0.74,1.17,0.41,0.68,0.26,0.65,1.21,1.5,1.17,1.63,-0.1,2306,2109.0, , , , , , , ,741.1,740.6,2040.0,2000.0, , , ,, , , , , , , 
09:50:21,0.91,1.19,0.37,0.67,0.34,0.71,1.17,1.59,1.64,1.73,0.01,2361,2124.0,600.0,741.0,741.0,600.0,668.0, ,-1.84,741.0,740.6,130.0,600.0, ,2018-05-31 09:50:21,2018-05-31 09:50:21.705000,, , ,FILLED, , ,2018-05-31 09:50:21.705000,2018-05-31 09:50:23.673000
09:50:24,0.69,0.94,0.19,0.38,0.4,0.52,1.0,1.57,1.36,1.44,0.0,2475,2130.0, , , , , , , ,741.0,740.6,1430.0,300.0, , , ,, , , , , , , 
09:50:27,0.3,0.65,-0.03,0.19,0.33,0.17,0.61,1.4,0.77,1.14,-0.18,2379,2129.0, , , , , , , ,740.95,740.9,200.0,900.0, , , ,, , , , , , , 
09:50:30,0.01,0.47,-0.24,0.1,0.66,-0.02,0.43,1.63,0.3,0.88,0.08,2373,2125.0, , , , , , , ,740.88,740.61,100.0,300.0, , , ,, , , , , , , 
09:50:33,-0.15,0.38,-0.45,0.07,0.92,-0.14,0.37,1.8,0.14,0.7,0.26,2441,2108.0, , , , , , , ,740.61,740.59,200.0,400.0, , , ,, , , , , , , 
09:50:36,-0.38,0.28,-0.72,-0.1,0.76,-0.31,0.23,1.5,-0.12,0.7,0.14,2260,2105.0, , , , , , , ,740.88,740.59,100.0,200.0, , , ,, , , , , , , 
09:50:39,-0.21,0.29,-0.56,-0.07,0.93,-0.26,0.12,1.65,0.2,0.83,0.37,2263,2100.0, , , , , , , ,740.61,740.6,100.0,600.0, , , ,, , , , , , , 
09:50:42,-0.23,0.4,-0.5,-0.05,0.7,-0.26,0.31,1.26,0.07,0.94,0.14,2294,2096.0, , , , , , , ,741.0,740.6,4630.0,100.0, , , ,, , , , , , , 
09:50:45,-0.13,0.44,-0.52,-0.11,1.0,-0.2,0.23,1.4,0.33,1.19,0.39,2109,2080.0, , , , , , , ,740.66,740.6,200.0,600.0, , , ,, , , , , , , 
09:50:48,-0.05,0.55,-0.43,-0.05,1.15,-0.16,0.42,1.32,0.43,1.28,0.38,2079,2062.0, , , , , , , ,740.66,740.6,200.0,600.0, , , ,, , , , , , , 
09:50:51,0.05,0.62,-0.36,0.04,1.06,-0.15,0.51,0.85,0.67,1.31,0.14,2072,2075.0, , , , , , , ,741.0,740.61,4430.0,100.0, , , ,, , , , , , , 
09:50:54,0.34,0.73,-0.19,0.23,1.21,0.14,0.69,0.73,1.05,1.28,0.16,2193,2061.0, , , , , , , ,741.0,740.61,4330.0,100.0, , , ,, , , , , , , 
09:50:57,0.7,0.94,-0.09,0.41,1.33,0.48,0.88,0.58,1.72,1.52,0.15,2172,2056.0, , , , , , , ,741.0,740.66,4330.0,475.0, , , ,, , , , , , , 
09:51:00,0.37,0.72,-0.34,0.22,1.39,0.2,0.6,0.45,1.24,1.33,0.15,2101,2057.0, , , , , , , ,741.0,740.66,4330.0,300.0, , , ,, , , , , , , 
09:51:03,0.27,0.63,-0.01,0.29,1.46,0.06,0.58,0.35,0.78,1.02,0.15,2088,2041.0, , , , , , , ,740.99,740.66,500.0,300.0, , , ,, , , , , , , 
09:51:06,0.44,0.74,0.12,0.3,1.69,0.3,0.92,0.46,0.9,1.0,0.36,1940,2022.0, , , , , , , ,740.7,740.66,400.0,700.0, , , ,, , , , , , , 
09:51:09,0.33,0.85,0.01,0.49,1.25,0.13,0.88,-0.27,0.83,1.19,-0.07,2203,2030.0, , , , , , , ,741.0,740.99,4330.0,800.0, , , ,, , , , , , , 
09:51:12,0.66,1.27,0.49,1.07,1.22,0.7,1.26,-0.64,0.79,1.49,-0.14,2683,2082.0, , , , , , , ,741.06,741.0,100.0,4270.0, , , ,, , , , , , , 
09:51:15,0.84,1.37,0.57,1.13,1.21,0.92,1.47,-0.86,1.04,1.51,-0.15,2170,2092.0,600.0,741.1,741.1,600.0,1268.0, ,-1.31,741.1,741.0,600.0,3270.0, ,2018-05-31 09:51:15,2018-05-31 09:51:15.659000,, , ,FILLED, , ,2018-05-31 09:51:15.659000,2018-05-31 09:51:16.211000
09:51:18,0.67,1.01,0.4,0.75,1.25,0.79,1.15,-1.17,0.82,1.14,-0.15,2618,2126.0, , , , , , , ,741.06,741.0,100.0,1870.0, , , ,, , , , , , , 
09:51:21,0.37,0.74,0.08,0.37,1.25,0.36,0.76,-1.32,0.65,1.09,-0.2,2694,2153.0, , , , , , , ,741.11,741.0,2600.0,300.0, , , ,, , , , , , , 
09:51:24,0.66,1.13,0.24,0.74,1.23,0.7,1.15,-1.33,1.06,1.49,-0.2,2500,2152.0, , , , , , , ,741.11,741.0,1700.0,1100.0, , , ,, , , , , , , 
09:51:27,0.53,1.16,0.21,0.65,0.97,0.4,1.21,-1.46,0.98,1.62,-0.47,2999,2206.0, , , , , , , ,741.37,741.11,3540.0,100.0, , , ,, , , , , , , 
09:51:30,0.7,1.12,0.36,0.79,0.85,0.58,1.18,-1.49,1.15,1.39,-0.56,2686,2212.0, , , , , , , ,741.37,741.28,2285.0,1300.0, , , ,, , , , , , , 
09:51:33,0.78,1.28,0.45,0.95,0.86,0.59,1.29,-1.36,1.3,1.62,-0.52,2856,2216.0, , , , , , , ,741.37,741.22,2285.0,100.0, , , ,, , , , , , , 
09:51:36,0.89,1.43,0.59,1.11,0.79,0.79,1.6,-1.31,1.28,1.56,-0.43,2660,2210.0, , , , , , , ,741.29,741.22,300.0,300.0, , , ,, , , , , , , 
09:51:39,1.08,1.63,0.96,1.27,0.71,1.06,1.89,-1.56,1.21,1.71,-0.47,2591,2209.0,600.0,741.37,741.37,600.0,1868.0, ,-1.12,741.37,741.23,185.0,800.0, ,2018-05-31 09:51:39,2018-05-31 09:51:39.650000,, , ,FILLED, , ,2018-05-31 09:51:39.650000,2018-05-31 09:51:42.007000
09:51:42,1.21,1.62,0.99,1.23,0.57,1.36,1.97,-1.59,1.29,1.66,-0.47,2648,2208.0,600.0,741.4,741.375,600.0,2468.0, ,-1.18,741.4,741.23,1385.0,1300.0, ,2018-05-31 09:51:42,2018-05-31 09:51:42.698000,, , ,FILLED, , ,2018-05-31 09:51:42.698000,2018-05-31 09:51:43.562000
09:51:45,1.24,1.65,1.09,1.25,0.37,1.28,2.03,-1.77,1.36,1.67,-0.56,2637,2203.0,600.0,741.4,741.4,200.0,2668.0, ,-1.0,741.4,741.38,1285.0,5900.0, ,2018-05-31 09:51:45,2018-05-31 09:51:45.692000,, , ,CANCELED, , ,2018-05-31 09:51:45.693000,2018-05-31 09:51:49.023000
09:51:48,1.52,1.72,1.29,1.5,0.19,1.63,2.17,-1.88,1.63,1.5,-0.67,2580,2209.0,500.0,741.5,741.5,100.0,2768.0, ,-0.93,741.5,741.44,2300.0,15.0, ,2018-05-31 09:51:48,2018-05-31 09:51:49.023000,, , ,CANCELED, , ,2018-05-31 09:51:49.024000,2018-05-31 09:51:52.059000
09:51:51,1.43,1.72,1.27,1.48,-0.42,1.59,2.07,-2.26,1.41,1.62,-1.06,2654,2222.0,400.0,741.77,741.77,400.0,3168.0, ,-0.63,741.77,741.73,200.0,1500.0, ,2018-05-31 09:51:51,2018-05-31 09:51:52.059000,, , ,FILLED, , ,2018-05-31 09:51:52.059000,2018-05-31 09:51:53.673000
09:51:54,1.43,1.65,1.24,1.48,-0.56,1.66,1.93,-2.29,1.39,1.55,-1.08,2570,2218.0, , , , , , , ,741.8,741.73,400.0,2500.0, , , ,, , , , , , , 
09:51:57,1.17,1.64,1.03,1.27,-0.73,1.45,1.82,-2.33,1.01,1.83,-1.14,2510,2218.0, , , , , , , ,741.88,741.73,100.0,4100.0, , , ,, , , , , , , 
09:52:00,0.96,1.55,0.92,1.28,-1.03,1.3,1.78,-2.3,0.66,1.59,-1.31,2676,2224.0, , , , , , , ,741.95,741.91,400.0,100.0, , , ,, , , , , , , 
09:52:03,0.92,1.53,0.92,1.38,-1.15,1.26,1.7,-2.09,0.57,1.5,-1.31,2974,2232.0, , , , , , , ,741.97,741.91,4400.0,200.0, , , ,, , , , , , , 
09:52:06,0.62,1.2,0.63,1.16,-1.24,1.14,1.27,-1.97,0.08,1.17,-1.31,2544,2220.0, , , , , , , ,741.97,741.91,3700.0,500.0, , , ,, , , , , , , 
09:52:09,0.12,0.69,0.15,0.69,-1.48,0.6,0.61,-1.78,-0.4,0.76,-1.25,2494,2214.0, , , , , , , ,741.91,741.9,200.0,1558.0, , , ,, , , , , , , 
09:52:12,-0.19,0.3,0.04,0.49,-1.81,0.06,0.24,-1.84,-0.67,0.17,-1.27,2768,2246.0, , , , , , , ,741.91,741.9,300.0,1858.0, , , ,, , , , , , , 
09:52:15,-0.23,0.39,0.01,0.59,-2.11,-0.02,0.38,-2.01,-0.69,0.19,-1.38,2638,2234.0, , , , , , , ,741.99,741.97,600.0,200.0, , , ,, , , , , , , 
09:52:18,-0.03,0.54,0.18,0.8,-2.46,0.22,0.55,-2.09,-0.47,0.27,-1.41,2586,2250.0, , , , , , , ,742.0,741.97,14000.0,400.0, , , ,, , , , , , , 
09:52:21,0.3,0.84,0.25,0.96,-2.54,0.6,0.98,-2.07,0.04,0.56,-1.4,3390,2328.0, , , , , , , ,742.0,741.91,6300.0,1100.0, , , ,, , , , , , , 
09:52:24,0.32,0.67,0.25,0.83,-2.58,0.69,0.86,-2.2,0.03,0.34,-1.46,3289,2308.0, , , , , , , ,742.0,741.97,6400.0,200.0, , , ,, , , , , , , 
09:52:27,-0.11,0.37,0.0,0.62,-2.41,0.19,0.4,-2.15,-0.53,0.08,-1.4,2791,2301.0, , , , , , , ,741.98,741.91,1400.0,900.0, , , ,, , , , , , , 
09:52:30,-0.16,0.19,-0.08,0.37,-2.33,0.12,0.28,-2.11,-0.53,-0.07,-1.4,2884,2281.0, , , , , , , ,741.98,741.91,1300.0,700.0, , , ,, , , , , , , 
09:52:33,-0.21,0.31,-0.25,0.34,-2.23,0.06,0.42,-2.08,-0.44,0.17,-1.39,2804,2303.0, , , , , , , ,742.0,741.88,6600.0,158.0, , , ,, , , , , , , 
09:52:36,-0.27,0.22,-0.18,0.18,-2.17,-0.11,0.36,-1.9,-0.52,0.11,-1.31,2583,2287.0, , , , , , , ,741.9,741.88,100.0,256.0, , , ,, , , , , , , 
09:52:39,-0.31,0.12,-0.38,0.17,-1.96,-0.09,0.14,-1.46,-0.47,0.05,-0.91,3184,2392.0, , , , , , , ,741.8,741.4,100.0,900.0, , , ,, , , , , , , 
09:52:42,-0.67,-0.29,-0.84,-0.47,-2.33,-0.39,-0.3,-1.78,-0.78,-0.09,-1.25,3194,2384.0,-3000.0,741.86,0.0,-0.0,3168.0, , ,741.88,741.85,1086.0,700.0, ,2018-05-31 09:52:42,2018-05-31 09:52:42.662000,, , ,CANCELED, , ,2018-05-31 09:52:42.662000,2018-05-31 09:52:46.403000
09:52:45,-0.89,-0.48,-1.09,-0.67,-2.06,-0.78,-0.54,-1.38,-0.8,-0.21,-0.88,3030,2375.0,-3000.0,741.78,0.0,-0.0,3168.0, , ,741.8,741.4,2300.0,500.0, ,2018-05-31 09:52:45,2018-05-31 09:52:46.403000,, , ,CANCELED, , ,2018-05-31 09:52:46.404000,2018-05-31 09:52:49.424000
09:52:48,-1.01,-0.61,-1.22,-0.76,-2.04,-0.91,-0.67,-1.38,-0.89,-0.42,-0.87,3200,2382.0,-3000.0,741.76,0.0,-0.0,3168.0, , ,741.78,741.4,4200.0,400.0, ,2018-05-31 09:52:48,2018-05-31 09:52:49.424000,, , ,CANCELED, , ,2018-05-31 09:52:49.424000,2018-05-31 09:52:51.957000
09:52:51,-1.06,-0.52,-1.37,-0.64,-1.77,-0.91,-0.7,-1.07,-0.91,-0.23,-0.61,3156,2394.0,-3000.0,741.38,741.38,-3000.0,168.0, ,-1.1,741.4,741.38,300.0,2800.0, ,2018-05-31 09:52:51,2018-05-31 09:52:51.957000,, , ,FILLED, , ,2018-05-31 09:52:51.957000,2018-05-31 09:52:53.118000
09:52:54,-0.99,-0.53,-1.36,-0.65,-1.47,-0.75,-0.72,-0.72,-0.88,-0.21,-0.29,3344,2449.0,-100.0,741.18,741.18,-100.0,68.0,-2492.9,-1.08,741.2,741.11,600.0,6700.0, ,2018-05-31 09:52:54,2018-05-31 09:52:54.648000,, , ,FILLED,2295755.9081144286,2298248.809738844,2018-05-31 09:52:54.649000,2018-05-31 09:52:56.127000
09:52:57,-0.93,-0.52,-1.32,-0.86,-1.59,-0.73,-0.62,-0.86,-0.74,-0.07,-0.43,3429,2479.0, , , , ,68.0, , ,741.4,741.11,1600.0,2800.0, , , ,, , , , , , , 
09:53:00,-1.14,-0.64,-1.49,-0.88,-1.38,-1.03,-0.73,-0.82,-0.89,-0.3,-0.43,3317,2485.0, , , , ,68.0, , ,741.38,741.11,1600.0,300.0, , , ,, , , , , , , 
09:53:03,-1.2,-0.57,-1.43,-0.67,-0.82,-1.15,-0.76,-0.54,-1.01,-0.27,-0.1,3624,2532.0, , , , ,68.0, , ,741.0,740.99,200.0,100.0, , , ,, , , , , , , 
09:53:06,-1.0,-0.42,-1.26,-0.39,-0.5,-0.85,-0.63,-0.31,-0.9,-0.25,0.07,3463,2513.0, , , , ,68.0, , ,740.99,740.71,800.0,100.0, , , ,, , , , , , , 
09:53:09,-1.01,-0.27,-1.26,-0.43,-0.56,-1.05,-0.45,-0.44,-0.72,0.07,-0.14,3442,2516.0, , , , ,68.0, , ,741.0,740.99,100.0,175.0, , , ,, , , , , , , 
09:53:12,-0.93,-0.06,-1.02,-0.01,0.24,-1.03,-0.34,0.48,-0.75,0.16,0.68,3276,2510.0, , , , ,68.0, , ,740.71,740.01,325.0,300.0, , , ,, , , , , , , 
09:53:15,-0.55,0.4,-0.87,0.56,0.61,-0.52,0.23,1.0,-0.25,0.4,1.09,3192,2503.0, , , , ,68.0, , ,740.06,740.01,200.0,600.0, , , ,, , , , , , , 
09:53:18,-0.63,0.41,-0.89,0.25,0.24,-0.65,0.23,0.71,-0.36,0.75,0.76,3371,2497.0, , , , ,68.0, , ,740.49,740.01,385.0,300.0, , , ,, , , , , , , 
09:53:21,-0.78,0.32,-0.93,0.3,0.55,-0.81,0.08,1.08,-0.59,0.58,1.09,3070,2486.0, , , , ,68.0, , ,740.01,740.0,200.0,17400.0, , , ,, , , , , , , 
09:53:24,-0.46,0.39,-0.69,0.37,0.47,-0.35,0.21,1.07,-0.35,0.59,1.1,3020,2468.0, , , , ,68.0, , ,740.01,740.0,400.0,18300.0, , , ,, , , , , , , 
09:53:27,0.0,1.0,-0.24,0.89,0.45,0.11,0.86,1.05,0.14,1.26,1.1,3031,2464.0, , , , ,68.0, , ,740.02,740.01,200.0,3200.0, , , ,, , , , , , , 
09:53:30,-0.33,0.88,-0.6,0.6,-0.31,-0.3,0.8,0.27,-0.1,1.24,0.33,3153,2519.0, , , , ,68.0, , ,740.71,740.5,85.0,1400.0, , , ,, , , , , , , 
09:53:33,-0.7,0.6,-1.04,0.37,0.18,-0.68,0.58,0.72,-0.38,0.84,0.69,3105,2521.0, , , , ,68.0, , ,740.5,740.02,400.0,1200.0, , , ,, , , , , , , 
09:53:36,-0.53,0.57,-0.54,0.59,0.3,-0.58,0.55,0.78,-0.47,0.56,0.7,3228,2509.0, , , , ,68.0, , ,740.5,740.02,8500.0,1100.0, , , ,, , , , , , , 
09:53:39,-0.68,0.31,-0.88,0.43,0.68,-0.54,0.14,1.17,-0.62,0.35,0.99,3562,2514.0, , , , ,68.0, , ,740.02,740.01,400.0,900.0, , , ,, , , , , , , 
09:53:42,-0.48,0.5,-0.39,0.73,0.7,-0.42,0.26,1.19,-0.64,0.51,0.91,3146,2504.0, , , , ,68.0, , ,740.03,740.02,500.0,1400.0, , , ,, , , , , , , 
09:53:45,-0.43,0.51,-0.53,0.52,0.44,-0.4,0.28,0.9,-0.37,0.71,0.61,3394,2522.0, , , , ,68.0, , ,740.5,740.0,6100.0,14082.0, , , ,, , , , , , , 
09:53:48,-0.31,0.6,-0.29,0.58,0.76,-0.27,0.31,1.21,-0.36,0.91,0.84,3226,2507.0, , , , ,68.0, , ,740.02,740.01,500.0,100.0, , , ,, , , , , , , 
09:53:51,-0.25,0.59,-0.37,0.55,0.78,-0.16,0.23,1.21,-0.22,1.0,0.82,2877,2485.0, , , , ,68.0, , ,740.02,740.01,200.0,200.0, , , ,, , , , , , , 
09:53:54,-0.18,0.57,-0.18,0.51,0.81,-0.14,0.27,1.23,-0.23,0.94,0.86,3196,2467.0, , , , ,68.0, , ,740.02,740.01,200.0,500.0, , , ,, , , , , , , 
09:53:57,-0.29,0.55,-0.26,0.45,0.54,-0.29,0.26,0.98,-0.31,0.95,0.59,2782,2464.0, , , , ,68.0, , ,740.4,740.03,300.0,400.0, , , ,, , , , , , , 
09:54:00,-0.18,0.53,-0.18,0.38,0.79,-0.23,0.34,1.2,-0.12,0.87,0.92,2667,2446.0, , , , ,68.0, , ,740.08,740.03,200.0,200.0, , , ,, , , , , , , 
09:54:03,0.45,1.26,0.69,1.28,0.0,0.4,0.99,0.46,0.27,1.49,0.23,2998,2529.0, , , , ,68.0, , ,740.7,740.5,100.0,59700.0, , , ,, , , , , , , 
09:54:06,0.8,1.54,0.71,1.47,-0.08,0.9,1.22,0.36,0.78,1.93,0.02,3656,2657.0, , , , ,68.0, , ,740.86,740.5,500.0,47500.0, , , ,, , , , , , , 
09:54:09,0.13,1.05,-0.07,0.63,0.1,0.28,0.74,0.47,0.2,1.78,0.05,3628,2660.0, , , , ,68.0, , ,740.68,740.5,100.0,400.0, , , ,, , , , , , , 
09:54:12,-0.42,0.41,-0.26,0.5,0.36,-0.34,0.16,0.65,-0.65,0.57,0.05,3616,2672.0, , , , ,68.0, , ,740.5,740.4,1600.0,1400.0, , , ,, , , , , , , 
09:54:15,-0.28,0.33,-0.13,0.47,0.45,-0.37,0.27,0.66,-0.32,0.25,-0.11,3728,2686.0, , , , ,68.0, , ,740.5,740.4,200.0,100.0, , , ,, , , , , , , 
09:54:18,-0.28,0.38,-0.16,0.38,0.44,-0.43,0.24,0.62,-0.26,0.51,-0.2,3652,2669.0, , , , ,68.0, , ,740.51,740.4,900.0,100.0, , , ,, , , , , , , 
09:54:21,-0.38,0.3,-0.22,0.42,0.57,-0.44,0.18,0.72,-0.48,0.3,-0.15,3354,2644.0, , , , ,68.0, , ,740.4,740.36,717.0,100.0, , , ,, , , , , , , 
09:54:24,-0.35,0.28,-0.24,0.51,0.56,-0.41,0.02,0.71,-0.41,0.3,-0.26,3272,2628.0, , , , ,68.0, , ,740.4,740.37,617.0,300.0, , , ,, , , , , , , 
09:54:27,-0.36,0.22,-0.26,0.41,0.83,-0.34,0.07,0.97,-0.47,0.19,-0.05,3309,2632.0, , , , ,68.0, , ,740.36,740.0,100.0,13182.0, , , ,, , , , , , , 
09:54:30,-0.38,0.17,-0.3,0.49,0.47,-0.29,0.04,0.61,-0.56,-0.03,-0.41,3250,2623.0, , , , ,68.0, , ,740.51,740.4,200.0,83.0, , , ,, , , , , , , 
09:54:33,-0.34,0.24,-0.16,0.33,0.43,-0.36,0.09,0.58,-0.5,0.3,-0.5,3012,2611.0, , , , ,68.0, , ,740.51,740.45,400.0,600.0, , , ,, , , , , , , 
09:54:36,-0.26,0.21,-0.12,0.41,0.48,-0.28,-0.01,0.62,-0.36,0.22,-0.39,2919,2587.0, , , , ,68.0, , ,740.5,740.45,100.0,1100.0, , , ,, , , , , , , 
09:54:39,-0.2,0.25,-0.08,0.39,0.51,-0.29,0.11,0.6,-0.22,0.25,-0.41,3101,2567.0, , , , ,68.0, , ,740.51,740.5,500.0,700.0, , , ,, , , , , , , 
09:54:42,-0.3,0.22,-0.13,0.53,0.4,-0.34,-0.05,0.48,-0.41,0.19,-0.51,2667,2552.0, , , , ,68.0, , ,740.7,740.51,700.0,500.0, , , ,, , , , , , , 
09:54:45,-0.45,0.04,-0.17,0.25,0.43,-0.44,-0.06,0.51,-0.73,-0.07,-0.26,2779,2531.0, , , , ,68.0, , ,740.68,740.51,100.0,500.0, , , ,, , , , , , , 
09:54:48,-0.31,0.13,-0.08,0.45,0.41,-0.27,0.04,0.49,-0.58,-0.11,-0.33,3235,2527.0, , , , ,68.0, , ,740.7,740.52,400.0,100.0, , , ,, , , , , , , 
09:54:51,-0.27,0.22,-0.16,0.37,0.59,-0.32,0.27,0.67,-0.34,0.01,-0.07,2374,2512.0, , , , ,68.0, , ,740.5,740.45,100.0,500.0, , , ,, , , , , , , 
09:54:54,-0.39,0.18,-0.23,0.45,0.32,-0.42,0.17,0.37,-0.53,-0.08,-0.34,2396,2494.0, , , , ,68.0, , ,740.7,740.68,400.0,200.0, , , ,, , , , , , , 
09:54:57,-0.2,0.27,-0.12,0.34,0.34,-0.28,0.25,0.37,-0.2,0.23,-0.49,2196,2472.0, , , , ,68.0, , ,740.7,740.68,300.0,400.0, , , ,, , , , , , , 
09:55:00,-0.14,0.29,-0.09,0.44,0.46,-0.15,0.13,0.48,-0.18,0.3,-0.25,2504,2465.0, , , , ,68.0, , ,740.7,740.5,200.0,100.0, , , ,, , , , , , , 
09:55:03,-0.29,0.16,-0.15,0.3,0.49,-0.4,0.13,0.53,-0.31,0.04,-0.22,2110,2443.0, , , , ,68.0, , ,740.7,740.45,200.0,500.0, , , ,, , , , , , , 
09:55:06,-0.29,0.1,-0.23,0.35,0.57,-0.27,0.05,0.6,-0.38,-0.11,-0.23,2953,2422.0, , , , ,68.0, , ,740.6,740.45,100.0,900.0, , , ,, , , , , , , 
09:55:09,-0.2,0.21,-0.11,0.25,0.21,-0.3,0.16,0.26,-0.18,0.24,-0.59,1973,2403.0, , , , ,68.0, , ,740.86,740.7,200.0,600.0, , , ,, , , , , , , 
09:55:12,-0.03,0.34,-0.02,0.5,0.2,-0.06,0.29,0.25,0.0,0.22,-0.7,1876,2380.0, , , , ,68.0, , ,740.86,740.7,200.0,1400.0, , , ,, , , , , , , 
09:55:15,-0.09,0.35,-0.1,0.45,0.21,-0.26,0.42,0.23,0.09,0.19,-0.75,1926,2359.0, , , , ,68.0, , ,740.86,740.7,200.0,1300.0, , , ,, , , , , , , 
09:55:18,-0.31,0.04,-0.25,0.36,0.18,-0.39,-0.08,0.21,-0.3,-0.16,-0.7,1908,2342.0, , , , ,68.0, , ,740.86,740.7,300.0,600.0, , , ,, , , , , , , 
09:55:21,-0.51,-0.15,-0.27,0.16,0.17,-0.59,-0.2,0.19,-0.69,-0.4,-0.53,2173,2324.0, , , , ,68.0, , ,740.86,740.7,300.0,400.0, , , ,, , , , , , , 
09:55:24,-0.41,-0.03,-0.21,0.34,0.04,-0.42,-0.01,0.04,-0.6,-0.41,-0.62,1907,2307.0, , , , ,68.0, , ,740.89,740.86,100.0,500.0, , , ,, , , , , , , 
09:55:27,-0.36,0.09,-0.24,0.31,0.17,-0.5,0.09,0.18,-0.33,-0.12,-0.47,1681,2292.0, , , , ,68.0, , ,740.82,740.71,100.0,87.0, , , ,, , , , , , , 
09:55:30,-0.39,0.14,-0.25,0.35,0.19,-0.39,0.09,0.19,-0.52,-0.01,-0.41,1917,2269.0, , , , ,68.0, , ,740.82,740.71,100.0,1287.0, , , ,, , , , , , , 
09:55:33,-0.28,0.17,-0.23,0.24,0.14,-0.31,0.21,0.14,-0.29,0.06,-0.53,1363,2255.0, , , , ,68.0, , ,740.9,740.71,200.0,787.0, , , ,, , , , , , , 
09:55:36,-0.22,0.19,-0.18,0.25,0.12,-0.11,0.17,0.11,-0.36,0.14,-0.45,1479,2234.0, , , , ,68.0, , ,740.86,740.82,200.0,900.0, , , ,, , , , , , , 
09:55:39,-0.39,0.16,-0.21,0.24,0.02,-0.51,0.18,-0.0,-0.45,0.06,-0.42,1389,2222.0, , , , ,68.0, , ,740.98,740.89,600.0,1200.0, , , ,, , , , , , , 
09:55:42,-0.45,0.12,-0.32,0.19,0.03,-0.44,0.12,0.0,-0.59,0.06,-0.34,1334,2203.0, , , , ,68.0, , ,740.98,740.89,600.0,2200.0, , , ,, , , , , , , 
09:55:45,-0.49,0.06,-0.29,0.14,0.1,-0.57,0.02,0.07,-0.6,0.03,-0.19,1315,2188.0, , , , ,68.0, , ,740.9,740.89,200.0,1600.0, , , ,, , , , , , , 
09:55:48,-0.54,-0.07,-0.34,0.01,0.11,-0.52,-0.12,0.08,-0.76,-0.11,-0.15,1306,2184.0, , , , ,68.0, , ,740.9,740.88,200.0,100.0, , , ,, , , , , , , 
09:55:51,-0.67,-0.06,-0.41,0.08,0.05,-0.77,-0.05,0.01,-0.82,-0.2,-0.18,1212,2166.0, , , , ,68.0, , ,740.96,740.9,1000.0,600.0, , , ,, , , , , , , 
09:55:54,-0.61,-0.06,-0.35,0.05,0.05,-0.73,-0.09,0.0,-0.75,-0.15,-0.16,1309,2153.0, , , , ,68.0, , ,740.96,740.9,900.0,800.0, , , ,, , , , , , , 
09:55:57,-0.44,0.17,-0.1,0.22,0.03,-0.57,0.21,-0.01,-0.64,0.06,-0.19,1817,2154.0, , , , ,68.0, , ,740.99,740.9,200.0,2600.0, , , ,, , , , , , , 
09:56:00,-0.09,0.4,0.14,0.47,0.02,-0.05,0.53,-0.03,-0.36,0.2,-0.21,1369,2141.0, , , , ,68.0, , ,740.99,740.9,200.0,2200.0, , , ,, , , , , , , 
09:56:03,-0.29,0.27,0.01,0.31,0.01,-0.48,0.32,-0.04,-0.4,0.19,-0.23,1247,2130.0, , , , ,68.0, , ,741.0,740.9,4825.0,2100.0, , , ,, , , , , , , 
09:56:06,-0.33,0.21,0.01,0.26,0.07,-0.45,0.19,-0.02,-0.57,0.19,-0.18,1386,2122.0, , , , ,68.0, , ,740.93,740.9,100.0,2700.0, , , ,, , , , , , , 
09:56:09,-0.32,0.36,-0.03,0.28,-0.01,-0.38,0.47,-0.12,-0.55,0.32,-0.27,1326,2125.0, , , , ,68.0, , ,741.0,740.96,3625.0,500.0, , , ,, , , , , , , 
09:56:12,-0.39,0.24,-0.03,0.27,0.07,-0.42,0.28,-0.07,-0.73,0.16,-0.14,1602,2128.0, , , , ,68.0, , ,740.93,740.9,100.0,400.0, , , ,, , , , , , , 
09:56:15,-0.62,-0.18,-0.17,0.13,0.06,-0.75,-0.27,-0.09,-0.94,-0.38,-0.09,1311,2115.0, , , , ,68.0, , ,740.93,740.89,200.0,2600.0, , , ,, , , , , , , 
09:56:18,-0.53,0.04,-0.12,0.19,-0.01,-0.55,0.03,-0.18,-0.91,-0.1,-0.12,1317,2118.0, , , , ,68.0, , ,741.0,740.89,3225.0,2600.0, , , ,, , , , , , , 
09:56:21,-0.6,-0.08,-0.28,0.04,0.03,-0.62,-0.18,-0.11,-0.9,-0.11,-0.02,1317,2103.0, , , , ,68.0, , ,740.9,740.89,1000.0,2000.0, , , ,, , , , , , , 
09:56:24,-0.69,-0.11,-0.4,0.08,0.01,-0.73,-0.23,-0.1,-0.94,-0.17,-0.02,1411,2090.0, , , , ,68.0, , ,740.9,740.89,700.0,1600.0, , , ,, , , , , , , 
09:56:27,-0.8,-0.22,-0.52,0.03,0.01,-0.9,-0.42,-0.09,-0.98,-0.29,-0.02,1255,2074.0, , , , ,68.0, , ,740.9,740.89,700.0,1100.0, , , ,, , , , , , , 
09:56:30,-0.82,-0.33,-0.57,-0.06,0.01,-0.86,-0.53,-0.07,-1.01,-0.4,-0.01,1997,2059.0, , , , ,68.0, , ,740.9,740.89,600.0,600.0, , , ,, , , , , , , 
09:56:33,-0.77,-0.19,-0.6,-0.11,-0.02,-0.84,-0.42,-0.22,-0.88,-0.04,-0.05,2351,2057.0, , , , ,68.0, , ,740.96,740.9,200.0,1000.0, , , ,, , , , , , , 
09:56:36,-0.72,-0.07,-0.47,0.04,-0.01,-0.79,-0.34,-0.2,-0.89,0.09,-0.03,1347,2047.0, , , , ,68.0, , ,740.96,740.9,100.0,1500.0, , , ,, , , , , , , 
09:56:39,-0.71,0.02,-0.49,0.02,-0.05,-0.82,-0.12,-0.31,-0.83,0.16,-0.06,1400,2036.0, , , , ,68.0, , ,740.98,740.96,200.0,692.0, , , ,, , , , , , , 
09:56:42,-0.75,-0.05,-0.58,-0.01,-0.04,-0.76,-0.3,-0.36,-0.9,0.18,-0.04,1380,2022.0, , , , ,68.0, , ,740.98,740.96,200.0,1292.0, , , ,, , , , , , , 
09:56:45,-0.71,-0.01,-0.49,-0.06,-0.03,-0.76,-0.17,-0.36,-0.88,0.19,0.02,1092,2005.0, , , , ,68.0, , ,740.98,740.96,200.0,1092.0, , , ,, , , , , , , 
09:56:48,-0.6,0.11,-0.34,0.04,-0.04,-0.61,0.02,-0.46,-0.85,0.28,0.1,1026,1994.0, , , , ,68.0, , ,740.99,740.96,100.0,1092.0, , , ,, , , , , , , 
09:56:51,-0.52,0.18,-0.34,0.1,-0.06,-0.56,0.18,-0.48,-0.67,0.26,0.21,1061,1978.0, , , , ,68.0, , ,741.0,740.96,3825.0,992.0, , , ,, , , , , , , 
09:56:54,-0.74,-0.02,-0.58,-0.03,-0.02,-0.67,-0.16,-0.41,-0.97,0.14,0.38,1317,1988.0, , , , ,68.0, , ,740.96,740.94,408.0,300.0, , , ,, , , , , , , 
09:56:57,-0.75,-0.07,-0.55,-0.05,-0.02,-0.74,-0.26,-0.41,-0.96,0.1,0.58,1157,1968.0, , , , ,68.0, , ,740.96,740.94,808.0,400.0, , , ,, , , , , , , 
09:57:00,-0.52,0.12,-0.31,0.05,-0.06,-0.51,0.04,-0.33,-0.73,0.26,0.71,1170,1966.0, , , , ,68.0, , ,741.0,740.94,1333.0,1000.0, , , ,, , , , , , , 
09:57:03,-0.38,0.29,-0.18,0.15,-0.07,-0.38,0.29,-0.26,-0.57,0.43,0.86,1049,1951.0, , , , ,68.0, , ,740.97,740.96,100.0,300.0, , , ,, , , , , , , 
09:57:06,-0.32,0.34,-0.11,0.2,-0.09,-0.23,0.3,-0.37,-0.61,0.52,1.06,1043,1933.0, , , , ,68.0, , ,740.97,740.96,100.0,1400.0, , , ,, , , , , , , 
09:57:09,-0.13,0.46,0.03,0.25,-0.14,-0.07,0.38,-0.48,-0.36,0.74,1.15,1079,1923.0, , , , ,68.0, , ,741.0,740.97,933.0,600.0, , , ,, , , , , , , 
09:57:12,-0.38,0.24,-0.25,0.11,-0.14,-0.29,0.06,-0.66,-0.59,0.54,1.32,1114,1930.0, , , , ,68.0, , ,741.0,740.94,833.0,100.0, , , ,, , , , , , , 
09:57:15,-0.39,0.25,-0.12,0.15,-0.14,-0.36,0.11,-0.78,-0.68,0.5,1.54,1231,1920.0, , , , ,68.0, , ,740.96,740.94,105.0,100.0, , , ,, , , , , , , 
09:57:18,-0.47,0.23,-0.15,0.11,-0.15,-0.38,0.17,-0.82,-0.87,0.42,1.75,1125,1908.0, , , , ,68.0, , ,740.94,740.9,600.0,300.0, , , ,, , , , , , , 
09:57:21,-0.44,0.07,-0.22,0.02,-0.14,-0.44,-0.06,-0.86,-0.67,0.24,1.94,1066,1892.0, , , , ,68.0, , ,740.94,740.89,600.0,300.0, , , ,, , , , , , , 
09:57:24,-0.55,0.09,-0.37,0.01,-0.1,-0.55,-0.08,-0.94,-0.74,0.33,2.21,992,1874.0, , , , ,68.0, , ,740.9,740.89,100.0,500.0, , , ,, , , , , , , 
09:57:27,-0.56,-0.06,-0.5,-0.06,-0.09,-0.57,-0.27,-1.02,-0.62,0.14,2.39,1067,1856.0, , , , ,68.0, , ,740.9,740.89,1000.0,600.0, , , ,, , , , , , , 
09:57:30,-0.53,0.05,-0.44,0.01,-0.1,-0.43,-0.11,-1.03,-0.71,0.26,2.5,959,1848.0, , , , ,68.0, , ,740.94,740.89,900.0,800.0, , , ,, , , , , , , 
09:57:33,-0.42,0.15,-0.41,0.03,-0.21,-0.33,-0.0,-1.09,-0.51,0.42,2.71,936,1834.0, , , , ,68.0, , ,740.94,740.9,1300.0,2000.0, , , ,, , , , , , , 
09:57:36,-0.52,0.05,-0.43,-0.02,-0.19,-0.47,-0.13,-0.99,-0.65,0.29,2.75,969,1828.0, , , , ,68.0, , ,740.94,740.9,1300.0,1700.0, , , ,, , , , , , , 
09:57:39,-0.58,-0.02,-0.52,-0.05,-0.25,-0.56,-0.22,-0.98,-0.66,0.21,2.87,1025,1836.0, , , , ,68.0, , ,740.96,740.9,800.0,1200.0, , , ,, , , , , , , 
09:57:42,-0.43,0.2,-0.29,0.09,-0.35,-0.46,0.02,-0.97,-0.53,0.5,2.96,1029,1825.0, , , , ,68.0, , ,740.96,740.94,700.0,300.0, , , ,, , , , , , , 
09:57:45,-0.42,0.18,-0.27,0.0,-0.34,-0.44,-0.04,-0.74,-0.55,0.58,2.98,1029,1810.0, , , , ,68.0, , ,740.96,740.95,800.0,200.0, , , ,, , , , , , , 
09:57:48,-0.4,0.08,-0.33,0.07,-0.43,-0.38,-0.13,-0.8,-0.51,0.31,3.15,1002,1799.0, , , , ,68.0, , ,740.96,740.95,900.0,1000.0, , , ,, , , , , , , 
09:57:51,-0.36,0.15,-0.31,0.09,-0.4,-0.36,-0.03,-0.67,-0.4,0.4,3.27,1019,1792.0, , , , ,68.0, , ,740.94,740.9,600.0,2200.0, , , ,, , , , , , , 
09:57:54,-0.56,0.09,-0.56,-0.11,-0.36,-0.48,-0.17,-0.65,-0.63,0.54,3.24,1000,1776.0, , , , ,68.0, , ,740.94,740.9,800.0,2400.0, , , ,, , , , , , , 
09:57:57,-0.66,-0.04,-0.58,-0.17,-0.4,-0.62,-0.29,-0.84,-0.76,0.34,3.25,1077,1795.0, , , , ,68.0, , ,740.95,740.94,200.0,300.0, , , ,, , , , , , , 
09:58:00,-0.62,0.08,-0.48,-0.07,-0.29,-0.6,-0.25,-0.72,-0.79,0.55,3.25,1203,1798.0, , , , ,68.0, , ,740.95,740.94,200.0,900.0, , , ,, , , , , , , 
09:58:03,-0.72,-0.16,-0.59,-0.12,-0.17,-0.72,-0.46,-0.65,-0.85,0.11,3.42,1159,1793.0, , , , ,68.0, , ,740.9,740.89,2600.0,100.0, , , ,, , , , , , , 
09:58:06,-0.89,-0.36,-0.82,-0.23,-0.24,-0.88,-0.85,-0.7,-0.97,0.01,3.6,1345,1811.0, , , , ,68.0, , ,740.89,740.86,200.0,737.0, , , ,, , , , , , , 
09:58:09,-0.79,-0.44,-0.64,-0.25,-0.34,-0.8,-0.87,-0.72,-0.91,-0.19,3.67,1294,1806.0, , , , ,68.0, , ,740.89,740.86,400.0,737.0, , , ,, , , , , , , 
09:58:12,-0.79,-0.4,-0.67,-0.24,-0.56,-0.86,-0.86,-0.85,-0.85,-0.11,3.77,1350,1805.0, , , , ,68.0, , ,740.94,740.86,630.0,437.0, , , ,, , , , , , , 
09:58:15,-0.82,-0.49,-0.77,-0.21,-0.57,-0.88,-1.04,-0.77,-0.81,-0.22,4.11,1482,1809.0, , , , ,68.0, , ,740.89,740.7,100.0,2337.0, , , ,, , , , , , , 
09:58:18,-0.83,-0.49,-0.76,-0.22,-0.68,-0.76,-0.99,-0.73,-0.96,-0.25,4.29,1341,1798.0, , , , ,68.0, , ,740.9,740.71,1300.0,100.0, , , ,, , , , , , , 
09:58:21,-0.69,-0.36,-0.55,-0.15,-0.65,-0.65,-0.79,-0.49,-0.86,-0.14,4.55,1482,1813.0, , , , ,68.0, , ,740.8,740.7,100.0,2337.0, , , ,, , , , , , , 
09:58:24,-0.7,-0.3,-0.56,-0.14,-0.96,-0.69,-0.67,-0.68,-0.85,-0.09,4.46,1541,1799.0, , , , ,68.0, , ,740.93,740.89,167.0,700.0, , , ,, , , , , , , 
09:58:27,-0.63,-0.23,-0.67,-0.12,-0.93,-0.58,-0.7,-0.56,-0.65,0.14,4.6,1431,1795.0, , , , ,68.0, , ,740.95,740.7,167.0,2137.0, , , ,, , , , , , , 
09:58:30,-0.71,-0.25,-0.68,-0.12,-0.92,-0.61,-0.81,-0.51,-0.84,0.19,4.76,1482,1799.0, , , , ,68.0, , ,740.86,740.8,100.0,900.0, , , ,, , , , , , , 
09:58:33,-0.65,-0.26,-0.67,-0.18,-0.95,-0.56,-0.71,-0.54,-0.72,0.11,5.04,1481,1790.0, , , , ,68.0, , ,740.83,740.8,300.0,600.0, , , ,, , , , , , , 
09:58:36,-0.76,-0.33,-0.64,-0.18,-0.57,-0.75,-0.72,-0.13,-0.89,-0.1,5.54,1543,1781.0, , , , ,68.0, , ,740.7,740.51,193.0,900.0, , , ,, , , , , , , 
09:58:39,-0.58,-0.18,-0.64,-0.04,-0.9,-0.48,-0.54,-0.33,-0.62,0.05,5.4,1526,1774.0, , , , ,68.0, , ,740.87,740.86,300.0,1207.0, , , ,, , , , , , , 
09:58:42,-0.59,-0.19,-0.65,-0.13,-0.61,-0.47,-0.48,-0.01,-0.66,0.03,5.48,1442,1778.0, , , , ,68.0, , ,740.86,740.51,200.0,207.0, , , ,, , , , , , , 
09:58:45,-0.73,-0.35,-0.78,-0.11,-0.32,-0.58,-0.81,0.16,-0.83,-0.13,5.46,1548,1770.0, , , , ,68.0, , ,740.87,740.4,293.0,2100.0, , , ,, , , , , , , 
09:58:48,-0.81,-0.38,-0.73,-0.19,-0.35,-0.78,-0.7,0.22,-0.93,-0.25,5.42,1342,1753.0, , , , ,68.0, , ,740.83,740.4,100.0,2100.0, , , ,, , , , , , , 
09:58:51,-0.79,-0.56,-0.82,-0.19,-0.26,-0.69,-1.09,0.24,-0.86,-0.38,5.38,1335,1743.0, , , , ,68.0, , ,740.83,740.4,100.0,1900.0, , , ,, , , , , , , 
09:58:54,-0.76,-0.44,-0.73,-0.18,-0.26,-0.63,-0.83,0.23,-0.91,-0.31,5.62,1300,1736.0, , , , ,68.0, , ,740.86,740.4,200.0,1900.0, , , ,, , , , , , , 
09:58:57,-0.75,-0.38,-0.7,-0.13,-0.57,-0.7,-0.74,0.08,-0.85,-0.28,5.59,1263,1722.0, , , , ,68.0, , ,740.86,740.63,200.0,100.0, , , ,, , , , , , , 
09:59:00,-0.58,-0.1,-0.49,-0.07,-0.28,-0.52,-0.32,0.23,-0.72,0.1,5.86,1340,1712.0, , , , ,68.0, , ,740.63,740.61,100.0,400.0, , , ,, , , , , , , 
09:59:03,-0.33,0.21,-0.42,0.13,-0.69,0.01,-0.11,-0.2,-0.57,0.63,5.52,1731,1798.0, , , , ,68.0, , ,740.99,740.86,100.0,500.0, , , ,, , , , , , , 
09:59:06,0.24,0.92,-0.01,0.43,-0.58,0.71,1.15,-0.01,0.0,1.17,5.71,1995,1852.0, , , , ,68.0, , ,740.88,740.7,100.0,500.0, , , ,, , , , , , , 
09:59:09,0.4,0.63,-0.01,0.32,-0.13,1.01,0.39,0.46,0.2,1.18,6.18,2032,1864.0, , , , ,68.0, , ,740.88,740.0,100.0,12582.0, , , ,, , , , , , , 
09:59:12,0.15,0.59,-0.13,0.4,-0.11,0.48,0.28,0.62,0.11,1.1,6.28,1912,1845.0, , , , ,68.0, , ,740.7,740.0,100.0,12682.0, , , ,, , , , , , , 
09:59:15,-0.38,0.15,-0.65,0.03,-0.17,-0.06,-0.23,0.67,-0.43,0.64,6.21,2393,1932.0, , , , ,68.0, , ,740.7,740.0,100.0,3082.0, , , ,, , , , , , , 
09:59:18,-0.46,0.13,-0.66,0.22,-0.12,-0.22,-0.08,0.7,-0.49,0.26,6.14,2424,1950.0, , , , ,68.0, , ,740.68,740.01,100.0,11900.0, , , ,, , , , , , , 
09:59:21,-0.11,0.26,-0.14,0.28,0.28,-0.02,0.16,0.95,-0.17,0.34,6.17,2791,1987.0, , , , ,68.0, , ,740.35,740.01,1100.0,9125.0, , , ,, , , , , , , 
09:59:24,-0.64,0.08,-0.87,0.02,0.26,-0.62,-0.06,0.9,-0.44,0.28,6.0,2437,1969.0, , , , ,68.0, , ,740.34,740.1,400.0,100.0, , , ,, , , , , , , 
09:59:27,-0.65,-0.1,-0.75,0.03,0.51,-0.51,-0.34,1.15,-0.71,0.02,6.18,2493,1956.0, , , , ,68.0, , ,740.06,740.01,200.0,8725.0, , , ,, , , , , , , 
09:59:30,-0.55,-0.17,-0.65,0.12,0.46,-0.36,-0.54,1.04,-0.64,-0.09,6.04,2474,1976.0, , , , ,68.0, , ,740.22,740.01,100.0,5925.0, , , ,, , , , , , , 
09:59:33,-0.47,0.08,-0.64,0.12,0.25,-0.29,-0.14,0.89,-0.48,0.26,5.97,2377,1965.0, , , , ,68.0, , ,740.35,740.11,800.0,200.0, , , ,, , , , , , , 
09:59:36,-0.48,0.08,-0.63,0.12,0.6,-0.26,-0.01,1.15,-0.54,0.14,6.24,2432,1968.0, , , , ,68.0, , ,740.11,740.01,100.0,5825.0, , , ,, , , , , , , 
09:59:39,-0.71,-0.18,-0.89,-0.05,0.38,-0.5,-0.5,0.79,-0.73,0.0,5.84,2486,1956.0, , , , ,68.0, , ,740.35,740.34,300.0,900.0, , , ,, , , , , , , 
09:59:42,-0.7,-0.26,-0.81,-0.07,0.68,-0.59,-0.7,1.03,-0.71,-0.02,6.01,2356,1960.0, , , , ,68.0, , ,740.35,740.01,100.0,5125.0, , , ,, , , , , , , 
09:59:45,-0.66,-0.22,-0.74,-0.03,0.55,-0.48,-0.61,0.86,-0.75,-0.03,5.69,2348,1964.0, , , , ,68.0, , ,740.35,740.34,100.0,1200.0, , , ,, , , , , , , 
09:59:48,-0.84,-0.24,-0.86,-0.14,0.05,-0.82,-0.56,0.42,-0.84,-0.02,5.1,2475,1998.0, , , , ,68.0, , ,740.8,740.68,1100.0,200.0, , , ,, , , , , , , 
09:59:51,-0.8,-0.33,-0.77,-0.01,0.84,-0.72,-0.7,1.29,-0.9,-0.27,5.82,2430,1996.0, , , , ,68.0, , ,740.34,740.01,100.0,3025.0, , , ,, , , , , , , 
09:59:54,-0.43,-0.04,-0.52,0.2,0.52,-0.29,-0.45,1.08,-0.46,0.11,5.46,2399,1993.0, , , , ,68.0, , ,740.5,740.35,100.0,1400.0, , , ,, , , , , , , 
09:59:57,-0.44,-0.05,-0.62,0.07,0.52,-0.42,-0.37,1.29,-0.28,0.15,5.41,2445,1990.0, , , , ,68.0, , ,740.5,740.35,500.0,2314.0, , , ,, , , , , , , 
10:00:00,-0.75,-0.23,-0.73,0.1,0.71,-0.7,-0.53,1.66,-0.83,-0.24,5.58,2465,2008.0, , , , ,68.0, , ,740.35,740.18,486.0,100.0, , , ,, , , , , , , 
10:00:03,-0.54,-0.16,-0.55,0.09,0.32,-0.36,-0.4,1.44,-0.71,-0.18,5.2,2488,2004.0, , , , ,68.0, , ,740.74,740.34,791.0,900.0, , , ,, , , , , , , 
10:00:06,-0.52,-0.07,-0.6,0.02,0.48,-0.46,-0.36,1.79,-0.51,0.14,5.4,2496,1988.0, , , , ,68.0, , ,740.5,740.35,500.0,200.0, , , ,, , , , , , , 
10:00:09,-0.73,-0.41,-0.72,-0.09,0.79,-0.55,-0.63,2.21,-0.91,-0.5,5.77,2390,2000.0, , , , ,68.0, , ,740.34,740.06,2100.0,200.0, , , ,, , , , , , , 
10:00:12,-0.64,-0.35,-0.5,0.06,0.82,-0.52,-0.59,2.37,-0.89,-0.52,5.79,2275,1986.0, , , , ,68.0, , ,740.34,740.06,1700.0,200.0, , , ,, , , , , , , 
10:00:15,0.04,0.32,-0.01,0.33,0.82,0.5,0.45,2.51,-0.37,0.17,5.74,2257,1978.0, , , , ,68.0, , ,740.26,740.2,100.0,200.0, , , ,, , , , , , , 
10:00:18,0.51,0.64,0.21,0.5,0.8,0.92,0.64,2.63,0.41,0.79,5.71,2240,1970.0, , , , ,68.0, , ,740.34,740.2,700.0,400.0, , , ,, , , , , , , 
10:00:21,0.43,0.62,0.12,0.46,0.72,0.87,0.74,2.71,0.3,0.66,5.65,2108,1959.0, , , , ,68.0, , ,740.35,740.34,400.0,300.0, , , ,, , , , , , , 
10:00:24,0.35,0.66,0.07,0.44,0.24,0.64,0.72,2.46,0.32,0.84,5.21,2322,1948.0, , , , ,68.0, , ,740.73,740.68,100.0,800.0, , , ,, , , , , , , 
10:00:27,0.18,0.42,-0.0,0.35,0.74,0.58,0.64,3.16,-0.04,0.28,5.78,2193,1950.0, , , , ,68.0, , ,740.34,740.32,100.0,100.0, , , ,, , , , , , , 
10:00:30,0.31,0.49,0.13,0.48,0.84,0.63,0.66,3.4,0.16,0.34,5.86,2037,1932.0, , , , ,68.0, , ,740.34,740.18,100.0,1200.0, , , ,, , , , , , , 
10:00:33,0.39,0.56,0.1,0.46,0.48,0.63,0.79,3.22,0.43,0.43,5.53,2179,1926.0, , , , ,68.0, , ,740.73,740.34,300.0,600.0, , , ,, , , , , , , 
10:00:36,0.32,0.6,0.14,0.42,0.54,0.52,0.95,3.31,0.3,0.44,5.54,1901,1907.0, , , , ,68.0, , ,740.68,740.34,100.0,900.0, , , ,, , , , , , , 
10:00:39,0.39,0.58,0.14,0.42,0.27,0.75,0.87,3.13,0.3,0.45,5.22,1887,1897.0, , , , ,68.0, , ,740.78,740.68,300.0,900.0, , , ,, , , , , , , 
10:00:42,0.25,0.39,0.11,0.37,0.29,0.38,0.7,3.25,0.25,0.11,5.28,1851,1881.0, , , , ,68.0, , ,740.78,740.68,300.0,700.0, , , ,, , , , , , , 
10:00:45,0.25,0.41,0.22,0.49,0.32,0.42,0.86,3.25,0.1,-0.13,5.23,1703,1873.0, , , , ,68.0, , ,740.77,740.73,100.0,1200.0, , , ,, , , , , , , 
10:00:48,0.32,0.6,0.24,0.49,0.35,0.4,1.1,3.37,0.32,0.2,5.22,1953,1880.0, , , , ,68.0, , ,740.86,740.73,100.0,800.0, , , ,, , , , , , , 
10:00:51,0.48,0.95,0.39,0.57,0.4,0.63,1.47,3.38,0.42,0.81,5.22,1837,1901.0, , , , ,68.0, , ,740.88,740.79,5900.0,300.0, , , ,, , , , , , , 
10:00:54,0.66,1.24,0.47,0.66,0.57,0.74,1.8,3.4,0.76,1.26,5.29,1847,1886.0, , , , ,68.0, , ,740.88,740.73,5900.0,300.0, , , ,, , , , , , , 
10:00:57,0.45,0.87,0.26,0.54,0.8,0.4,1.15,3.46,0.68,0.93,5.34,1871,1877.0, , , , ,68.0, , ,740.85,740.73,5000.0,1400.0, , , ,, , , , , , , 
10:01:00,0.47,0.88,0.26,0.47,0.95,0.54,1.21,3.46,0.6,0.95,5.38,1728,1867.0, , , , ,68.0, , ,740.85,740.73,4100.0,1400.0, , , ,, , , , , , , 
10:01:03,0.39,0.88,0.3,0.45,1.14,0.44,1.33,3.59,0.44,0.86,5.5,1669,1852.0, , , , ,68.0, , ,740.79,740.73,800.0,1900.0, , , ,, , , , , , , 
10:01:06,0.3,0.73,0.18,0.33,1.34,0.26,0.92,3.76,0.45,0.95,5.59,1683,1849.0, , , , ,68.0, , ,740.79,740.73,900.0,500.0, , , ,, , , , , , , 
10:01:09,0.44,0.93,0.27,0.55,1.38,0.35,1.09,3.75,0.68,1.15,5.62,2329,1959.0, , , , ,68.0, , ,740.85,740.78,100.0,200.0, , , ,, , , , , , , 
10:01:12,0.65,1.16,0.32,0.56,1.57,0.74,1.47,3.92,0.88,1.45,5.87,2136,1941.0, , , , ,68.0, , ,740.79,740.78,100.0,300.0, , , ,, , , , , , , 
10:01:15,0.66,1.04,0.25,0.45,1.62,0.65,1.22,3.98,1.09,1.44,5.88,1999,1929.0, , , , ,68.0, , ,740.89,740.88,3400.0,100.0, , , ,, , , , , , , 
10:01:18,0.8,1.14,0.26,0.49,1.8,0.64,1.38,4.19,1.5,1.57,5.97,1993,1917.0, , , , ,68.0, , ,740.89,740.88,3300.0,400.0, , , ,, , , , , , , 
10:01:21,0.68,0.95,0.25,0.43,1.98,0.49,1.42,4.37,1.29,0.99,6.1,1954,1906.0, , , , ,68.0, , ,740.89,740.88,3200.0,300.0, , , ,, , , , , , , 
