tick_time,bid,ask,bid 20,ask 20,la 20,bid 40,ask 40,la 40,bid 100,ask 100,la 100,order,price,avePrice,trans,net,askp0,bidp0,askv0,bidv0,profit,profit_rate,is_mocked,order_time,exchange_time,orderSide,new_order_status,reason,order_status,earn,cost
09:30:17, , , , ,0.26, , ,-1.87, , ,-1.21, , , , , ,745.0,744.99,183.0,200.0, , , , , ,, , , , , 
09:30:20, , , , ,0.29, , ,-1.44, , ,-1.36, , , , , ,745.0,744.98,18083.0,3800.0, , , , , ,, , , , , 
09:30:23, , , , ,1.0, , ,-0.53, , ,-0.46, , , , , ,745.0,744.0,5878.0,11948.0, , , , , ,, , , , , 
09:30:26, , , , ,0.15, , ,-1.04, , ,-1.24, , , , , ,745.18,745.0,100.0,122.0, , , , , ,, , , , , 
09:30:29, , , , ,0.68, , ,0.1, , ,-0.78, , , , , ,744.98,744.0,300.0,11470.0, , , , , ,, , , , , 
09:30:32, , , , ,0.43, , ,-0.01, , ,-1.05, , , , , ,744.98,744.0,100.0,11470.0, , , , , ,, , , , , 
09:30:35, , , , ,0.2, , ,0.26, , ,-1.46, , , , , ,744.88,744.0,500.0,8970.0, , , , , ,, , , , , 
09:30:38, , , , ,-1.03, , ,-0.56, , ,-3.13, , , , , ,745.2,745.0,1700.0,1400.0, , , , , ,, , , , , 
09:30:41, , , , ,-1.11, , ,-0.34, , ,-2.81, , , , , ,744.99,744.98,400.0,1200.0, , , , , ,, , , , , 
09:30:44, , , , ,-1.32, , ,-0.08, , ,-2.89, , , , , ,745.0,744.99,15400.0,100.0, , , , , ,, , , , , 
09:30:47, , , , ,-1.34, , ,0.02, , ,-3.12, , , , , ,744.99,744.94,100.0,200.0, , , , , ,, , , , , 
09:30:50, , , , ,-1.27, , ,0.26, , ,-2.93, , , , , ,744.98,744.72,100.0,700.0, , , , , ,, , , , , 
09:30:53, , , , ,-1.32, , ,0.38, , ,-3.23, , , , , ,744.98,744.72,3000.0,700.0, , , , , ,, , , , , 
09:30:56, , , , ,-1.59, , ,0.32, , ,-3.23, , , , , ,744.99,744.98,1400.0,100.0, , , , , ,, , , , , 
09:30:59, , , , ,-2.37, , ,0.12, , ,-3.26, , , , , ,745.25,745.2,100.0,2400.0, , , , , ,, , , , , 
09:31:02, , , , ,-2.69, , ,0.22, , ,-2.84, , , , , ,745.25,745.2,100.0,338.0, , , , , ,, , , , , 
09:31:05, , , , ,-2.69, , ,0.46, , ,-2.55, , , , , ,745.2,745.0,1862.0,11700.0, , , , , ,, , , , , 
09:31:08, , , , ,-2.8, , ,0.53, , ,-2.54, , , , , ,745.19,745.01,500.0,300.0, , , , , ,, , , , , 
09:31:11, , , , ,-2.71, , ,0.5, , ,-2.79, , , , , ,745.2,745.19,1362.0,600.0, , , , , ,, , , , , 
09:31:14, , , , ,-2.21, , ,0.78, , ,-2.79, , , , , ,745.2,745.0,100.0,4738.0, , , , , ,, , , , , 
09:31:17,1.06,1.17,-0.1,0.55,-2.09,0.83,0.85,0.79,2.46,2.13,-2.48,500.0,745.32,745.32,500.0,500.0,745.32,745.0,500.0,4638.0, , , ,2018-05-21 09:31:17.737000,2018-05-21 09:31:17.737000,, , ,FILLED, , 
09:31:20,0.86,1.3,-0.25,0.69,-1.86,0.44,1.21,0.69,2.4,2.01,-2.33, , , , , ,745.41,745.2,300.0,100.0, , , , , ,, , , , , 
09:31:23,0.86,1.0,-0.07,0.54,-1.51,0.48,0.69,0.89,2.18,1.77,-2.26, , , , , ,745.47,745.0,100.0,338.0, , , , , ,, , , , , 
09:31:26,0.51,0.79,-0.47,0.0,-1.28,-0.0,0.6,0.96,2.01,1.75,-2.31, , , , , ,745.3,745.23,100.0,538.0, , , , , ,, , , , , 
09:31:29,0.12,0.37,-1.05,-0.28,-0.57,-0.34,0.02,1.47,1.75,1.38,-2.05, , , , , ,745.0,744.98,2100.0,300.0, , , , , ,, , , , , 
09:31:32,-0.29,0.28,-1.64,-0.13,-0.02,-0.14,-0.27,2.17,0.92,1.26,-1.65, , , , , ,744.99,744.0,500.0,2700.0, , , , , ,, , , , , 
09:31:35,-0.13,0.39,-1.4,-0.08,0.19,-0.04,-0.03,2.33,1.06,1.28,-1.54, , , , , ,744.99,744.0,200.0,1900.0, , , , , ,, , , , , 
09:31:38,-0.37,0.32,-1.41,-0.2,0.46,-0.5,-0.16,2.62,0.79,1.33,-1.2, , , , , ,744.7,744.0,2000.0,1900.0, , , , , ,, , , , , 
09:31:41,-0.33,0.12,-1.65,-0.21,0.99,-0.41,-0.6,3.2,1.06,1.18,-0.71, , , , , ,744.0,743.99,600.0,400.0, , , , , ,, , , , , 
09:31:44,-0.36,-0.25,-1.49,-0.73,1.53,-0.34,-0.92,3.62,0.76,0.9,-0.41,-500.0,743.98,743.98,-500.0,0.0,744.0,743.6,2700.0,100.0,-1108.03,-2.97, ,2018-05-21 09:31:44.618000,2018-05-21 09:31:44.618000,, , ,FILLED,371585.017982962,372693.0505874679
09:31:47,-0.55,-0.2,-1.6,-0.43,1.46,-0.41,-1.01,3.5,0.37,0.85,-0.43, , , , , ,744.0,743.8,300.0,200.0, , , , , ,, , , , , 
09:31:50,-0.25,0.04,-0.99,-0.28,1.18,-0.28,-0.6,3.24,0.53,1.0,-0.86, , , , , ,744.72,743.6,2500.0,100.0, , , , , ,, , , , , 
09:31:53,-0.08,0.19,-0.81,-0.28,1.85,-0.0,-0.35,3.87,0.58,1.19,-0.48, , , , , ,744.0,743.5,200.0,2900.0, , , , , ,, , , , , 
09:31:56,0.12,0.34,-0.47,-0.22,2.12,0.14,-0.07,4.17,0.7,1.32,-0.48, , , , , ,743.8,743.5,100.0,2800.0, , , , , ,, , , , , 
09:31:59,0.09,0.36,-0.37,0.14,2.24,0.15,-0.11,4.3,0.49,1.07,-0.61, , , , , ,743.8,743.5,300.0,1600.0, , , , , ,, , , , , 
09:32:02,0.24,0.66,0.02,0.18,3.48,0.31,0.31,5.56,0.4,1.48,0.47, , , , , ,743.0,742.6,1200.0,100.0, , , , , ,, , , , , 
09:32:05,0.43,0.84,0.08,0.17,3.56,0.22,0.43,5.63,1.01,1.91,0.63, , , , , ,743.0,742.6,800.0,400.0, , , , , ,, , , , , 
09:32:08,-0.18,0.84,-0.7,0.07,3.17,-0.22,0.29,5.17,0.39,2.15,0.3, , , , , ,743.2,743.08,400.0,500.0, , , , , ,, , , , , 
09:32:11,0.13,1.12,-0.07,0.72,3.06,-0.03,0.43,4.94,0.48,2.22,0.08, , , , , ,743.5,743.08,400.0,300.0, , , , , ,, , , , , 
09:32:14,0.31,1.09,0.15,0.34,2.97,0.06,0.71,4.63,0.73,2.23,-0.02, , , , , ,743.5,743.45,700.0,300.0, , , , , ,, , , , , 
09:32:17,0.55,1.23,0.37,0.63,2.5,0.52,0.89,4.05,0.76,2.16,-0.59, , , , , ,743.99,743.8,100.0,500.0, , , , , ,, , , , , 
09:32:20,0.74,1.4,0.72,0.84,2.79,0.57,1.2,4.25,0.95,2.15,-0.53,500.0,744.0,744.0,500.0,500.0,744.0,743.5,4400.0,400.0, ,-1.85, ,2018-05-21 09:32:20.601000,2018-05-21 09:32:20.601000,, , ,FILLED, , 
09:32:23,1.02,1.86,0.39,1.59,1.82,1.46,1.82,3.15,1.21,2.18,-1.5,500.0,744.59,744.59,500.0,1000.0,744.59,744.5,800.0,600.0, ,-0.9, ,2018-05-21 09:32:23.645000,2018-05-21 09:32:23.645000,, , ,FILLED, , 
09:32:26,1.39,2.26,1.06,1.77,2.32,1.55,2.5,3.5,1.56,2.5,-1.06,500.0,744.7,744.7,300.0,1300.0,744.7,743.8,100.0,3300.0, ,-1.97, ,2018-05-21 09:32:26.656000,2018-05-21 09:32:26.656000,, , ,CANCELED, , 
09:32:29,1.73,2.71,1.42,2.82,1.83,2.02,2.77,2.8,1.76,2.53,-1.69,500.0,744.72,744.72,500.0,1800.0,744.72,744.7,600.0,400.0, ,-0.88, ,2018-05-21 09:32:30.101000,2018-05-21 09:32:30.101000,, , ,FILLED, , 
09:32:32,1.77,2.86,1.09,3.02,1.8,2.18,2.76,2.57,2.04,2.79,-1.78,500.0,744.82,744.82,500.0,2300.0,744.82,744.72,300.0,400.0, ,-0.96, ,2018-05-21 09:32:32.693000,2018-05-21 09:32:32.693000,, , ,FILLED, , 
09:32:35,2.05,2.99,1.49,3.1,2.73,2.33,2.98,3.08,2.33,2.89,-1.21,500.0,744.59,744.59,500.0,2800.0,744.59,743.8,800.0,2600.0, ,-2.2, ,2018-05-21 09:32:35.602000,2018-05-21 09:32:35.602000,, , ,FILLED, , 
09:32:38,1.7,2.71,1.38,2.5,1.91,2.06,2.68,1.82,1.65,2.94,-2.33,500.0,744.92,744.92,500.0,3300.0,744.92,744.82,400.0,300.0, ,-0.9, ,2018-05-21 09:32:38.683000,2018-05-21 09:32:38.683000,, , ,FILLED, , 
09:32:41,1.65,2.39,1.31,2.51,1.97,1.88,2.21,1.44,1.75,2.46,-2.55,500.0,745.0,744.776,500.0,3800.0,745.0,744.82,2200.0,300.0, ,-0.93, ,2018-05-21 09:32:41.691000,2018-05-21 09:32:41.690000,, , ,FILLED, , 
09:32:44,1.91,2.62,1.79,2.85,2.06,2.11,2.46,1.02,1.84,2.55,-2.84,500.0,745.0,745.0,500.0,4300.0,745.0,744.92,1400.0,700.0, ,-0.85, ,2018-05-21 09:32:44.690000,2018-05-21 09:32:44.690000,, , ,FILLED, , 
09:32:47,2.0,2.6,1.62,2.58,2.0,2.22,2.8,0.72,2.15,2.42,-3.1,500.0,745.1,745.1,500.0,4800.0,745.1,744.92,2100.0,300.0, ,-0.91, ,2018-05-21 09:32:47.704000,2018-05-21 09:32:47.704000,, , ,FILLED, , 
09:32:50,2.06,2.92,1.59,2.88,2.04,2.39,3.38,0.47,2.19,2.49,-3.41,200.0,745.1,745.1,200.0,5000.0,745.1,745.0,500.0,100.0, ,-0.83, ,2018-05-21 09:32:50.629000,2018-05-21 09:32:50.629000,, , ,FILLED, , 
09:32:53,2.18,3.17,1.7,3.16,1.99,2.19,3.69,0.06,2.65,2.65,-3.74, , , , , ,745.19,745.1,400.0,1100.0, , , , , ,, , , , , 
09:32:56,2.46,3.37,1.85,3.08,1.92,2.29,3.86,-0.32,3.23,3.16,-4.05, , , , , ,745.4,745.23,400.0,600.0, , , , , ,, , , , , 
09:32:59,2.49,3.29,1.57,2.87,1.96,2.42,3.9,-0.56,3.49,3.1,-4.09, , , , , ,745.48,745.3,300.0,1400.0, , , , , ,, , , , , 
09:33:02,2.56,3.28,1.81,2.81,2.05,2.49,3.98,-0.88,3.4,3.06,-4.17, , , , , ,745.5,745.3,4600.0,1200.0, , , , , ,, , , , , 
09:33:05,2.45,3.25,1.63,2.9,2.06,2.35,3.79,-1.15,3.38,3.05,-4.29, , , , , ,745.5,745.4,1700.0,200.0, , , , , ,, , , , , 
09:33:08,2.69,3.31,2.15,2.95,1.94,2.49,3.54,-1.55,3.43,3.44,-4.43, , , , , ,745.56,745.5,1000.0,1600.0, , , , , ,, , , , , 
09:33:11,2.61,3.2,1.69,2.85,1.81,2.57,3.49,-1.9,3.58,3.27,-4.74, , , , , ,745.64,745.56,200.0,200.0, , , , , ,, , , , , 
09:33:14,2.21,2.76,1.26,2.32,1.65,2.32,2.81,-1.94,3.05,3.16,-5.01, , , , , ,745.74,745.64,100.0,600.0, , , , , ,, , , , , 
09:33:17,1.93,2.51,1.2,2.49,1.33,2.04,2.3,-2.46,2.54,2.75,-5.46, , , , , ,745.98,745.86,800.0,300.0, , , , , ,, , , , , 
09:33:20,1.84,2.28,1.13,2.04,1.5,1.78,1.97,-2.44,2.6,2.83,-5.44, , , , , ,745.99,745.6,600.0,100.0, , , , , ,, , , , , 
09:33:23,1.88,2.28,1.01,1.98,1.35,1.75,2.36,-2.31,2.87,2.5,-5.63, , , , , ,745.99,745.79,700.0,400.0, , , , , ,, , , , , 
09:33:26,1.65,2.09,0.85,1.76,1.17,1.74,2.33,-2.44,2.36,2.19,-5.74, , , , , ,745.99,745.98,1700.0,100.0, , , , , ,, , , , , 
09:33:29,2.19,2.66,1.72,2.21,0.75,1.68,3.41,-3.13,3.16,2.36,-5.93, , , , , ,746.3,746.18,100.0,100.0, , , , , ,, , , , , 
09:33:32,2.58,3.07,2.03,2.57,0.65,1.93,3.56,-3.34,3.79,3.1,-5.88, , , , , ,746.4,746.0,400.0,13900.0, , , , , ,, , , , , 
09:33:35,2.64,2.9,1.84,2.12,0.65,1.93,3.63,-3.56,4.14,2.95,-5.71, , , , , ,746.02,746.0,300.0,13600.0, , , , , ,, , , , , 
09:33:38,2.06,2.6,1.29,2.0,-0.32,1.65,3.07,-4.96,3.26,2.72,-6.33, , , , , ,746.48,746.45,100.0,200.0, , , , , ,, , , , , 
09:33:41,1.66,2.39,1.13,1.99,-0.7,0.97,2.56,-4.83,2.87,2.64,-6.62, , , , , ,746.56,746.45,800.0,200.0, , , , , ,, , , , , 
09:33:44,1.68,2.34,1.03,1.87,-1.09,0.71,2.25,-4.94,3.3,2.88,-6.64, , , , , ,746.58,746.48,100.0,100.0, , , , , ,, , , , , 
09:33:47,1.8,2.32,1.21,1.81,-1.24,0.98,2.2,-5.14,3.22,2.94,-6.48, , , , , ,746.5,746.45,100.0,585.0, , , , , ,, , , , , 
09:33:50,1.7,2.28,1.16,1.87,-1.48,1.13,2.23,-5.16,2.82,2.75,-6.64, , , , , ,746.58,746.45,600.0,785.0, , , , , ,, , , , , 
09:33:53,1.48,2.29,1.08,1.9,-2.12,1.03,2.21,-5.79,2.33,2.78,-7.0, , , , , ,746.88,746.66,100.0,700.0, , , , , ,, , , , , 
09:33:56,1.4,2.02,1.02,1.54,-2.23,0.89,1.99,-5.58,2.31,2.53,-7.06, , , , , ,746.82,746.66,100.0,300.0, , , , , ,, , , , , 
09:33:59,1.4,2.11,1.05,1.56,-2.65,0.93,2.34,-5.56,2.23,2.43,-7.45, , , , , ,747.0,746.9,800.0,100.0, , , , , ,, , , , , 
09:34:02,1.36,1.9,0.86,1.42,-2.94,0.99,2.06,-5.13,2.23,2.23,-7.5, , , , , ,747.0,746.88,800.0,100.0, , , , , ,, , , , , 
09:34:05,1.15,1.88,0.65,1.38,-3.33,0.6,2.24,-5.21,2.2,2.02,-7.82, , , , , ,747.3,746.88,5000.0,600.0, , , , , ,, , , , , 
09:34:08,0.93,1.22,0.19,0.68,-3.42,0.4,1.33,-4.99,2.21,1.66,-7.74, , , , , ,747.0,746.88,6600.0,500.0, , , , , ,, , , , , 
09:34:11,0.35,0.76,-0.13,0.43,-3.7,-0.02,0.81,-5.12,1.2,1.04,-7.84, , , , , ,747.0,746.88,4400.0,300.0, , , , , ,, , , , , 
09:34:14,0.23,0.57,-0.01,0.33,-3.5,0.11,0.55,-5.13,0.59,0.84,-7.78, , , , , ,746.88,746.82,1200.0,500.0, , , , , ,, , , , , 
09:34:17,0.09,0.26,-0.29,-0.08,-3.81,0.01,0.15,-4.85,0.53,0.71,-7.89, , , , , ,746.99,746.88,4600.0,300.0, , , , , ,, , , , , 
09:34:20,0.14,0.3,-0.57,-0.11,-3.96,0.03,0.11,-4.5,0.97,0.89,-7.81, , , , , ,746.97,746.88,100.0,200.0, , , , , ,, , , , , 
09:34:23,0.25,0.51,-0.33,0.09,-3.72,0.29,0.31,-4.54,0.78,1.14,-7.8, , , , , ,747.0,746.88,2800.0,200.0, , , , , ,, , , , , 
09:34:26,0.12,0.32,-0.54,-0.1,-3.5,0.56,0.11,-4.33,0.33,0.94,-7.54, , , , , ,746.97,746.58,100.0,1700.0, , , , , ,, , , , , 
09:34:29,-0.12,0.09,-0.81,-0.44,-3.85,0.38,-0.05,-4.45,0.07,0.78,-7.5, , , , , ,746.99,746.58,500.0,1500.0, , , , , ,, , , , , 
09:34:32,-0.28,-0.13,-0.92,-0.63,-3.99,0.14,-0.25,-4.59,-0.04,0.48,-7.38, , , , , ,746.8,746.58,100.0,1000.0, , , , , ,, , , , , 
09:34:35,-0.45,-0.17,-1.11,-0.81,-4.2,-0.01,-0.32,-4.21,-0.24,0.61,-7.11,-2500.0,746.48,746.48,-2500.0,2500.0,746.5,746.48,700.0,100.0, ,1.16, ,2018-05-21 09:34:35.625000,2018-05-21 09:34:35.625000,, , ,FILLED, , 
09:34:38,-0.78,-0.42,-1.58,-1.19,-4.32,-0.45,-0.51,-3.4,-0.3,0.44,-6.41,-2500.0,745.98,745.98,-1100.0,1400.0,746.0,745.98,200.0,300.0, ,0.82, ,2018-05-21 09:34:38.691000,2018-05-21 09:34:38.691000,, , ,CANCELED, , 
09:34:41,-1.11,-0.59,-1.54,-1.26,-3.81,-1.26,-0.76,-3.04,-0.54,0.24,-6.07,-1400.0,745.96,745.96,-300.0,1100.0,745.98,745.5,1500.0,1400.0, ,0.68, ,2018-05-21 09:34:42.002000,2018-05-21 09:34:42.002000,, , ,CANCELED, , 
09:34:44,-1.07,-0.77,-1.67,-1.65,-3.87,-1.09,-0.82,-3.0,-0.46,0.16,-6.03,-1600.0,745.5,745.5,-1600.0,-500.0,745.96,745.5,1100.0,1300.0,2536.27,0.68, ,2018-05-21 09:34:45.024000,2018-05-21 09:34:45.024000,, , ,FILLED,3726554.513421129,3724018.2476143055
09:34:47,-0.99,-0.72,-1.46,-1.59,-3.72,-0.97,-0.76,-2.46,-0.54,0.19,-5.6, , , , , ,745.42,745.4,300.0,100.0, , , , , ,, , , , , 
09:34:50,-0.96,-0.69,-1.48,-1.62,-3.55,-0.66,-0.7,-2.41,-0.75,0.25,-5.46, , , , , ,745.4,745.23,200.0,100.0, , , , , ,, , , , , 
09:34:53,-0.98,-0.56,-1.33,-1.36,-3.64,-0.78,-0.65,-2.37,-0.84,0.33,-5.13, , , , , ,745.4,744.92,100.0,100.0, , , , , ,, , , , , 
09:34:56,-0.77,-0.51,-1.06,-1.34,-3.06,-0.68,-0.59,-2.1,-0.58,0.42,-4.58, , , , , ,745.0,744.71,100.0,1200.0, , , , , ,, , , , , 
09:34:59,-0.8,-0.39,-0.86,-1.13,-2.92,-0.87,-0.69,-2.38,-0.67,0.67,-4.58, , , , , ,745.23,744.71,1200.0,800.0, , , , , ,, , , , , 
09:35:02,-0.64,-0.39,-0.67,-1.14,-2.42,-0.48,-0.76,-2.35,-0.76,0.73,-4.29, , , , , ,745.1,744.71,600.0,100.0, , , , , ,, , , , , 
09:35:05,-0.62,-0.22,-0.37,-1.08,-1.41,-0.55,-0.37,-1.32,-0.94,0.78,-3.5, , , , , ,744.71,743.8,700.0,4200.0, , , , , ,, , , , , 
09:35:08,-0.67,-0.03,-0.71,-0.71,-1.41,-0.39,-0.37,-1.19,-0.92,0.98,-3.5, , , , , ,744.71,743.8,1300.0,2500.0, , , , , ,, , , , , 
09:35:11,-0.87,-0.16,-0.83,-0.97,-1.33,-0.68,-0.56,-1.01,-1.11,1.06,-3.16, , , , , ,744.71,743.5,400.0,1900.0, , , , , ,, , , , , 
09:35:14,-0.65,-0.05,-0.53,-0.73,-1.46,-0.29,-0.57,-0.86,-1.12,1.14,-3.15, , , , , ,744.7,743.5,900.0,1800.0, , , , , ,, , , , , 
09:35:17,-0.35,0.44,0.04,-0.18,-1.59,-0.14,0.43,-1.4,-0.96,1.08,-3.43, , , , , ,745.49,743.5,700.0,1000.0, , , , , ,, , , , , 
09:35:20,0.11,0.71,0.43,-0.07,-0.11,0.26,0.77,-0.39,-0.36,1.45,-2.13, , , , , ,743.8,743.5,100.0,800.0, , , , , ,, , , , , 
09:35:23,0.34,0.85,0.58,0.26,-0.13,0.52,1.02,-0.3,-0.09,1.27,-2.21,500.0,743.52,743.52,100.0,-400.0,743.8,743.5,200.0,900.0, ,1.18, ,2018-05-21 09:35:23.685000,2018-05-21 09:35:23.685000,, , ,CANCELED, , 
09:35:26,-0.02,0.76,-0.14,0.15,-1.76,0.2,0.84,-1.87,-0.13,1.29,-3.73, , , , , ,745.0,744.71,100.0,400.0, , , , , ,, , , , , 
09:35:29,-0.2,0.77,0.02,0.2,-1.39,-0.37,0.95,-1.42,-0.25,1.17,-3.25, , , , , ,745.4,743.6,200.0,100.0, , , , , ,, , , , , 
09:35:32,0.94,1.65,0.91,1.24,0.88,1.19,1.54,1.12,0.73,2.19,-0.8,900.0,743.0,743.0,900.0,500.0,743.0,742.23,1200.0,1200.0,759.24,2.04, ,2018-05-21 09:35:32.606000,2018-05-21 09:35:32.606000,, , ,FILLED,372344.1905781045,371584.9523208149
09:35:35,0.74,1.54,0.58,1.06,0.65,0.95,1.23,0.58,0.68,2.33,-1.13, , , , , ,743.5,742.23,1000.0,600.0, , , , , ,, , , , , 
09:35:38,0.09,1.02,0.2,0.18,0.02,0.41,0.84,-0.42,-0.33,2.06,-1.94, , , , , ,744.66,742.23,100.0,600.0, , , , , ,, , , , , 
09:35:41,0.69,1.7,1.02,0.98,1.79,0.96,1.84,1.16,0.1,2.27,-0.14, , , , , ,742.23,742.06,100.0,100.0, , , , , ,, , , , , 
09:35:44,0.49,1.55,-0.04,0.79,0.48,1.21,1.31,-0.4,0.3,2.54,-1.36, , , , , ,744.0,742.28,100.0,500.0, , , , , ,, , , , , 
09:35:47,-0.04,1.07,-0.4,0.4,1.27,0.36,0.89,0.08,-0.07,1.92,-0.55, , , , , ,743.0,742.28,1000.0,500.0, , , , , ,, , , , , 
09:35:50,-0.26,1.08,-0.13,0.55,1.21,-0.2,0.95,-0.15,-0.44,1.74,-0.4, , , , , ,743.0,742.25,500.0,100.0, , , , , ,, , , , , 
09:35:53,0.1,1.2,0.11,0.6,1.52,0.44,1.14,0.12,-0.24,1.88,0.12, , , , , ,742.28,742.25,500.0,100.0, , , , , ,, , , , , 
09:35:56,0.12,1.3,-0.12,0.77,1.4,0.55,0.95,0.05,-0.08,2.16,0.29, , , , , ,742.28,742.23,300.0,400.0, , , , , ,, , , , , 
09:35:59,0.05,1.1,0.03,0.51,0.06,0.43,1.0,-1.09,-0.31,1.78,-0.77, , , , , ,744.02,742.28,600.0,500.0, , , , , ,, , , , , 
09:36:02,-0.14,1.22,-0.03,0.62,-0.48,0.0,1.37,-1.63,-0.41,1.67,-1.14, , , , , ,744.01,743.0,100.0,3200.0, , , , , ,, , , , , 
09:36:05,-0.03,1.39,0.39,0.94,-0.32,-0.1,1.55,-1.69,-0.37,1.67,-0.86, , , , , ,744.02,743.0,200.0,1800.0, , , , , ,, , , , , 
09:36:08,0.29,1.39,0.65,0.99,0.98,0.43,1.53,-0.55,-0.2,1.66,0.69, , , , , ,743.0,742.28,300.0,1300.0, , , , , ,, , , , , 
09:36:11,-0.35,1.16,-0.05,0.74,0.24,-0.19,1.3,-1.49,-0.8,1.44,0.19, , , , , ,744.0,742.35,100.0,200.0, , , , , ,, , , , , 
09:36:14,-0.63,0.87,-0.15,0.43,0.43,-0.54,0.95,-1.59,-1.19,1.22,0.49, , , , , ,743.99,742.28,200.0,1127.0, , , , , ,, , , , , 
09:36:17,-0.71,0.74,-0.31,0.26,0.46,-0.74,0.9,-1.71,-1.08,1.07,0.24, , , , , ,744.0,742.23,873.0,400.0, , , , , ,, , , , , 
09:36:20,-0.43,1.02,-0.33,0.7,-0.59,-0.25,0.78,-2.77,-0.72,1.58,-0.81, , , , , ,744.5,743.11,100.0,527.0, , , , , ,, , , , , 
09:36:23,-0.93,0.65,-0.82,0.42,-1.04,-0.97,0.25,-3.38,-1.0,1.29,-1.4, , , , , ,744.49,743.91,100.0,38.0, , , , , ,, , , , , 
09:36:26,-0.78,0.83,-0.52,0.72,0.49,-0.78,0.51,-1.87,-1.05,1.26,-0.04, , , , , ,743.17,743.01,262.0,100.0, , , , , ,, , , , , 
09:36:29,-0.52,1.0,-0.13,0.85,0.48,-0.51,0.87,-1.72,-0.93,1.3,-0.02, , , , , ,743.17,743.0,100.0,1500.0, , , , , ,, , , , , 
09:36:32,-0.66,0.8,-0.53,0.71,-0.05,-0.58,0.57,-2.25,-0.88,1.11,-0.91, , , , , ,743.8,743.17,100.0,100.0, , , , , ,, , , , , 
09:36:35,-1.1,0.67,-0.86,0.53,-0.15,-1.22,0.44,-2.22,-1.21,1.03,-0.85, , , , , ,743.8,743.0,100.0,100.0, , , , , ,, , , , , 
09:36:38,-1.03,0.52,-0.97,0.46,-0.39,-0.95,0.15,-2.27,-1.18,0.95,-0.88, , , , , ,743.8,743.05,500.0,1200.0, , , , , ,, , , , , 
09:36:41,-1.26,0.26,-1.14,0.26,-0.69,-1.38,-0.01,-2.63,-1.26,0.51,-0.78, , , , , ,744.0,743.05,3381.0,1000.0, , , , , ,, , , , , 
09:36:44,-1.38,-0.06,-1.16,0.06,-0.91,-1.48,-0.29,-2.62,-1.52,0.04,-0.52, , , , , ,743.99,743.05,200.0,1400.0, , , , , ,, , , , , 
09:36:47,-1.44,-0.02,-1.15,0.01,-1.1,-1.57,-0.18,-2.54,-1.61,0.11,-0.56, , , , , ,743.99,743.05,100.0,800.0, , , , , ,, , , , , 
09:36:50,-1.48,-0.13,-1.34,-0.17,-1.67,-1.54,-0.42,-2.96,-1.55,0.21,-0.94, , , , , ,743.99,743.52,3700.0,100.0, , , , , ,, , , , , 
09:36:53,-1.65,-0.35,-1.61,-0.25,-1.25,-1.8,-0.66,-2.33,-1.53,-0.15,-0.28,-500.0,743.5,0.0,-0.0,500.0,743.52,743.04,500.0,300.0, , , ,2018-05-21 09:36:53.638000,2018-05-21 09:36:53.638000,, , ,CANCELED, , 
09:36:56,-1.46,-0.35,-1.46,-0.28,-0.99,-1.55,-0.73,-2.1,-1.38,-0.04,0.14,-500.0,743.02,743.02,-500.0,0.0,743.04,743.01,100.0,700.0,-427.41,-1.15, ,2018-05-21 09:36:57.469000,2018-05-21 09:36:57.469000,, , ,FILLED,371105.540554451,371532.9477090225
09:36:59,-1.79,-0.52,-1.89,-0.37,-1.03,-1.87,-1.22,-2.31,-1.59,0.02,0.14, , , , , ,743.11,743.1,100.0,400.0, , , , , ,, , , , , 
09:37:02,-1.28,-0.18,-1.08,-0.1,-1.44,-1.51,-0.75,-2.73,-1.26,0.31,-0.14, , , , , ,743.52,743.21,900.0,100.0, , , , , ,, , , , , 
09:37:05,-0.59,0.18,-0.5,0.2,-1.16,-0.68,0.07,-2.5,-0.59,0.28,-0.07, , , , , ,743.11,743.1,100.0,19700.0, , , , , ,, , , , , 
09:37:08,-0.63,0.16,-0.59,0.12,-1.72,-0.81,0.0,-3.15,-0.49,0.36,-0.79, , , , , ,743.9,743.1,800.0,18600.0, , , , , ,, , , , , 
09:37:11,-1.38,-0.32,-1.4,-0.13,-1.93,-1.85,-0.75,-3.25,-0.89,-0.07,-0.83, , , , , ,743.9,743.1,100.0,4196.0, , , , , ,, , , , , 
09:37:14,-1.96,-0.98,-1.99,-0.83,-1.81,-2.09,-1.58,-3.04,-1.8,-0.51,-0.47,-500.0,743.1,743.11,-500.0,-500.0,743.5,743.1,100.0,3596.0, ,-1.7, ,2018-05-21 09:37:14.824000,2018-05-21 09:37:14.824000,, , ,FILLED, , 
09:37:17,-2.09,-1.25,-2.15,-0.91,-2.27,-2.28,-1.92,-3.35,-1.84,-0.91,-0.48,-500.0,743.5,743.5,-500.0,-1000.0,743.56,743.5,1500.0,500.0, ,-1.52, ,2018-05-21 09:37:17.609000,2018-05-21 09:37:17.609000,, , ,FILLED, , 
09:37:20,-1.97,-1.26,-1.88,-0.92,-2.37,-2.53,-1.74,-3.25,-1.52,-1.11,-0.33,-500.0,743.12,743.196,-500.0,-1500.0,743.88,743.12,300.0,100.0, ,-2.0, ,2018-05-21 09:37:20.665000,2018-05-21 09:37:20.665000,, , ,FILLED, , 
09:37:23,-1.65,-0.97,-1.46,-0.52,-1.92,-2.06,-1.62,-2.7,-1.42,-0.77,0.0, , , , , ,743.12,743.11,1200.0,500.0, , , , , ,, , , , , 
09:37:26,-1.47,-0.74,-1.68,-0.61,-2.48,-1.84,-1.28,-3.24,-0.9,-0.33,-0.79, , , , , ,743.8,743.3,100.0,100.0, , , , , ,, , , , , 
09:37:29,-1.29,-0.61,-1.23,-0.36,-2.5,-1.9,-0.97,-3.34,-0.76,-0.51,-1.15, , , , , ,743.8,743.55,100.0,300.0, , , , , ,, , , , , 
09:37:32,-1.06,-0.2,-0.79,0.07,-2.2,-1.4,-0.31,-3.04,-1.0,-0.37,-0.95, , , , , ,743.78,743.11,100.0,500.0, , , , , ,, , , , , 
09:37:35,-1.02,-0.21,-0.96,0.06,-1.82,-1.43,-0.67,-2.58,-0.67,-0.0,-0.42, , , , , ,743.11,743.1,200.0,800.0, , , , , ,, , , , , 
09:37:38,-1.29,-0.55,-1.34,-0.33,-1.61,-1.53,-1.06,-2.33,-1.01,-0.27,-0.23, , , , , ,743.0,742.87,600.0,100.0, , , , , ,, , , , , 
09:37:41,-1.48,-0.76,-1.45,-0.23,-2.0,-1.81,-1.29,-2.48,-1.19,-0.76,-0.38, , , , , ,743.11,743.0,1300.0,400.0, , , , , ,, , , , , 
09:37:44,-1.33,-0.96,-1.42,-0.45,-1.83,-1.57,-1.46,-2.29,-1.01,-0.96,-0.23, , , , , ,743.1,742.77,3600.0,200.0, , , , , ,, , , , , 
09:37:47,-1.49,-1.18,-1.81,-0.54,-1.08,-1.71,-1.97,-1.62,-0.96,-1.03,0.59,-500.0,742.38,742.38,-200.0,-1700.0,742.5,742.38,400.0,100.0, ,-0.28, ,2018-05-21 09:37:47.615000,2018-05-21 09:37:47.615000,, , ,CANCELED, , 
09:37:50,-1.44,-1.16,-1.87,-0.88,-1.07,-1.62,-1.76,-1.5,-0.84,-0.84,0.76, , , , , ,742.38,742.33,400.0,100.0, , , , , ,, , , , , 
09:37:53,-1.83,-1.06,-2.23,-0.95,-1.04,-2.3,-1.63,-1.31,-0.98,-0.59,0.86, , , , , ,742.35,742.28,900.0,1300.0, , , , , ,, , , , , 
09:37:56,-1.63,-1.15,-1.98,-1.03,-1.15,-2.1,-1.33,-1.18,-0.83,-1.1,0.9, , , , , ,742.35,742.28,700.0,1100.0, , , , , ,, , , , , 
09:37:59,-1.81,-1.08,-2.28,-0.89,-1.06,-2.08,-1.57,-0.83,-1.07,-0.79,0.88, , , , , ,742.35,742.0,300.0,1800.0, , , , , ,, , , , , 
09:38:02,-1.34,-0.94,-1.78,-0.82,-1.62,-1.56,-1.02,-1.12,-0.67,-0.98,0.34, , , , , ,742.77,742.32,1800.0,300.0, , , , , ,, , , , , 
09:38:05,-1.19,-0.79,-1.43,-0.79,-1.2,-1.64,-0.96,-0.66,-0.51,-0.62,0.86, , , , , ,742.28,742.0,2200.0,1800.0, , , , , ,, , , , , 
09:38:08,-1.18,-0.81,-1.74,-0.71,-1.32,-1.24,-0.71,-0.66,-0.54,-1.0,0.99, , , , , ,742.27,742.0,800.0,1100.0, , , , , ,, , , , , 
09:38:11,-1.15,-0.76,-1.31,-0.42,-1.35,-1.25,-1.09,-0.46,-0.9,-0.78,1.25, , , , , ,742.18,742.0,100.0,900.0, , , , , ,, , , , , 
09:38:14,-1.18,-0.76,-1.58,-0.81,-1.16,-1.02,-0.9,-0.2,-0.95,-0.57,1.67, , , , , ,742.0,741.8,300.0,100.0, , , , , ,, , , , , 
09:38:17,-1.03,-0.52,-1.3,-0.62,-0.88,-1.1,-0.82,0.35,-0.7,-0.12,2.07, , , , , ,742.0,741.38,1400.0,100.0, , , , , ,, , , , , 
09:38:20,-0.91,-0.45,-1.26,-0.56,-0.82,-0.65,-0.58,0.51,-0.8,-0.22,2.07, , , , , ,742.0,741.38,1600.0,100.0, , , , , ,, , , , , 
09:38:23,-0.92,-0.3,-1.0,-0.33,-0.78,-0.7,-0.53,0.43,-1.07,-0.05,1.96, , , , , ,742.0,741.38,1600.0,100.0, , , , , ,, , , , , 
09:38:26,-0.56,0.08,-0.79,-0.1,-0.74,-0.27,0.12,0.52,-0.61,0.23,1.85, , , , , ,742.0,741.38,800.0,100.0, , , , , ,, , , , , 
09:38:29,-0.09,0.69,-0.27,0.31,-0.76,0.03,0.54,0.43,-0.02,1.22,1.65, , , , , ,742.0,741.5,100.0,700.0, , , , , ,, , , , , 
09:38:32,-0.07,0.84,-0.33,0.65,-1.25,0.0,0.91,-0.13,0.1,0.95,1.04, , , , , ,742.23,742.0,100.0,300.0, , , , , ,, , , , , 
09:38:35,-0.0,0.82,-0.06,0.75,-0.69,0.21,0.82,0.44,-0.16,0.88,1.59, , , , , ,742.0,741.39,200.0,800.0, , , , , ,, , , , , 
09:38:38,0.14,0.52,0.0,0.26,-0.32,0.53,0.85,0.75,-0.1,0.45,2.0, , , , , ,741.5,741.39,1500.0,500.0, , , , , ,, , , , , 
09:38:41,0.11,0.7,-0.04,0.49,-0.65,0.37,0.99,0.46,-0.01,0.6,1.74, , , , , ,742.0,741.39,700.0,100.0, , , , , ,, , , , , 
09:38:44,0.02,0.52,-0.12,0.39,-0.27,0.53,1.07,0.93,-0.36,0.11,2.17, , , , , ,741.5,741.38,100.0,200.0, , , , , ,, , , , , 
09:38:47,-0.21,0.43,-0.49,0.32,-0.62,0.35,0.88,0.72,-0.5,0.1,1.92, , , , , ,742.0,741.4,1100.0,200.0, , , , , ,, , , , , 
09:38:50,-0.51,0.17,-0.74,-0.05,-0.61,-0.19,0.74,0.84,-0.59,-0.18,1.96, , , , , ,742.0,741.4,900.0,100.0, , , , , ,, , , , , 
09:38:53,-0.51,0.23,-0.6,0.03,-0.06,-0.17,0.58,1.31,-0.75,0.1,2.41, , , , , ,741.39,741.38,200.0,200.0, , , , , ,, , , , , 
09:38:56,-0.16,0.29,-0.64,0.02,0.07,0.41,0.68,1.46,-0.26,0.17,2.41, , , , , ,741.4,741.38,2900.0,100.0, , , , , ,, , , , , 
09:38:59,-0.19,0.37,-0.55,0.26,0.22,0.37,0.71,1.6,-0.4,0.15,2.4, , , , , ,741.4,741.38,2500.0,500.0, , , , , ,, , , , , 
09:39:02,-0.09,0.64,-0.21,0.4,0.43,0.2,1.22,1.72,-0.24,0.31,2.4, , , , , ,741.4,741.38,2500.0,200.0, , , , , ,, , , , , 
09:39:05,0.26,0.89,0.04,0.51,0.63,0.5,1.33,2.27,0.25,0.84,2.62,1700.0,741.2,741.2,1700.0,0.0,741.2,741.18,2400.0,100.0,1851.82,1.47, ,2018-05-21 09:39:05.687000,2018-05-21 09:39:05.687000,, , ,FILLED,1262003.5711559358,1260151.7508244326
09:39:08,0.17,0.72,-0.07,0.46,0.83,0.6,1.18,2.87,-0.01,0.53,2.87, , , , , ,741.03,741.02,800.0,400.0, , , , , ,, , , , , 
09:39:11,0.08,0.64,-0.08,0.56,0.98,0.47,0.99,3.08,-0.17,0.38,2.98, , , , , ,741.03,741.02,200.0,400.0, , , , , ,, , , , , 
09:39:14,-0.38,0.32,-0.63,0.22,0.88,-0.17,0.74,3.23,-0.34,-0.01,2.95, , , , , ,741.2,741.01,300.0,12800.0, , , , , ,, , , , , 
09:39:17,-0.85,-0.36,-1.19,-0.71,1.26,-0.61,-0.29,3.08,-0.74,-0.07,3.29, , , , , ,741.02,741.01,300.0,12700.0, , , , , ,, , , , , 
09:39:20,-0.96,-0.47,-1.3,-0.55,1.42,-0.61,-0.26,2.95,-0.97,-0.61,3.45, , , , , ,741.02,741.01,300.0,7000.0, , , , , ,, , , , , 
09:39:23,-1.18,-0.52,-1.32,-0.55,1.06,-1.12,-0.32,2.62,-1.11,-0.69,3.25, , , , , ,741.4,741.03,2200.0,100.0, , , , , ,, , , , , 
09:39:26,-1.09,-0.41,-1.38,-0.59,1.16,-1.01,0.15,2.48,-0.89,-0.79,3.35, , , , , ,741.4,741.03,1800.0,100.0, , , , , ,, , , , , 
09:39:29,-1.08,-0.28,-1.24,-0.5,1.3,-1.0,-0.04,2.65,-1.01,-0.31,3.55, , , , , ,741.2,741.02,100.0,100.0, , , , , ,, , , , , 
09:39:32,-0.97,-0.37,-1.18,-0.65,1.1,-0.74,-0.11,2.17,-1.0,-0.35,3.52, , , , , ,741.4,741.01,1700.0,1438.0, , , , , ,, , , , , 
09:39:35,-0.78,-0.19,-0.74,-0.14,1.09,-0.69,0.2,2.1,-0.9,-0.62,3.58, , , , , ,741.4,741.03,1300.0,1000.0, , , , , ,, , , , , 
09:39:38,-0.5,0.24,-0.33,0.05,1.06,-0.61,0.98,2.1,-0.56,-0.31,3.63, , , , , ,741.4,741.03,1000.0,1000.0, , , , , ,, , , , , 
09:39:41,-0.28,0.36,-0.29,-0.04,1.12,-0.29,0.84,2.35,-0.25,0.28,3.69, , , , , ,741.38,741.03,100.0,1000.0, , , , , ,, , , , , 
09:39:44,-0.19,0.53,-0.03,0.27,1.22,-0.08,1.14,2.58,-0.45,0.17,3.69, , , , , ,741.4,741.05,800.0,300.0, , , , , ,, , , , , 
09:39:47,0.02,0.79,0.15,0.72,1.26,0.02,1.46,2.43,-0.13,0.19,3.67, , , , , ,741.4,741.2,600.0,100.0, , , , , ,, , , , , 
09:39:50,0.02,0.81,0.1,0.65,1.48,0.06,1.59,2.47,-0.08,0.2,3.91, , , , , ,741.4,741.05,600.0,500.0, , , , , ,, , , , , 
09:39:53,0.05,0.83,0.01,0.68,1.53,0.11,1.43,2.5,0.02,0.38,4.08, , , , , ,741.4,741.05,400.0,400.0, , , , , ,, , , , , 
09:39:56,0.01,0.92,0.03,0.83,1.18,0.27,1.64,2.06,-0.26,0.29,3.73, , , , , ,742.0,741.2,700.0,100.0, , , , , ,, , , , , 
09:39:59,0.07,1.03,0.08,0.97,1.19,0.23,1.73,2.03,-0.1,0.37,3.78, , , , , ,742.0,741.4,700.0,1100.0, , , , , ,, , , , , 
09:40:02,0.22,1.3,0.25,1.2,1.3,0.31,1.81,2.1,0.09,0.89,3.95, , , , , ,742.0,741.4,400.0,2900.0, , , , , ,, , , , , 
09:40:05,0.42,1.53,0.36,1.27,1.4,0.57,2.12,1.65,0.34,1.2,3.89, , , , , ,742.27,741.4,2300.0,2500.0, , , , , ,, , , , , 
09:40:08,0.37,1.33,0.36,1.15,2.39,0.62,2.01,2.06,0.12,0.84,4.61, , , , , ,741.4,741.36,200.0,100.0, , , , , ,, , , , , 
09:40:11,0.35,1.13,0.26,0.99,2.23,0.73,2.0,1.66,0.06,0.4,4.35, , , , , ,741.9,741.41,100.0,1200.0, , , , , ,, , , , , 
09:40:14,0.13,1.23,0.17,1.16,1.83,0.33,2.14,1.09,-0.11,0.37,3.76, , , , , ,742.27,742.0,1700.0,100.0, , , , , ,, , , , , 
09:40:17,0.02,1.41,0.28,1.19,1.94,0.06,2.4,1.78,-0.27,0.64,4.22, , , , , ,742.27,741.43,1700.0,700.0, , , , , ,, , , , , 
09:40:20,0.12,1.18,0.27,1.21,1.44,0.24,2.06,1.51,-0.15,0.26,4.0, , , , , ,742.27,742.0,1700.0,200.0, , , , , ,, , , , , 
09:40:23,0.16,1.11,0.23,1.17,1.39,0.28,1.99,1.33,-0.02,0.15,4.12, , , , , ,742.26,742.0,200.0,100.0, , , , , ,, , , , , 
09:40:26,0.13,0.99,0.32,1.28,1.55,0.2,1.71,1.44,-0.12,-0.02,4.55, , , , , ,742.0,741.8,100.0,100.0, , , , , ,, , , , , 
09:40:29,0.54,1.25,0.56,1.43,1.27,0.61,1.9,0.92,0.44,0.43,4.35, , , , , ,742.27,742.0,1400.0,2000.0, , , , , ,, , , , , 
09:40:32,0.38,1.22,0.39,1.51,0.91,0.47,1.73,0.81,0.29,0.42,4.37, , , , , ,742.27,742.0,400.0,1900.0, , , , , ,, , , , , 
09:40:35,0.36,1.07,0.26,1.17,1.15,0.44,1.55,1.18,0.36,0.49,4.72, , , , , ,742.27,741.56,400.0,100.0, , , , , ,, , , , , 
09:40:38,0.31,1.08,0.34,1.2,1.16,0.55,1.39,1.15,0.05,0.66,4.82, , , , , ,742.27,741.56,400.0,100.0, , , , , ,, , , , , 
09:40:41,0.41,1.26,0.29,1.27,1.22,0.76,1.76,0.99,0.17,0.76,4.76, , , , , ,742.28,741.8,400.0,200.0, , , , , ,, , , , , 
09:40:44,0.33,1.17,0.17,1.28,1.16,0.61,1.6,0.66,0.21,0.64,4.59, , , , , ,742.28,742.27,400.0,100.0, , , , , ,, , , , , 
09:40:47,0.38,1.24,0.26,1.16,1.09,0.53,1.85,0.8,0.36,0.71,4.62, , , , , ,742.3,742.27,800.0,100.0, , , , , ,, , , , , 
09:40:50,0.43,1.2,0.44,1.26,0.99,0.53,1.68,0.81,0.33,0.65,4.54, , , , , ,742.35,742.3,300.0,800.0, , , , , ,, , , , , 
09:40:53,0.42,1.48,0.27,1.22,0.88,0.53,2.1,0.72,0.46,1.12,4.36, , , , , ,742.49,742.35,100.0,200.0, , , , , ,, , , , , 
09:40:56,0.25,1.06,0.13,1.06,0.98,0.23,1.65,0.78,0.4,0.48,4.34, , , , , ,742.5,742.3,500.0,300.0, , , , , ,, , , , , 
09:40:59,0.26,1.16,0.3,1.04,0.61,0.07,1.62,0.1,0.4,0.83,4.0, , , , , ,743.0,742.5,100.0,2900.0, , , , , ,, , , , , 
09:41:02,0.4,1.16,0.36,1.13,0.69,0.42,1.61,0.07,0.43,0.74,4.12, , , , , ,743.0,742.5,100.0,2700.0, , , , , ,, , , , , 
09:41:05,0.31,1.0,0.26,1.01,0.41,0.33,1.3,0.04,0.32,0.69,4.28, , , , , ,743.0,742.5,100.0,2300.0, , , , , ,, , , , , 
09:41:08,-0.34,0.55,-0.21,0.76,-0.44,-0.4,0.75,-0.5,-0.42,0.14,3.72, , , , , ,743.99,742.49,100.0,100.0, , , , , ,, , , , , 
09:41:11,-1.39,0.02,-1.37,0.17,-1.31,-1.65,0.12,-1.14,-1.16,-0.24,2.85, , , , , ,743.95,743.78,500.0,300.0, , , , , ,, , , , , 
09:41:14,-1.25,0.18,-1.01,0.61,-0.6,-1.5,0.15,-0.34,-1.24,-0.21,3.44, , , , , ,743.78,743.0,200.0,800.0, , , , , ,, , , , , 
09:41:17,-0.54,0.23,-0.47,0.36,-0.44,-0.72,0.45,-0.37,-0.44,-0.14,3.24, , , , , ,744.0,743.0,2919.0,400.0, , , , , ,, , , , , 
09:41:20,-0.34,0.31,-0.1,0.79,1.14,-0.44,0.49,1.08,-0.5,-0.36,4.67, , , , , ,742.47,742.36,400.0,100.0, , , , , ,, , , , , 
09:41:23,-0.55,0.27,-0.51,0.71,-0.51,-0.76,0.57,-0.47,-0.37,-0.45,3.25, , , , , ,743.99,743.0,300.0,300.0, , , , , ,, , , , , 
09:41:26,-0.75,0.14,-0.62,0.51,-0.36,-0.83,0.38,-0.23,-0.81,-0.48,3.66, , , , , ,744.0,742.47,1319.0,200.0, , , , , ,, , , , , 
09:41:29,-0.34,0.17,-0.14,0.45,-0.34,-0.58,0.43,-0.14,-0.31,-0.37,3.94, , , , , ,743.8,742.35,1300.0,300.0, , , , , ,, , , , , 
09:41:32,-0.42,0.19,-0.39,0.58,0.33,-0.71,0.53,0.52,-0.16,-0.54,4.76, , , , , ,742.5,742.49,1200.0,100.0, , , , , ,, , , , , 
09:41:35,-0.49,0.22,-0.36,0.57,0.48,-0.9,0.47,0.6,-0.22,-0.38,4.9, , , , , ,742.5,742.36,600.0,100.0, , , , , ,, , , , , 
09:41:38,-0.77,-0.17,-0.76,0.26,-0.43,-0.94,-0.08,-0.2,-0.63,-0.7,4.03, , , , , ,743.8,742.36,900.0,200.0, , , , , ,, , , , , 
09:41:41,-0.73,-0.18,-0.86,0.09,-0.42,-0.84,0.03,-0.12,-0.5,-0.65,4.1, , , , , ,743.8,742.37,800.0,100.0, , , , , ,, , , , , 
09:41:44,-0.69,-0.15,-0.74,0.07,-0.57,-0.79,0.07,-0.18,-0.53,-0.58,4.03, , , , , ,743.8,742.58,700.0,100.0, , , , , ,, , , , , 
09:41:47,-0.95,-0.11,-1.06,0.05,-0.42,-1.1,0.07,-0.08,-0.69,-0.46,4.08, , , , , ,743.8,742.58,1000.0,100.0, , , , , ,, , , , , 
09:41:50,-1.09,-0.19,-0.99,0.03,-0.01,-1.27,-0.11,0.31,-1.01,-0.5,4.56, , , , , ,743.5,742.36,100.0,200.0, , , , , ,, , , , , 
09:41:53,-0.91,-0.19,-0.76,0.1,0.04,-0.83,-0.16,0.33,-1.14,-0.53,4.67, , , , , ,743.5,742.36,200.0,300.0, , , , , ,, , , , , 
09:41:56,-1.0,-0.14,-0.89,0.19,-0.36,-1.07,-0.09,-0.1,-1.04,-0.51,4.33, , , , , ,743.5,743.0,200.0,400.0, , , , , ,, , , , , 
09:41:59,-1.17,-0.06,-1.14,0.12,-0.77,-1.42,0.22,-0.32,-0.94,-0.53,4.26, , , , , ,743.8,743.0,900.0,600.0, , , , , ,, , , , , 
09:42:02,-0.84,0.17,-0.68,0.33,-0.61,-1.09,0.57,-0.12,-0.74,-0.38,4.56, , , , , ,743.5,743.0,100.0,400.0, , , , , ,, , , , , 
09:42:05,-0.67,0.4,-0.72,0.44,-0.5,-0.88,0.88,-0.03,-0.39,-0.13,4.74, , , , , ,743.8,742.5,900.0,300.0, , , , , ,, , , , , 
09:42:08,-0.35,0.38,-0.23,0.6,0.58,-0.48,0.63,0.97,-0.33,-0.08,5.77, , , , , ,742.5,742.37,200.0,3500.0, , , , , ,, , , , , 
09:42:11,-0.44,0.26,-0.21,0.47,0.29,-0.79,0.52,0.58,-0.33,-0.21,5.33, , , , , ,743.0,742.6,100.0,1300.0, , , , , ,, , , , , 
09:42:14,-0.54,0.06,-0.51,0.25,-0.02,-0.88,0.22,0.19,-0.22,-0.31,4.92, , , , , ,743.79,742.52,200.0,400.0, , , , , ,, , , , , 
09:42:17,-0.71,-0.09,-0.94,-0.02,-0.23,-0.93,0.11,0.09,-0.25,-0.37,4.67, , , , , ,743.79,743.0,200.0,100.0, , , , , ,, , , , , 
09:42:20,-0.64,0.05,-0.64,0.18,-0.16,-0.94,0.3,0.31,-0.34,-0.34,4.73, , , , , ,743.68,743.0,400.0,400.0, , , , , ,, , , , , 
09:42:23,-0.79,-0.07,-0.8,0.1,0.01,-0.95,0.17,0.65,-0.62,-0.47,4.94, , , , , ,743.68,742.6,600.0,100.0, , , , , ,, , , , , 
09:42:26,-0.59,-0.17,-0.38,0.19,0.64,-0.73,0.1,1.5,-0.65,-0.8,5.61, , , , , ,742.6,742.58,100.0,200.0, , , , , ,, , , , , 
09:42:29,-0.44,-0.08,-0.29,0.3,0.24,-0.48,0.11,1.28,-0.54,-0.64,5.34, , , , , ,743.0,742.58,500.0,200.0, , , , , ,, , , , , 
09:42:32,-0.41,-0.03,-0.44,0.3,0.17,-0.43,0.07,1.42,-0.37,-0.46,5.41, , , , , ,743.0,742.52,300.0,400.0, , , , , ,, , , , , 
09:42:35,-0.39,0.02,-0.49,0.3,0.1,-0.5,0.1,1.44,-0.18,-0.35,5.33, , , , , ,743.0,742.61,400.0,100.0, , , , , ,, , , , , 
09:42:38,-0.43,-0.18,-0.5,0.19,0.16,-0.64,-0.19,1.48,-0.15,-0.55,5.3, , , , , ,743.0,742.61,600.0,100.0, , , , , ,, , , , , 
09:42:41,-0.42,-0.03,-0.44,0.18,0.41,-0.66,0.05,1.68,-0.16,-0.33,5.46, , , , , ,742.73,742.65,100.0,100.0, , , , , ,, , , , , 
09:42:44,-0.2,0.25,-0.21,0.43,0.33,-0.48,0.55,1.56,0.09,-0.24,5.38, , , , , ,743.0,742.61,500.0,100.0, , , , , ,, , , , , 
09:42:47,-0.23,0.23,-0.27,0.26,0.49,-0.55,0.47,1.69,0.14,-0.05,5.43, , , , , ,743.0,742.53,500.0,1100.0, , , , , ,, , , , , 
09:42:50,-0.3,0.11,-0.42,0.16,-0.13,-0.59,0.3,1.18,0.1,-0.13,4.81, , , , , ,743.5,743.0,300.0,305.0, , , , , ,, , , , , 
09:42:53,-0.37,0.02,-0.37,0.06,0.42,-0.62,0.15,1.86,-0.11,-0.15,5.31, , , , , ,743.0,742.73,300.0,5.0, , , , , ,, , , , , 
09:42:56,-0.36,-0.12,-0.36,-0.03,0.31,-0.52,0.05,1.9,-0.2,-0.38,5.12, , , , , ,743.0,742.89,400.0,100.0, , , , , ,, , , , , 
09:42:59,-0.33,0.04,-0.4,0.18,0.4,-0.41,0.05,2.21,-0.18,-0.12,5.38, , , , , ,743.0,742.73,500.0,400.0, , , , , ,, , , , , 
09:43:02,-0.05,0.17,-0.13,0.27,0.72,-0.18,0.29,2.69,0.16,-0.06,5.77, , , , , ,742.73,742.53,100.0,1200.0, , , , , ,, , , , , 
09:43:05,0.16,0.39,-0.06,0.33,0.49,0.04,0.59,2.64,0.49,0.25,5.39, , , , , ,742.99,742.53,100.0,300.0, , , , , ,, , , , , 
09:43:08,-0.07,0.18,-0.26,0.21,0.4,-0.36,0.19,2.61,0.41,0.14,5.17, , , , , ,742.99,742.73,100.0,2300.0, , , , , ,, , , , , 
09:43:11,-0.2,0.22,-0.48,0.24,0.02,-0.47,0.37,2.23,0.35,0.06,4.46, , , , , ,743.45,743.0,300.0,100.0, , , , , ,, , , , , 
09:43:14,-0.15,0.41,-0.49,0.39,0.09,-0.45,0.54,2.29,0.49,0.31,4.41, , , , , ,743.45,743.0,100.0,700.0, , , , , ,, , , , , 
09:43:17,-0.05,0.78,-0.47,0.62,0.32,-0.32,1.01,2.37,0.63,0.72,4.37, , , , , ,743.45,743.0,100.0,700.0, , , , , ,, , , , , 
09:43:20,0.03,0.75,-0.29,0.61,0.47,-0.46,1.01,2.52,0.83,0.65,4.25, , , , , ,743.45,743.0,100.0,200.0, , , , , ,, , , , , 
09:43:23,-0.21,0.44,-0.23,0.36,0.55,-0.48,0.39,2.65,0.08,0.58,4.12, , , , , ,743.44,743.0,500.0,100.0, , , , , ,, , , , , 
09:43:26,-0.16,0.24,-0.12,0.39,1.07,-0.19,0.16,3.2,-0.16,0.18,4.64, , , , , ,743.0,742.8,100.0,100.0, , , , , ,, , , , , 
09:43:29,-0.18,0.28,-0.07,0.48,1.14,-0.23,0.27,3.31,-0.24,0.1,4.75, , , , , ,743.0,742.8,100.0,100.0, , , , , ,, , , , , 
09:43:32,-0.41,-0.07,-0.27,0.18,1.27,-0.48,-0.07,3.38,-0.48,-0.31,5.13, , , , , ,743.0,742.73,2000.0,2100.0, , , , , ,, , , , , 
09:43:35,-0.55,-0.32,-0.37,-0.05,1.36,-0.76,-0.57,3.43,-0.52,-0.36,5.46, , , , , ,743.0,742.73,3300.0,2100.0, , , , , ,, , , , , 
09:43:38,-0.27,0.05,-0.24,0.24,1.4,-0.21,-0.1,3.54,-0.37,-0.0,5.31, , , , , ,743.0,742.74,1100.0,100.0, , , , , ,, , , , , 
09:43:41,-0.38,0.14,-0.29,0.24,1.1,-0.34,-0.04,3.3,-0.51,0.23,5.07, , , , , ,743.23,743.0,200.0,600.0, , , , , ,, , , , , 
09:43:44,-0.42,0.09,-0.37,0.12,1.15,-0.44,0.14,3.46,-0.44,0.02,5.08, , , , , ,743.22,743.0,500.0,800.0, , , , , ,, , , , , 
09:43:47,-0.24,0.06,-0.34,0.04,1.22,-0.31,0.21,3.5,-0.05,-0.08,5.08, , , , , ,743.22,743.0,500.0,800.0, , , , , ,, , , , , 
09:43:50,-0.01,0.31,-0.12,0.41,1.26,-0.08,0.36,3.38,0.18,0.16,5.16, , , , , ,743.23,743.14,200.0,300.0, , , , , ,, , , , , 
09:43:53,0.09,0.56,-0.28,0.45,1.38,0.06,0.79,3.26,0.49,0.45,5.25, , , , , ,743.23,743.22,200.0,700.0, , , , , ,, , , , , 
09:43:56,-0.03,0.5,-0.4,0.36,1.6,-0.08,0.79,3.3,0.38,0.37,5.31, , , , , ,743.2,743.14,200.0,300.0, , , , , ,, , , , , 
09:43:59,-0.23,0.22,-0.37,0.17,1.87,-0.36,-0.06,3.5,0.05,0.57,5.38, , , , , ,743.23,743.0,9300.0,3500.0, , , , , ,, , , , , 
09:44:02,-0.29,0.2,-0.44,0.27,2.0,-0.43,-0.04,3.58,-0.01,0.36,5.32, , , , , ,743.23,743.06,9000.0,300.0, , , , , ,, , , , , 
09:44:05,-0.34,0.17,-0.41,0.26,2.01,-0.54,-0.06,3.63,-0.07,0.32,5.2, , , , , ,743.23,743.22,8000.0,300.0, , , , , ,, , , , , 
09:44:08,-0.36,0.09,-0.5,0.2,2.4,-0.49,-0.08,4.02,-0.09,0.15,5.49, , , , , ,743.02,743.01,700.0,700.0, , , , , ,, , , , , 
09:44:11,0.07,0.77,-0.19,0.58,2.23,0.06,0.69,3.71,0.34,1.05,5.07, , , , , ,743.23,743.22,1800.0,2800.0, , , , , ,, , , , , 
09:44:14,0.45,1.18,-0.13,0.75,1.96,0.36,1.27,3.34,1.11,1.52,4.77, , , , , ,743.49,743.45,100.0,1705.0, , , , , ,, , , , , 
09:44:17,0.36,1.24,-0.11,0.8,2.05,0.33,1.38,3.29,0.87,1.55,4.68, , , , , ,743.49,743.43,100.0,1300.0, , , , , ,, , , , , 
09:44:20,0.37,1.15,-0.16,0.64,1.92,0.36,1.4,2.97,0.9,1.42,4.29, , , , , ,743.68,743.67,900.0,100.0, , , , , ,, , , , , 
09:44:23,0.22,1.19,-0.04,0.79,2.04,0.24,1.38,3.02,0.45,1.41,4.33, , , , , ,743.68,743.67,1300.0,500.0, , , , , ,, , , , , 
09:44:26,0.35,1.42,0.16,0.94,2.12,0.35,1.7,3.04,0.54,1.61,4.18, , , , , ,743.7,743.69,100.0,5200.0, , , , , ,, , , , , 
09:44:29,0.81,1.94,0.61,1.48,2.17,0.84,2.34,3.02,0.97,1.99,4.1,500.0,743.8,0.0,0.0,0.0,743.8,743.7,300.0,100.0, , , ,2018-05-21 09:44:29.746000,2018-05-21 09:44:29.746000,, , ,CANCELED, , 
09:44:32,0.84,1.92,0.52,1.45,2.05,0.82,2.39,2.93,1.2,1.93,3.94,500.0,743.9,743.9,300.0,300.0,743.9,743.8,200.0,600.0, ,-1.31, ,2018-05-21 09:44:33.045000,2018-05-21 09:44:33.045000,, , ,CANCELED, , 
09:44:35,0.89,1.93,0.63,1.31,1.98,0.81,2.35,2.86,1.22,2.15,3.79, , , , , ,743.99,743.9,300.0,200.0, , , , , ,, , , , , 
09:44:38,0.77,1.88,0.54,1.32,2.08,0.64,2.26,2.85,1.14,2.06,3.78, , , , , ,744.0,743.9,1819.0,100.0, , , , , ,, , , , , 
09:44:41,0.6,1.78,0.44,1.2,2.25,0.53,2.06,3.0,0.85,2.06,3.84, , , , , ,744.0,743.8,419.0,100.0, , , , , ,, , , , , 
09:44:44,0.77,1.93,0.71,1.33,2.31,0.66,2.41,2.99,0.95,2.04,3.72, , , , , ,744.0,743.92,319.0,4400.0, , , , , ,, , , , , 
09:44:47,0.87,2.13,0.66,1.49,2.24,0.72,2.42,2.92,1.22,2.49,3.54, , , , , ,744.1,744.0,100.0,2881.0, , , , , ,, , , , , 
09:44:50,0.94,2.11,0.78,1.42,2.08,0.84,2.42,2.92,1.21,2.5,3.33,500.0,744.2,0.0,0.0,300.0,744.2,744.1,100.0,1000.0, , , ,2018-05-21 09:44:50.686000,2018-05-21 09:44:50.686000,, , ,CANCELED, , 
09:44:53,0.88,2.05,0.8,1.4,1.76,0.78,2.38,2.75,1.06,2.36,2.93, , , , , ,744.39,744.3,100.0,1500.0, , , , , ,, , , , , 
09:44:56,0.85,1.9,0.79,1.35,1.59,0.63,2.15,2.73,1.12,2.19,2.68, , , , , ,744.5,744.39,700.0,800.0, , , , , ,, , , , , 
09:44:59,0.82,1.84,0.88,1.39,1.62,0.53,2.1,2.77,1.04,2.04,2.51, , , , , ,744.63,744.39,300.0,100.0, , , , , ,, , , , , 
09:45:02,0.75,1.8,0.75,1.41,1.46,0.57,2.05,2.58,0.93,1.94,2.19, , , , , ,744.99,744.45,100.0,300.0, , , , , ,, , , , , 
09:45:05,0.92,1.93,0.88,1.52,1.46,0.77,2.32,2.46,1.11,1.93,1.9, , , , , ,744.99,744.69,100.0,100.0, , , , , ,, , , , , 
09:45:08,0.75,1.79,0.77,1.39,1.59,0.59,2.26,2.54,0.89,1.72,1.82, , , , , ,744.99,744.65,200.0,1400.0, , , , , ,, , , , , 
09:45:11,0.67,1.69,0.67,1.26,1.57,0.42,1.86,2.61,0.94,1.95,1.65, , , , , ,744.98,744.65,500.0,800.0, , , , , ,, , , , , 
09:45:14,0.6,1.87,0.55,1.56,1.23,0.33,2.01,2.37,0.93,2.02,1.1, , , , , ,745.08,745.0,100.0,400.0, , , , , ,, , , , , 
09:45:17,0.83,2.0,0.75,1.6,1.16,0.66,2.2,2.46,1.09,2.21,0.97, , , , , ,745.08,745.0,100.0,700.0, , , , , ,, , , , , 
09:45:20,0.82,1.97,0.81,1.58,1.14,0.64,2.32,2.44,1.0,2.01,0.82, , , , , ,745.08,745.0,100.0,600.0, , , , , ,, , , , , 
09:45:23,0.7,1.85,0.5,1.35,0.83,0.61,2.02,2.03,1.0,2.19,0.22, , , , , ,745.39,745.2,100.0,500.0, , , , , ,, , , , , 
09:45:26,0.54,1.65,0.53,1.28,0.77,0.43,1.71,1.84,0.66,1.95,-0.24, , , , , ,745.56,745.2,1000.0,500.0, , , , , ,, , , , , 
09:45:29,0.58,1.52,0.57,1.19,0.84,0.52,1.56,1.84,0.66,1.79,-0.54, , , , , ,745.56,745.2,900.0,300.0, , , , , ,, , , , , 
09:45:32,0.59,1.53,0.67,1.44,0.85,0.47,1.6,1.86,0.62,1.56,-0.88, , , , , ,745.58,745.2,100.0,300.0, , , , , ,, , , , , 
09:45:35,0.2,1.15,0.51,0.99,0.97,0.08,1.23,1.9,0.03,1.23,-0.72, , , , , ,745.5,745.2,500.0,200.0, , , , , ,, , , , , 
09:45:38,-0.14,0.71,0.21,0.79,0.71,-0.18,0.6,1.61,-0.46,0.73,-0.77, , , , , ,745.58,745.5,100.0,500.0, , , , , ,, , , , , 
09:45:41,0.08,0.81,0.34,0.78,0.57,0.08,0.78,1.4,-0.19,0.87,-0.79, , , , , ,745.8,745.6,400.0,700.0, , , , , ,, , , , , 
09:45:44,-0.1,0.71,0.25,0.83,0.65,-0.11,0.66,1.47,-0.45,0.65,-0.54, , , , , ,745.8,745.6,400.0,200.0, , , , , ,, , , , , 
09:45:47,-0.09,0.69,0.13,0.6,0.58,-0.19,0.69,1.35,-0.22,0.79,-0.54, , , , , ,746.0,745.58,200.0,300.0, , , , , ,, , , , , 
09:45:50,-0.01,1.02,0.23,0.9,0.9,-0.09,0.97,1.56,-0.18,1.18,-0.24, , , , , ,745.69,745.62,200.0,100.0, , , , , ,, , , , , 
09:45:53,-0.12,0.75,0.11,0.76,1.02,-0.14,0.78,1.57,-0.34,0.71,-0.2, , , , , ,745.69,745.58,200.0,100.0, , , , , ,, , , , , 
09:45:56,-0.58,0.31,-0.05,0.5,1.27,-0.55,0.34,1.64,-1.15,0.1,-0.01, , , , , ,745.56,745.5,100.0,500.0, , , , , ,, , , , , 
09:45:59,-0.64,0.1,-0.13,0.09,1.18,-0.66,0.2,1.56,-1.13,-0.0,-0.44, , , , , ,745.8,745.58,100.0,100.0, , , , , ,, , , , , 
09:46:02,-0.68,0.29,-0.36,0.41,0.85,-0.64,0.21,1.21,-1.04,0.26,-1.1, , , , , ,746.02,746.0,100.0,1400.0, , , , , ,, , , , , 
09:46:05,-0.53,0.37,-0.32,0.49,0.91,-0.58,0.17,1.03,-0.68,0.46,-1.31, , , , , ,746.0,745.99,600.0,1300.0, , , , , ,, , , , , 
09:46:08,-0.63,0.31,-0.4,0.5,0.95,-0.88,0.15,0.93,-0.61,0.28,-1.71, , , , , ,746.02,746.0,100.0,300.0, , , , , ,, , , , , 
09:46:11,-0.56,0.19,-0.38,0.27,1.01,-0.83,0.06,0.72,-0.45,0.23,-1.92, , , , , ,746.02,745.99,100.0,100.0, , , , , ,, , , , , 
09:46:14,-0.98,-0.15,-0.72,0.04,1.17,-1.12,-0.37,0.76,-1.09,-0.13,-2.02, , , , , ,746.02,745.85,100.0,900.0, , , , , ,, , , , , 
09:46:17,-1.02,-0.35,-0.65,-0.06,1.35,-1.07,-0.34,0.82,-1.36,-0.66,-2.02,-300.0,745.85,745.85,-300.0,0.0,745.87,745.85,100.0,900.0,321.61,1.44, ,2018-05-21 09:46:17.764000,2018-05-21 09:46:17.764000,, , ,FILLED,223511.4000343495,223189.79257125856
09:46:20,-1.27,-0.52,-0.77,-0.2,1.38,-1.3,-0.32,0.75,-1.73,-1.04,-1.96, , , , , ,745.85,745.8,600.0,100.0, , , , , ,, , , , , 
09:46:23,-1.26,-0.56,-0.81,-0.3,1.18,-1.27,-0.51,0.47,-1.71,-0.87,-2.08, , , , , ,745.96,745.9,200.0,600.0, , , , , ,, , , , , 
09:46:26,-1.12,-0.41,-0.75,-0.17,0.95,-1.24,-0.37,0.4,-1.37,-0.69,-2.21, , , , , ,746.1,746.0,500.0,1100.0, , , , , ,, , , , , 
09:46:29,-0.81,-0.08,-0.52,0.03,1.0,-1.07,-0.07,0.56,-0.85,-0.2,-2.15, , , , , ,746.02,746.0,300.0,3300.0, , , , , ,, , , , , 
09:46:32,-0.69,0.02,-0.38,0.1,1.02,-0.99,0.02,0.9,-0.69,-0.06,-2.21, , , , , ,746.02,746.0,400.0,3300.0, , , , , ,, , , , , 
09:46:35,-0.68,0.05,-0.53,-0.04,0.96,-1.05,-0.1,1.18,-0.44,0.29,-2.33, , , , , ,746.1,746.0,500.0,1300.0, , , , , ,, , , , , 
09:46:38,-0.66,0.16,-0.48,0.18,0.69,-1.02,0.01,0.79,-0.46,0.29,-2.58, , , , , ,746.28,746.18,400.0,200.0, , , , , ,, , , , , 
09:46:41,-0.29,0.42,-0.44,0.28,1.0,-0.77,0.14,1.19,0.33,0.84,-2.18, , , , , ,746.0,745.99,200.0,3800.0, , , , , ,, , , , , 
09:46:44,-0.18,0.54,-0.33,0.43,0.74,-0.78,0.17,0.86,0.58,1.0,-2.39, , , , , ,746.3,746.18,100.0,400.0, , , , , ,, , , , , 
09:46:47,-0.14,0.55,-0.19,0.41,0.72,-0.68,0.34,0.83,0.43,0.92,-2.39, , , , , ,746.5,746.02,3300.0,900.0, , , , , ,, , , , , 
09:46:50,-0.04,0.71,-0.18,0.57,0.58,-0.5,0.52,0.84,0.54,1.04,-2.58, , , , , ,746.5,746.28,2900.0,100.0, , , , , ,, , , , , 
09:46:53,0.33,1.02,0.08,0.7,0.55,-0.12,0.89,0.98,1.04,1.47,-2.85, , , , , ,746.5,746.3,2600.0,100.0, , , , , ,, , , , , 
09:46:56,0.46,1.24,0.16,0.95,0.28,0.01,1.16,0.78,1.21,1.63,-3.09, , , , , ,746.58,746.5,100.0,600.0, , , , , ,, , , , , 
09:46:59,0.66,1.43,0.36,1.01,0.39,0.2,1.47,0.72,1.41,1.8,-3.09, , , , , ,746.64,746.5,100.0,5100.0, , , , , ,, , , , , 
09:47:02,0.51,1.28,0.43,0.96,0.2,-0.06,1.2,0.45,1.17,1.7,-3.69, , , , , ,746.94,746.58,100.0,100.0, , , , , ,, , , , , 
09:47:05,0.43,1.04,0.35,0.82,0.08,-0.11,0.9,0.52,1.04,1.4,-3.8, , , , , ,746.9,746.5,100.0,6400.0, , , , , ,, , , , , 
09:47:08,0.31,1.04,0.19,0.89,0.06,-0.36,0.87,0.59,1.1,1.36,-4.13, , , , , ,746.8,746.5,100.0,5300.0, , , , , ,, , , , , 
09:47:11,0.33,1.13,0.32,1.04,-0.28,-0.17,0.89,0.32,0.84,1.47,-4.66, , , , , ,746.98,746.53,300.0,100.0, , , , , ,, , , , , 
09:47:14,0.2,1.0,0.39,0.96,-0.57,-0.27,0.75,0.12,0.47,1.27,-4.81, , , , , ,746.98,746.88,200.0,100.0, , , , , ,, , , , , 
09:47:17,0.21,0.94,0.21,0.83,-0.57,-0.18,0.65,0.05,0.6,1.33,-4.83, , , , , ,747.0,746.8,700.0,100.0, , , , , ,, , , , , 
09:47:20,0.42,1.2,0.42,1.25,-0.7,0.01,0.92,-0.04,0.83,1.45,-4.86, , , , , ,747.3,746.5,300.0,4500.0, , , , , ,, , , , , 
09:47:23,0.46,1.22,0.51,1.12,-0.55,0.01,0.92,0.28,0.86,1.61,-4.42, , , , , ,746.88,746.5,100.0,5500.0, , , , , ,, , , , , 
09:47:26,0.24,0.94,0.31,0.95,-0.53,-0.21,0.52,0.08,0.63,1.36,-4.38, , , , , ,746.98,746.5,1400.0,5300.0, , , , , ,, , , , , 
09:47:29,0.06,0.73,0.1,0.78,-0.34,-0.21,0.3,0.17,0.3,1.1,-4.04, , , , , ,746.86,746.5,100.0,5200.0, , , , , ,, , , , , 
09:47:32,-0.15,0.39,-0.02,0.55,-0.34,-0.43,0.14,-0.2,0.01,0.47,-4.21, , , , , ,746.98,746.87,1300.0,1000.0, , , , , ,, , , , , 
09:47:35,-0.19,0.28,-0.11,0.4,0.22,-0.36,-0.06,0.01,-0.09,0.5,-4.15, , , , , ,746.82,746.7,100.0,100.0, , , , , ,, , , , , 
09:47:38,-0.39,0.19,-0.39,0.21,0.18,-0.56,-0.06,0.1,-0.21,0.44,-4.11, , , , , ,746.88,746.5,200.0,4200.0, , , , , ,, , , , , 
09:47:41,-0.35,0.17,-0.31,0.17,0.38,-0.53,-0.11,0.22,-0.21,0.44,-4.02, , , , , ,746.7,746.5,200.0,4100.0, , , , , ,, , , , , 
09:47:44,-0.51,0.03,-0.57,0.01,-0.04,-0.78,-0.2,-0.24,-0.18,0.27,-4.3, , , , , ,746.95,746.88,400.0,200.0, , , , , ,, , , , , 
09:47:47,-0.5,0.11,-0.43,0.0,-0.14,-0.78,-0.18,-0.4,-0.3,0.49,-3.94, , , , , ,747.0,746.97,1400.0,100.0, , , , , ,, , , , , 
09:47:50,-0.56,0.04,-0.52,0.03,0.43,-0.71,-0.21,-0.09,-0.46,0.3,-3.25, , , , , ,746.88,746.51,200.0,900.0, , , , , ,, , , , , 
09:47:53,-0.53,-0.01,-0.65,-0.07,0.58,-0.58,-0.22,-0.23,-0.36,0.26,-3.11, , , , , ,746.88,746.51,100.0,700.0, , , , , ,, , , , , 
09:47:56,-0.55,0.03,-0.65,-0.01,0.35,-0.74,-0.12,-0.55,-0.24,0.22,-3.1, , , , , ,747.0,746.71,600.0,100.0, , , , , ,, , , , , 
09:47:59,-0.29,0.19,-0.25,0.12,0.47,-0.58,0.0,-0.51,-0.03,0.44,-2.97, , , , , ,747.0,746.51,400.0,300.0, , , , , ,, , , , , 
09:48:02,-0.3,0.29,-0.58,0.09,-0.05,-0.52,0.02,-1.05,0.19,0.76,-3.63, , , , , ,747.27,747.0,2000.0,900.0, , , , , ,, , , , , 
09:48:05,-0.4,0.05,-0.68,-0.12,0.26,-0.54,-0.12,-0.87,0.02,0.39,-3.69, , , , , ,747.0,746.8,1400.0,300.0, , , , , ,, , , , , 
09:48:08,-0.58,-0.06,-0.86,-0.18,1.11,-0.74,-0.13,-0.11,-0.12,0.14,-3.36, , , , , ,746.5,746.02,500.0,300.0, , , , , ,, , , , , 
09:48:11,-0.52,-0.0,-0.7,-0.12,0.65,-0.65,-0.04,-0.63,-0.23,0.16,-4.21, , , , , ,747.0,746.02,400.0,300.0, , , , , ,, , , , , 
09:48:14,-0.67,-0.1,-0.91,-0.19,0.68,-0.78,-0.14,-0.86,-0.33,0.02,-4.58, , , , , ,746.99,746.02,3300.0,300.0, , , , , ,, , , , , 
09:48:17,-0.85,-0.23,-1.06,-0.32,0.28,-0.86,-0.25,-1.3,-0.64,-0.12,-4.88, , , , , ,746.97,746.5,100.0,700.0, , , , , ,, , , , , 
09:48:20,-0.8,-0.12,-0.98,-0.23,0.98,-0.92,-0.07,-0.66,-0.5,-0.08,-4.06, , , , , ,746.26,746.02,100.0,100.0, , , , , ,, , , , , 
09:48:23,-0.9,-0.18,-1.01,-0.25,1.02,-0.98,-0.32,-0.91,-0.72,0.03,-4.04, , , , , ,746.25,746.02,600.0,200.0, , , , , ,, , , , , 
09:48:26,-0.77,-0.13,-0.89,-0.16,0.91,-0.83,-0.26,-1.24,-0.57,0.05,-4.0, , , , , ,746.25,746.0,200.0,3800.0, , , , , ,, , , , , 
09:48:29,-0.73,-0.12,-1.06,-0.27,-0.26,-0.9,-0.29,-2.7,-0.24,0.2,-5.16, , , , , ,747.0,746.99,3900.0,900.0, , , , , ,, , , , , 
09:48:32,-0.44,0.2,-0.73,0.1,0.43,-0.67,0.22,-2.31,0.1,0.26,-4.55, , , , , ,746.92,746.0,300.0,4100.0, , , , , ,, , , , , 
09:48:35,-0.24,0.4,-0.58,0.38,-0.48,-0.3,0.44,-3.1,0.16,0.39,-5.54, , , , , ,747.25,747.0,100.0,800.0, , , , , ,, , , , , 
09:48:38,-0.29,0.1,-0.88,0.1,-0.49,-0.28,0.03,-2.9,0.27,0.17,-5.73, , , , , ,747.25,747.0,100.0,300.0, , , , , ,, , , , , 
09:48:41,-0.21,-0.01,-0.44,0.07,0.24,-0.24,-0.14,-1.96,0.05,0.03,-5.2, , , , , ,746.9,746.25,2200.0,400.0, , , , , ,, , , , , 
09:48:44,-0.11,0.33,-0.34,0.43,0.04,-0.2,0.45,-1.88,0.19,0.12,-5.47, , , , , ,746.9,746.5,1200.0,700.0, , , , , ,, , , , , 
09:48:47,-0.21,0.2,-0.38,0.2,-0.59,-0.2,0.18,-2.33,-0.04,0.23,-6.09, , , , , ,747.26,747.0,1100.0,500.0, , , , , ,, , , , , 
09:48:50,-0.03,0.46,-0.12,0.64,-0.67,-0.03,0.48,-2.21,0.04,0.26,-6.15, , , , , ,747.26,747.0,1100.0,300.0, , , , , ,, , , , , 
09:48:53,0.47,0.76,0.54,0.78,-0.81,0.29,0.84,-2.2,0.58,0.66,-6.22, , , , , ,747.26,747.0,1200.0,5100.0, , , , , ,, , , , , 
09:48:56,0.44,0.7,0.37,0.81,-0.91,0.24,0.71,-2.15,0.7,0.58,-6.26, , , , , ,747.25,747.0,100.0,4200.0, , , , , ,, , , , , 
09:48:59,0.41,0.67,0.57,0.96,-0.95,0.23,0.56,-2.31,0.43,0.51,-6.37, , , , , ,747.18,747.0,600.0,9200.0, , , , , ,, , , , , 
09:49:02,0.47,0.87,0.49,1.07,-0.99,0.55,0.76,-2.54,0.38,0.78,-6.4, , , , , ,747.18,747.0,500.0,9000.0, , , , , ,, , , , , 
09:49:05,0.34,0.64,0.21,0.77,-1.12,0.23,0.65,-2.78,0.58,0.51,-6.42, , , , , ,747.18,747.0,500.0,8300.0, , , , , ,, , , , , 
09:49:08,0.1,0.3,-0.07,0.45,-1.23,-0.12,0.17,-3.15,0.49,0.29,-5.98, , , , , ,747.19,747.0,400.0,4700.0, , , , , ,, , , , , 
09:49:11,-0.33,0.1,-0.51,0.22,-1.41,-0.45,-0.17,-3.37,-0.03,0.26,-5.62, , , , , ,747.19,747.0,400.0,1000.0, , , , , ,, , , , , 
09:49:14,-0.38,0.1,-0.55,0.22,-1.1,-0.52,-0.28,-3.02,-0.08,0.34,-4.69, , , , , ,746.76,746.61,100.0,2000.0, , , , , ,, , , , , 
09:49:17,-0.29,0.2,-0.51,0.16,-1.9,-0.53,-0.02,-3.79,0.18,0.48,-5.0, , , , , ,747.19,747.18,400.0,100.0, , , , , ,, , , , , 
09:49:20,-0.51,-0.19,-0.73,-0.13,-1.54,-0.78,-0.54,-3.27,-0.01,0.08,-4.83, , , , , ,747.0,746.61,600.0,2000.0, , , , , ,, , , , , 
09:49:23,-0.66,-0.14,-0.72,-0.06,-1.81,-0.92,-0.25,-3.25,-0.34,-0.1,-5.05, , , , , ,747.0,746.61,700.0,2000.0, , , , , ,, , , , , 
09:49:26,-0.84,-0.3,-0.85,-0.21,-2.15,-1.02,-0.29,-3.22,-0.65,-0.39,-5.29, , , , , ,746.99,746.61,400.0,1900.0, , , , , ,, , , , , 
09:49:29,-1.02,-0.36,-1.09,-0.36,-2.44,-1.13,-0.42,-3.21,-0.83,-0.31,-5.51, , , , , ,746.99,746.61,200.0,1900.0, , , , , ,, , , , , 
09:49:32,-1.09,-0.48,-1.13,-0.37,-2.76,-1.21,-0.63,-3.26,-0.93,-0.43,-5.49, , , , , ,746.98,746.61,2000.0,1800.0, , , , , ,, , , , , 
09:49:35,-1.13,-0.46,-1.06,-0.43,-2.56,-1.18,-0.58,-3.24,-1.14,-0.38,-5.37, , , , , ,746.83,746.62,100.0,2400.0, , , , , ,, , , , , 
09:49:38,-1.1,-0.52,-1.03,-0.5,-2.37,-1.12,-0.63,-3.24,-1.15,-0.43,-5.35, , , , , ,746.83,746.62,100.0,1200.0, , , , , ,, , , , , 
09:49:41,-1.15,-0.53,-1.07,-0.52,-2.25,-1.19,-0.65,-3.25,-1.2,-0.42,-5.44, , , , , ,746.97,746.62,300.0,1200.0, , , , , ,, , , , , 
09:49:44,-1.02,-0.45,-1.07,-0.43,-2.0,-1.19,-0.62,-3.12,-0.8,-0.31,-5.44, , , , , ,746.97,746.61,100.0,300.0, , , , , ,, , , , , 
09:49:47,-1.18,-0.54,-1.3,-0.45,-1.65,-1.21,-0.71,-2.86,-1.05,-0.46,-5.21, , , , , ,746.62,746.61,400.0,300.0, , , , , ,, , , , , 
09:49:50,-1.08,-0.53,-1.14,-0.44,-1.45,-1.13,-0.76,-2.8,-0.96,-0.4,-5.05, , , , , ,746.61,746.5,1800.0,700.0, , , , , ,, , , , , 
09:49:53,-1.18,-0.53,-1.22,-0.42,-1.43,-1.23,-0.65,-3.06,-1.09,-0.51,-4.98, , , , , ,746.61,746.5,2500.0,600.0, , , , , ,, , , , , 
09:49:56,-1.13,-0.46,-1.27,-0.43,-1.15,-1.13,-0.58,-2.88,-0.98,-0.38,-4.67, , , , , ,746.5,746.26,100.0,300.0, , , , , ,, , , , , 
09:49:59,-1.17,-0.4,-1.19,-0.47,-1.23,-1.14,-0.46,-2.71,-1.17,-0.25,-4.47, , , , , ,746.3,746.26,100.0,100.0, , , , , ,, , , , , 
09:50:02,-1.14,-0.3,-1.2,-0.47,-1.5,-1.17,-0.31,-3.08,-1.06,-0.11,-4.56, , , , , ,746.61,746.0,1800.0,2300.0, , , , , ,, , , , , 
09:50:05,-0.89,-0.11,-0.84,-0.16,-1.92,-1.01,-0.23,-3.46,-0.83,0.06,-4.83, , , , , ,746.9,746.0,1000.0,2300.0, , , , , ,, , , , , 
09:50:08,-0.61,0.01,-0.72,-0.09,-1.66,-0.67,-0.09,-3.23,-0.42,0.2,-4.2, , , , , ,746.0,745.96,600.0,100.0, , , , , ,, , , , , 
09:50:11,-0.65,0.05,-0.71,0.0,-1.88,-0.65,-0.01,-3.63,-0.59,0.15,-4.27, , , , , ,746.0,745.96,1300.0,100.0, , , , , ,, , , , , 
09:50:14,-0.74,0.08,-0.94,-0.02,-1.77,-0.82,0.02,-3.23,-0.45,0.24,-3.95, , , , , ,745.9,745.6,1100.0,100.0, , , , , ,, , , , , 
09:50:17,-0.57,0.25,-0.74,0.04,-1.86,-0.59,0.42,-3.29,-0.37,0.28,-3.92, , , , , ,745.89,745.6,100.0,100.0, , , , , ,, , , , , 
09:50:20,-0.53,0.32,-0.89,0.16,-1.62,-0.6,0.36,-3.09,-0.1,0.43,-3.75, , , , , ,745.79,745.36,1000.0,100.0, , , , , ,, , , , , 
09:50:23,-0.3,0.57,-0.48,0.44,-1.53,-0.38,0.61,-2.85,-0.04,0.65,-3.67, , , , , ,745.68,745.36,100.0,100.0, , , , , ,, , , , , 
09:50:26,-0.36,0.57,-0.55,0.54,-0.8,-0.59,0.46,-2.04,0.05,0.7,-2.96, , , , , ,745.0,744.99,700.0,100.0, , , , , ,, , , , , 
09:50:29,-0.33,0.48,-0.42,0.46,-0.39,-0.57,0.44,-1.4,0.0,0.53,-2.56, , , , , ,745.0,744.4,700.0,100.0, , , , , ,, , , , , 
09:50:32,-0.47,0.36,-0.67,0.28,-0.46,-0.77,0.31,-1.24,0.04,0.5,-2.56, , , , , ,745.0,744.4,800.0,100.0, , , , , ,, , , , , 
09:50:35,-0.47,0.49,-0.61,0.52,-0.32,-0.6,0.43,-1.18,-0.2,0.51,-2.35, , , , , ,744.7,744.39,300.0,4500.0, , , , , ,, , , , , 
09:50:38,-0.16,0.86,-0.23,0.81,-1.33,-0.34,1.03,-2.25,0.09,0.73,-3.37, , , , , ,745.6,745.0,200.0,11600.0, , , , , ,, , , , , 
09:50:41,-0.05,0.9,-0.13,0.75,-1.26,-0.24,0.93,-2.28,0.21,1.03,-3.35, , , , , ,745.6,745.0,100.0,10800.0, , , , , ,, , , , , 
09:50:44,-0.13,0.96,-0.23,0.76,-1.13,-0.45,0.98,-2.15,0.28,1.14,-3.34, , , , , ,745.6,745.0,100.0,10400.0, , , , , ,, , , , , 
09:50:47,0.03,0.95,0.15,0.73,-1.1,-0.3,1.16,-1.69,0.24,0.97,-3.35, , , , , ,745.6,745.0,100.0,10300.0, , , , , ,, , , , , 
09:50:50,-0.01,1.06,-0.24,0.87,-1.58,-0.29,1.24,-1.84,0.51,1.06,-3.82, , , , , ,745.68,745.6,100.0,800.0, , , , , ,, , , , , 
09:50:53,0.04,1.08,-0.23,0.88,-1.85,-0.19,1.24,-1.72,0.53,1.12,-3.85, , , , , ,745.7,745.6,100.0,700.0, , , , , ,, , , , , 
09:50:56,-0.17,0.83,-0.29,0.74,-1.5,-0.49,0.87,-1.09,0.27,0.87,-3.46, , , , , ,745.7,745.0,100.0,3700.0, , , , , ,, , , , , 
09:50:59,-0.49,0.56,-0.7,0.71,-1.6,-0.74,0.39,-1.22,-0.03,0.56,-3.58, , , , , ,745.9,745.0,705.0,100.0, , , , , ,, , , , , 
09:51:02,-0.46,0.56,-0.43,0.58,-1.33,-0.81,0.58,-0.77,-0.14,0.5,-3.04, , , , , ,745.0,744.99,500.0,100.0, , , , , ,, , , , , 
09:51:05,-0.35,0.49,-0.16,0.58,-1.46,-0.73,0.37,-1.07,-0.16,0.52,-2.92, , , , , ,745.0,744.9,500.0,300.0, , , , , ,, , , , , 
09:51:08,-0.26,0.55,-0.21,0.64,-1.48,-0.65,0.51,-1.23,0.08,0.49,-2.55, , , , , ,744.9,744.44,400.0,100.0, , , , , ,, , , , , 
09:51:11,-0.43,0.45,-0.47,0.35,-1.44,-0.63,0.48,-1.31,-0.18,0.53,-2.18, , , , , ,744.39,744.3,2800.0,500.0, , , , , ,, , , , , 
09:51:14,-0.74,0.26,-0.88,0.21,-1.35,-0.92,0.23,-1.7,-0.42,0.35,-2.19, , , , , ,744.39,744.3,2600.0,500.0, , , , , ,, , , , , 
09:51:17,-0.72,0.22,-0.74,0.18,-1.42,-0.84,0.15,-1.68,-0.58,0.34,-2.35, , , , , ,744.39,744.3,2500.0,100.0, , , , , ,, , , , , 
09:51:20,-0.78,0.24,-0.81,0.07,-1.48,-0.89,0.31,-1.7,-0.65,0.35,-2.49, , , , , ,744.39,744.35,2200.0,200.0, , , , , ,, , , , , 
09:51:23,-0.59,0.36,-0.49,0.21,-1.34,-0.72,0.51,-1.72,-0.56,0.35,-2.57, , , , , ,744.44,744.35,200.0,200.0, , , , , ,, , , , , 
09:51:26,-0.19,0.49,-0.15,0.43,-1.25,-0.37,0.65,-1.71,-0.04,0.39,-2.63, , , , , ,744.43,744.39,1200.0,4800.0, , , , , ,, , , , , 
09:51:29,-0.03,0.58,-0.07,0.51,-1.01,-0.17,0.78,-1.71,0.17,0.44,-2.63, , , , , ,744.43,744.39,1100.0,2800.0, , , , , ,, , , , , 
09:51:32,-0.39,0.42,-0.55,0.28,-0.86,-0.5,0.65,-1.81,-0.12,0.33,-2.65, , , , , ,744.43,744.39,1100.0,100.0, , , , , ,, , , , , 
09:51:35,-0.81,0.11,-1.03,0.11,-0.72,-0.79,0.2,-1.63,-0.61,0.03,-2.4, , , , , ,744.3,744.1,100.0,400.0, , , , , ,, , , , , 
09:51:38,-0.66,0.12,-0.82,0.13,-0.79,-0.72,0.22,-1.84,-0.45,0.01,-2.44, , , , , ,744.42,744.01,100.0,300.0, , , , , ,, , , , , 
09:51:41,-0.54,0.13,-0.71,0.22,-1.09,-0.62,0.16,-2.3,-0.29,0.03,-2.72, , , , , ,744.43,744.39,1100.0,100.0, , , , , ,, , , , , 
09:51:44,-0.59,0.19,-0.63,0.21,-1.26,-0.78,0.22,-2.73,-0.36,0.16,-3.08, , , , , ,744.89,744.39,800.0,100.0, , , , , ,, , , , , 
09:51:47,-0.72,0.19,-0.77,0.24,-0.7,-0.74,0.26,-2.65,-0.66,0.08,-3.04, , , , , ,744.89,744.23,800.0,800.0, , , , , ,, , , , , 
09:51:50,-0.66,0.14,-0.56,0.26,-0.06,-0.66,0.22,-2.39,-0.75,-0.06,-2.76, , , , , ,744.39,744.23,100.0,600.0, , , , , ,, , , , , 
09:51:53,-0.61,0.16,-0.51,0.29,0.05,-0.55,0.24,-2.49,-0.76,-0.05,-2.88, , , , , ,744.43,744.23,100.0,500.0, , , , , ,, , , , , 
09:51:56,-0.63,0.17,-0.46,0.35,0.88,-0.66,0.15,-1.94,-0.78,0.03,-2.4, , , , , ,744.1,743.67,2400.0,100.0, , , , , ,, , , , , 
09:51:59,-0.66,0.27,-0.45,0.4,0.17,-0.7,0.35,-2.79,-0.83,0.08,-3.17, , , , , ,744.43,744.39,100.0,2187.0, , , , , ,, , , , , 
09:52:02,-0.57,0.3,-0.39,0.35,0.02,-0.72,0.41,-2.83,-0.61,0.13,-3.26, , , , , ,744.43,744.39,100.0,1087.0, , , , , ,, , , , , 
09:52:05,-0.31,0.58,-0.1,0.79,1.12,-0.44,0.64,-1.38,-0.38,0.3,-1.87, , , , , ,743.39,743.24,613.0,100.0, , , , , ,, , , , , 
09:52:08,-0.13,0.65,-0.09,0.91,0.59,-0.32,0.69,-0.93,0.04,0.36,-1.91, , , , , ,743.39,743.24,13.0,100.0, , , , , ,, , , , , 
09:52:11,-0.42,0.5,-0.51,0.75,0.18,-0.57,0.49,-0.45,-0.19,0.27,-1.87, , , , , ,743.24,743.22,100.0,100.0, , , , , ,, , , , , 
09:52:14,-0.42,0.57,-0.51,0.72,-0.2,-0.49,0.66,-0.07,-0.25,0.32,-1.96, , , , , ,743.24,743.22,100.0,100.0, , , , , ,, , , , , 
09:52:17,-0.45,0.68,-0.56,0.87,-0.64,-0.55,0.75,-0.16,-0.25,0.43,-2.56, , , , , ,744.0,743.14,18.0,100.0, , , , , ,, , , , , 
09:52:20,-0.41,0.68,-0.47,0.73,-0.04,-0.55,0.8,0.08,-0.22,0.5,-2.13, , , , , ,743.18,743.09,100.0,100.0, , , , , ,, , , , , 
09:52:23,-0.48,0.59,-0.5,0.77,-0.02,-0.6,0.71,-0.15,-0.33,0.29,-2.25, , , , , ,743.18,743.09,100.0,100.0, , , , , ,, , , , , 
09:52:26,-0.55,0.59,-0.76,0.63,-0.8,-0.64,0.82,-1.19,-0.26,0.33,-3.15, , , , , ,744.39,743.08,118.0,100.0, , , , , ,, , , , , 
09:52:29,-0.43,0.62,-0.59,0.57,-1.0,-0.59,0.84,-1.62,-0.1,0.44,-3.46, , , , , ,744.39,743.39,118.0,300.0, , , , , ,, , , , , 
09:52:32,-0.35,0.75,-0.4,0.64,-1.12,-0.56,0.99,-1.61,-0.1,0.63,-3.54, , , , , ,744.39,743.39,118.0,200.0, , , , , ,, , , , , 
09:52:35,-0.52,0.77,-0.57,0.79,-0.81,-0.66,1.0,-1.17,-0.32,0.52,-3.22, , , , , ,744.1,743.08,100.0,1000.0, , , , , ,, , , , , 
09:52:38,-0.42,0.77,-0.45,0.83,-0.6,-0.51,0.98,-0.75,-0.31,0.49,-2.89, , , , , ,743.39,743.18,100.0,100.0, , , , , ,, , , , , 
09:52:41,-0.35,0.7,-0.34,0.63,-1.4,-0.5,0.97,-1.34,-0.22,0.5,-3.54, , , , , ,744.39,743.08,100.0,500.0, , , , , ,, , , , , 
09:52:44,-0.29,0.78,-0.39,0.76,-1.57,-0.49,1.01,-1.42,0.0,0.56,-3.65, , , , , ,744.39,743.18,100.0,200.0, , , , , ,, , , , , 
09:52:47,-0.52,0.76,-0.61,0.76,-1.88,-0.76,1.0,-1.69,-0.21,0.5,-3.92, , , , , ,744.89,743.08,618.0,100.0, , , , , ,, , , , , 
09:52:50,-0.85,0.72,-1.0,0.8,-2.84,-1.05,0.85,-2.5,-0.5,0.51,-4.86, , , , , ,744.89,744.41,618.0,100.0, , , , , ,, , , , , 
09:52:53,-1.02,0.64,-0.97,0.88,-2.9,-1.21,0.6,-2.42,-0.89,0.44,-4.83, , , , , ,744.89,744.39,618.0,100.0, , , , , ,, , , , , 
09:52:56,-0.88,0.74,-0.76,1.0,-2.35,-1.16,0.74,-1.74,-0.71,0.47,-4.23, , , , , ,744.89,743.5,618.0,200.0, , , , , ,, , , , , 
09:52:59,-0.71,0.67,-0.65,0.78,-3.13,-0.85,0.85,-2.3,-0.62,0.37,-4.86, , , , , ,744.89,744.43,618.0,100.0, , , , , ,, , , , , 
09:53:02,-1.0,0.26,-0.91,0.32,-3.14,-1.16,0.27,-2.34,-0.92,0.19,-4.81, , , , , ,744.88,744.41,100.0,200.0, , , , , ,, , , , , 
09:53:05,-0.74,0.48,-0.28,0.62,-2.55,-0.92,0.72,-1.8,-1.0,0.11,-4.14, , , , , ,744.88,743.5,100.0,200.0, , , , , ,, , , , , 
09:53:08,0.01,0.92,0.4,1.2,-0.62,0.12,1.05,-0.33,-0.5,0.51,-2.63, , , , , ,743.1,743.09,4700.0,200.0, , , , , ,, , , , , 
09:53:11,-0.38,0.81,0.09,1.17,-0.26,-0.5,0.81,-0.39,-0.75,0.45,-2.64, , , , , ,743.1,743.08,3400.0,600.0, , , , , ,, , , , , 
09:53:14,-0.49,0.69,-0.01,0.92,0.12,-0.36,0.67,-0.38,-1.1,0.47,-2.66, , , , , ,743.1,743.08,3200.0,600.0, , , , , ,, , , , , 
09:53:17,-0.32,0.72,0.12,0.93,0.53,-0.33,0.71,-0.32,-0.73,0.51,-2.62, , , , , ,743.1,743.02,3200.0,100.0, , , , , ,, , , , , 
09:53:20,-0.15,0.85,0.27,1.11,0.07,-0.26,0.78,-0.48,-0.46,0.65,-2.79, , , , , ,743.18,743.1,800.0,2500.0, , , , , ,, , , , , 
09:53:23,-0.14,0.86,0.16,1.04,-0.15,-0.26,0.91,-0.48,-0.31,0.65,-2.62, , , , , ,743.18,743.1,800.0,2800.0, , , , , ,, , , , , 
09:53:26,-0.07,0.83,0.27,0.95,-0.39,-0.27,0.87,-0.47,-0.21,0.66,-2.46, , , , , ,743.18,743.1,800.0,2800.0, , , , , ,, , , , , 
09:53:29,0.09,0.9,0.27,0.99,-0.61,-0.01,1.0,-0.48,0.02,0.71,-2.24, , , , , ,743.18,743.11,500.0,100.0, , , , , ,, , , , , 
09:53:32,0.2,1.01,0.32,1.07,-0.6,0.01,1.01,-0.47,0.27,0.96,-2.04, , , , , ,743.18,743.1,400.0,2500.0, , , , , ,, , , , , 
09:53:35,0.0,0.88,-0.06,0.87,-0.12,0.03,0.87,-0.02,0.03,0.88,-1.56, , , , , ,743.02,742.6,100.0,700.0, , , , , ,, , , , , 
09:53:38,-0.14,0.78,-0.17,0.69,-0.16,-0.14,0.76,-0.08,-0.1,0.9,-1.58, , , , , ,743.1,742.6,1300.0,700.0, , , , , ,, , , , , 
09:53:41,-0.13,0.69,-0.11,0.53,0.23,-0.07,0.77,0.33,-0.19,0.78,-1.33, , , , , ,742.6,742.52,300.0,1300.0, , , , , ,, , , , , 
09:53:44,-0.27,0.45,-0.39,0.36,0.23,-0.18,0.59,0.33,-0.23,0.4,-1.31, , , , , ,742.6,742.52,500.0,1300.0, , , , , ,, , , , , 
09:53:47,-0.55,0.39,-0.7,0.26,0.34,-0.41,0.62,0.43,-0.55,0.29,-1.25, , , , , ,742.6,742.37,400.0,2900.0, , , , , ,, , , , , 
09:53:50,-0.59,0.23,-0.71,0.11,0.07,-0.67,0.29,0.08,-0.39,0.28,-1.59, , , , , ,743.09,742.37,800.0,2800.0, , , , , ,, , , , , 
09:53:53,-0.61,0.26,-0.61,0.17,0.66,-0.64,0.39,0.58,-0.58,0.24,-1.06, , , , , ,742.4,742.3,2000.0,600.0, , , , , ,, , , , , 
09:53:56,-0.64,0.27,-0.64,0.3,0.74,-0.64,0.34,0.57,-0.64,0.17,-1.04, , , , , ,742.4,742.3,1600.0,600.0, , , , , ,, , , , , 
09:53:59,-0.55,0.47,-0.72,0.42,0.79,-0.6,0.59,0.57,-0.33,0.4,-0.96, , , , , ,742.4,742.3,1000.0,500.0, , , , , ,, , , , , 
09:54:02,-0.45,0.52,-0.66,0.43,0.85,-0.55,0.6,0.64,-0.15,0.53,-0.78, , , , , ,742.3,742.23,100.0,1000.0, , , , , ,, , , , , 
09:54:05,-0.37,0.53,-0.6,0.3,0.78,-0.3,0.65,0.69,-0.2,0.63,-0.68, , , , , ,742.3,742.23,100.0,500.0, , , , , ,, , , , , 
09:54:08,-0.37,0.55,-0.47,0.28,0.76,-0.55,0.61,0.65,-0.09,0.77,-0.65, , , , , ,742.29,742.28,918.0,500.0, , , , , ,, , , , , 
09:54:11,-0.83,0.56,-1.28,0.48,-1.2,-0.91,0.66,-1.31,-0.31,0.55,-2.49, , , , , ,744.39,743.0,200.0,882.0, , , , , ,, , , , , 
09:54:14,-0.92,0.81,-1.28,0.79,-0.74,-1.05,0.78,-0.86,-0.43,0.87,-2.0, , , , , ,744.38,742.34,1100.0,200.0, , , , , ,, , , , , 
09:54:17,-0.65,1.09,-0.99,0.93,-0.76,-0.64,1.19,-1.07,-0.33,1.15,-1.84, , , , , ,744.38,742.4,1100.0,100.0, , , , , ,, , , , , 
09:54:20,-0.62,1.11,-0.86,1.02,-0.77,-0.74,1.16,-1.12,-0.26,1.17,-1.58, , , , , ,744.38,742.33,900.0,82.0, , , , , ,, , , , , 
09:54:23,-0.36,1.04,-0.27,1.1,0.14,-0.63,1.1,-0.26,-0.19,0.9,-0.47, , , , , ,742.99,742.36,1500.0,100.0, , , , , ,, , , , , 
09:54:26,0.01,1.15,0.02,1.16,0.13,-0.07,1.22,-0.33,0.07,1.09,-0.2, , , , , ,742.99,742.4,1500.0,100.0, , , , , ,, , , , , 
09:54:29,-0.02,1.21,-0.1,1.29,0.16,0.11,1.21,-0.3,-0.08,1.11,-0.07, , , , , ,742.99,742.36,1500.0,100.0, , , , , ,, , , , , 
09:54:32,-0.32,1.0,-0.37,1.07,0.12,-0.29,1.08,-0.36,-0.29,0.84,0.01, , , , , ,742.99,742.41,1400.0,300.0, , , , , ,, , , , , 
09:54:35,-0.3,0.9,-0.15,1.05,0.12,-0.3,0.99,-0.38,-0.44,0.65,-0.17, , , , , ,742.99,742.41,1300.0,100.0, , , , , ,, , , , , 
09:54:38,-0.31,0.81,-0.12,0.97,-0.01,-0.38,0.91,-0.53,-0.44,0.55,-0.51, , , , , ,742.99,742.61,1200.0,100.0, , , , , ,, , , , , 
09:54:41,-0.22,0.84,-0.06,0.98,0.12,-0.23,1.02,-0.44,-0.36,0.5,-0.59, , , , , ,742.99,742.44,900.0,200.0, , , , , ,, , , , , 
09:54:44,-0.14,0.81,0.03,0.96,0.12,-0.15,0.95,-0.49,-0.3,0.51,-0.98, , , , , ,742.99,742.44,600.0,100.0, , , , , ,, , , , , 
09:54:47,-0.1,0.74,0.07,0.91,0.14,-0.18,0.87,-0.54,-0.18,0.43,-1.06, , , , , ,742.95,742.44,500.0,100.0, , , , , ,, , , , , 
09:54:50,-0.16,0.76,0.02,0.97,-0.01,-0.27,0.91,-0.74,-0.22,0.39,-1.39, , , , , ,742.95,742.65,500.0,100.0, , , , , ,, , , , , 
09:54:53,-0.17,0.74,-0.05,0.9,-0.2,-0.19,0.9,-0.99,-0.27,0.42,-1.72, , , , , ,742.95,742.9,500.0,600.0, , , , , ,, , , , , 
09:54:56,-0.26,0.7,-0.05,0.89,-0.2,-0.36,0.82,-1.1,-0.38,0.4,-1.7, , , , , ,742.95,742.9,500.0,700.0, , , , , ,, , , , , 
09:54:59,-0.28,0.73,-0.09,0.91,-0.23,-0.41,0.77,-1.21,-0.32,0.52,-1.7, , , , , ,742.99,742.9,600.0,700.0, , , , , ,, , , , , 
09:55:02,-0.07,0.75,0.05,0.92,-0.32,-0.13,0.83,-1.32,-0.13,0.5,-1.72, , , , , ,742.99,742.95,600.0,100.0, , , , , ,, , , , , 
09:55:05,-0.13,0.63,0.05,0.82,0.04,-0.09,0.7,-1.1,-0.36,0.36,-1.18, , , , , ,742.95,742.54,200.0,100.0, , , , , ,, , , , , 
09:55:08,-0.24,0.51,0.07,0.7,0.07,-0.25,0.54,-1.1,-0.54,0.27,-0.91, , , , , ,742.9,742.54,200.0,100.0, , , , , ,, , , , , 
09:55:11,-0.03,0.68,0.25,0.84,-0.34,-0.16,0.79,-1.52,-0.18,0.41,-1.0, , , , , ,742.99,742.95,600.0,100.0, , , , , ,, , , , , 
09:55:14,0.11,0.82,0.36,1.02,-0.07,0.1,0.93,-1.34,-0.14,0.49,-0.5, , , , , ,742.99,742.55,600.0,2800.0, , , , , ,, , , , , 
09:55:17,0.03,0.78,0.27,0.96,-0.24,-0.05,0.95,-1.5,-0.13,0.42,-0.52, , , , , ,743.0,742.55,4000.0,2400.0, , , , , ,, , , , , 
09:55:20,-0.15,0.57,0.14,0.77,-0.38,-0.36,0.61,-1.68,-0.24,0.33,-0.57, , , , , ,742.99,742.6,100.0,500.0, , , , , ,, , , , , 
09:55:23,-0.11,0.57,0.14,0.74,-0.39,-0.27,0.58,-1.77,-0.21,0.38,-0.57, , , , , ,742.99,742.55,100.0,2200.0, , , , , ,, , , , , 
09:55:26,-0.12,0.58,0.08,0.79,-0.46,-0.23,0.59,-1.9,-0.21,0.36,-0.64, , , , , ,742.99,742.6,100.0,200.0, , , , , ,, , , , , 
09:55:29,-0.15,0.58,-0.0,0.75,-0.47,-0.16,0.71,-2.0,-0.3,0.27,-0.65, , , , , ,743.0,742.6,2600.0,300.0, , , , , ,, , , , , 
09:55:32,-0.33,0.45,-0.07,0.69,-0.49,-0.49,0.54,-2.08,-0.42,0.11,-0.54, , , , , ,743.0,742.6,2600.0,200.0, , , , , ,, , , , , 
09:55:35,-0.26,0.55,0.06,0.77,-0.48,-0.46,0.62,-2.12,-0.39,0.26,-0.47, , , , , ,742.99,742.55,100.0,2500.0, , , , , ,, , , , , 
09:55:38,-0.28,0.44,-0.04,0.71,-0.53,-0.47,0.4,-2.24,-0.31,0.2,-0.4, , , , , ,742.99,742.6,200.0,200.0, , , , , ,, , , , , 
09:55:41,-0.28,0.47,-0.0,0.75,-0.56,-0.41,0.49,-2.29,-0.43,0.16,-0.46, , , , , ,743.0,742.6,2900.0,300.0, , , , , ,, , , , , 
09:55:44,-0.39,0.38,-0.04,0.67,-0.67,-0.58,0.37,-2.4,-0.56,0.1,-0.6, , , , , ,743.0,742.7,2900.0,100.0, , , , , ,, , , , , 
09:55:47,-0.41,0.33,-0.02,0.59,-0.66,-0.55,0.29,-2.32,-0.65,0.1,-0.52, , , , , ,743.0,742.57,2900.0,100.0, , , , , ,, , , , , 
09:55:50,-0.61,0.13,-0.25,0.47,-0.7,-0.72,-0.0,-2.34,-0.86,-0.07,-0.49, , , , , ,742.99,742.55,100.0,2298.0, , , , , ,, , , , , 
09:55:53,-0.68,-0.05,-0.3,0.34,-0.77,-0.75,-0.11,-2.31,-0.99,-0.39,-0.36, , , , , ,742.97,742.55,800.0,2098.0, , , , , ,, , , , , 
09:55:56,-0.67,-0.04,-0.28,0.3,-0.92,-0.77,-0.06,-2.34,-0.97,-0.37,-0.42, , , , , ,742.97,742.6,600.0,100.0, , , , , ,, , , , , 
09:55:59,-0.49,0.21,-0.14,0.56,-0.99,-0.67,0.17,-2.34,-0.65,-0.09,-0.44, , , , , ,742.97,742.6,600.0,200.0, , , , , ,, , , , , 
09:56:02,-0.58,0.05,-0.17,0.39,-1.07,-0.75,-0.07,-2.31,-0.81,-0.18,-0.56, , , , , ,742.96,742.6,400.0,100.0, , , , , ,, , , , , 
09:56:05,-0.47,0.09,-0.11,0.41,-0.9,-0.54,0.11,-2.0,-0.77,-0.25,-0.4, , , , , ,742.6,742.58,105.0,100.0, , , , , ,, , , , , 
09:56:08,-0.41,0.11,-0.16,0.48,-1.39,-0.5,0.12,-2.42,-0.56,-0.26,-0.88, , , , , ,742.96,742.91,200.0,95.0, , , , , ,, , , , , 
09:56:11,-0.53,0.11,-0.23,0.39,-1.25,-0.65,0.04,-2.21,-0.72,-0.1,-0.75, , , , , ,742.96,742.58,200.0,195.0, , , , , ,, , , , , 
09:56:14,-0.46,0.06,-0.16,0.37,-1.1,-0.61,-0.05,-1.99,-0.63,-0.15,-0.59, , , , , ,742.6,742.58,100.0,195.0, , , , , ,, , , , , 
09:56:17,-0.5,0.0,-0.16,0.32,-1.24,-0.57,-0.09,-1.98,-0.76,-0.22,-0.69, , , , , ,742.6,742.56,100.0,95.0, , , , , ,, , , , , 
09:56:20,-0.89,-0.28,-0.46,0.0,-1.21,-1.08,-0.41,-1.85,-1.13,-0.42,-0.62, , , , , ,742.5,742.4,3607.0,5300.0, , , , , ,, , , , , 
09:56:23,-1.03,-0.36,-0.7,-0.21,-1.33,-1.17,-0.43,-1.69,-1.23,-0.43,-0.64, , , , , ,742.5,742.4,2507.0,5200.0, , , , , ,, , , , , 
09:56:26,-1.01,-0.44,-0.64,-0.23,-1.43,-1.1,-0.67,-1.53,-1.28,-0.43,-0.72, , , , , ,742.5,742.4,2507.0,4600.0, , , , , ,, , , , , 
09:56:29,-1.14,-0.64,-0.77,-0.32,-1.52,-1.31,-0.83,-1.3,-1.34,-0.76,-0.79, , , , , ,742.5,742.4,2507.0,4300.0, , , , , ,, , , , , 
09:56:32,-1.32,-0.75,-0.93,-0.53,-1.61,-1.6,-0.85,-1.12,-1.44,-0.87,-0.88,-500.0,742.4,742.4,-500.0,-500.0,742.5,742.4,2207.0,2800.0, ,-1.31, ,2018-05-21 09:56:32.788000,2018-05-21 09:56:32.788000,, , ,FILLED, , 
09:56:35,-1.49,-0.89,-1.17,-0.7,-1.61,-1.73,-1.01,-1.0,-1.55,-0.96,-0.86,-300.0,742.38,742.38,-300.0,-800.0,742.4,742.38,500.0,100.0, ,-1.19, ,2018-05-21 09:56:35.696000,2018-05-21 09:56:35.696000,, , ,FILLED, , 
09:56:38,-1.54,-1.01,-1.05,-0.81,-1.68,-1.85,-1.21,-0.96,-1.71,-1.01,-0.87, , , , , ,742.39,742.37,100.0,1000.0, , , , , ,, , , , , 
09:56:41,-1.49,-1.08,-1.13,-0.91,-1.74,-1.72,-1.22,-1.1,-1.63,-1.12,-0.86,-400.0,742.38,0.0,-0.0,-800.0,742.4,742.38,1100.0,300.0, , , ,2018-05-21 09:56:41.718000,2018-05-21 09:56:41.718000,, , ,CANCELED, , 
09:56:44,-1.52,-1.13,-1.11,-0.86,-1.75,-1.78,-1.36,-1.06,-1.68,-1.18,-0.78,-400.0,742.37,0.0,-0.0,-800.0,742.38,742.37,400.0,400.0, , , ,2018-05-21 09:56:45.111000,2018-05-21 09:56:45.111000,, , ,CANCELED, , 
09:56:47,-1.65,-1.1,-1.34,-0.89,-1.62,-1.8,-1.33,-0.95,-1.81,-1.09,-0.63,-400.0,742.23,742.23,-400.0,-1200.0,742.3,742.23,1707.0,282.0, ,-1.13, ,2018-05-21 09:56:48.144000,2018-05-21 09:56:48.144000,, , ,FILLED, , 
09:56:50,-1.51,-1.05,-1.07,-0.87,-1.53,-1.81,-1.18,-0.83,-1.64,-1.1,-0.56, , , , , ,742.23,742.1,18.0,100.0, , , , , ,, , , , , 
09:56:53,-1.39,-1.01,-1.09,-0.83,-1.55,-1.58,-1.09,-0.86,-1.51,-1.1,-0.64,-300.0,742.1,742.1,-300.0,-1500.0,742.3,742.1,1425.0,100.0, ,-1.19, ,2018-05-21 09:56:53.705000,2018-05-21 09:56:53.705000,, , ,FILLED, , 
09:56:56,-1.11,-0.68,-0.83,-0.49,-1.44,-1.15,-0.54,-0.72,-1.34,-1.01,-0.55, , , , , ,742.21,742.02,100.0,500.0, , , , , ,, , , , , 
09:56:59,-1.23,-0.67,-1.07,-0.62,-1.22,-1.23,-0.58,-0.42,-1.38,-0.8,-0.36, , , , , ,742.0,741.89,1425.0,100.0, , , , , ,, , , , , 
09:57:02,-1.54,-1.0,-1.23,-0.96,-1.18,-1.72,-1.1,-0.33,-1.68,-0.96,-0.32, , , , , ,742.0,741.88,3025.0,1300.0, , , , , ,, , , , , 
09:57:05,-1.48,-0.93,-1.26,-0.92,-1.12,-1.75,-0.9,-0.24,-1.44,-0.96,-0.38, , , , , ,742.0,741.88,1025.0,1000.0, , , , , ,, , , , , 
09:57:08,-1.35,-0.88,-1.19,-0.81,-1.01,-1.38,-0.82,-0.11,-1.47,-1.01,-0.36, , , , , ,741.89,741.88,100.0,400.0, , , , , ,, , , , , 
09:57:11,-1.42,-1.0,-1.39,-0.97,-0.96,-1.39,-1.03,0.01,-1.49,-1.01,-0.29, , , , , ,741.88,741.8,700.0,100.0, , , , , ,, , , , , 
09:57:14,-1.46,-0.97,-1.27,-1.05,-0.79,-1.61,-0.89,0.22,-1.49,-0.98,-0.11, , , , , ,741.8,741.6,500.0,100.0, , , , , ,, , , , , 
09:57:17,-1.47,-1.04,-1.26,-1.22,-0.74,-1.56,-1.02,0.48,-1.58,-0.89,-0.1,-500.0,741.52,741.52,-200.0,-1700.0,741.8,741.52,600.0,200.0, ,-0.64, ,2018-05-21 09:57:17.720000,2018-05-21 09:57:17.720000,, , ,CANCELED, , 
09:57:20,-1.58,-1.08,-1.41,-1.28,-0.51,-1.63,-1.05,0.98,-1.68,-0.91,0.22,-500.0,741.4,741.4,-100.0,-1800.0,741.5,741.4,200.0,400.0, ,-0.29, ,2018-05-21 09:57:21.302000,2018-05-21 09:57:21.302000,, , ,CANCELED, , 
09:57:23,-1.69,-1.09,-1.52,-1.32,-0.26,-1.72,-1.04,1.26,-1.82,-0.9,0.34,-500.0,741.38,741.38,-100.0,-1900.0,741.4,741.38,400.0,100.0, ,-0.21, ,2018-05-21 09:57:24.331000,2018-05-21 09:57:24.331000,, , ,CANCELED, , 
09:57:26,-1.58,-0.97,-1.44,-1.29,-0.03,-1.74,-0.77,1.64,-1.57,-0.83,0.47, , , , , ,741.38,741.29,400.0,200.0, , , , , ,, , , , , 
09:57:29,-1.3,-0.79,-1.23,-1.1,0.13,-1.26,-0.59,1.67,-1.42,-0.67,0.5, , , , , ,741.5,741.27,100.0,100.0, , , , , ,, , , , , 
09:57:32,-1.06,-0.48,-1.07,-0.73,0.62,-0.96,-0.23,2.08,-1.14,-0.48,0.81, , , , , ,741.29,741.03,100.0,200.0, , , , , ,, , , , , 
09:57:35,-1.11,-0.51,-1.19,-0.78,0.71,-0.93,-0.36,1.96,-1.21,-0.38,0.83, , , , , ,741.23,741.01,200.0,538.0, , , , , ,, , , , , 
09:57:38,-1.04,-0.48,-1.09,-0.8,0.74,-0.94,-0.39,1.76,-1.07,-0.26,0.8, , , , , ,741.23,741.01,100.0,538.0, , , , , ,, , , , , 
09:57:41,-0.88,-0.36,-0.96,-0.7,0.59,-0.76,-0.28,1.53,-0.93,-0.1,0.71, , , , , ,741.27,741.01,600.0,538.0, , , , , ,, , , , , 
09:57:44,-0.73,-0.12,-0.83,-0.4,0.77,-0.64,0.09,1.3,-0.72,-0.04,0.92, , , , , ,741.02,741.01,100.0,738.0, , , , , ,, , , , , 
09:57:47,-0.63,-0.02,-0.87,-0.28,0.73,-0.38,0.14,1.2,-0.64,0.09,0.96, , , , , ,741.02,741.01,100.0,338.0, , , , , ,, , , , , 
09:57:50,-0.61,-0.04,-0.82,-0.31,0.62,-0.54,0.17,0.92,-0.48,0.02,0.91, , , , , ,741.16,741.01,600.0,138.0, , , , , ,, , , , , 
09:57:53,-0.61,-0.08,-0.74,-0.35,0.75,-0.47,0.04,0.87,-0.62,0.08,1.06, , , , , ,741.01,741.0,100.0,5638.0, , , , , ,, , , , , 
09:57:56,-0.63,-0.01,-0.79,-0.27,0.67,-0.41,0.14,0.78,-0.7,0.08,0.97, , , , , ,741.16,741.0,100.0,5538.0, , , , , ,, , , , , 
09:57:59,-0.48,0.18,-0.59,-0.08,0.85,-0.25,0.44,0.91,-0.61,0.19,1.33, , , , , ,741.01,741.0,100.0,6738.0, , , , , ,, , , , , 
09:58:02,-0.23,0.34,-0.4,0.05,0.81,-0.05,0.7,0.82,-0.22,0.27,1.48, , , , , ,741.16,741.01,100.0,100.0, , , , , ,, , , , , 
09:58:05,-0.26,0.34,-0.49,0.11,0.92,-0.04,0.59,1.05,-0.26,0.34,1.67, , , , , ,741.16,741.01,100.0,100.0, , , , , ,, , , , , 
09:58:08,-0.22,0.37,-0.3,0.18,0.75,-0.04,0.6,1.07,-0.33,0.33,1.58, , , , , ,741.27,741.23,300.0,100.0, , , , , ,, , , , , 
09:58:11,-0.02,0.53,-0.06,0.39,0.94,0.11,0.77,1.45,-0.11,0.42,1.66, , , , , ,741.27,741.02,300.0,100.0, , , , , ,, , , , , 
09:58:14,0.03,0.5,-0.07,0.39,1.13,0.19,0.76,1.84,-0.04,0.35,1.72, , , , , ,741.06,741.0,300.0,6428.0, , , , , ,, , , , , 
09:58:17,-0.09,0.46,-0.14,0.33,1.33,0.04,0.65,1.84,-0.17,0.4,1.7, , , , , ,741.06,741.0,300.0,6128.0, , , , , ,, , , , , 
09:58:20,-0.07,0.5,-0.13,0.42,1.28,0.05,0.65,1.54,-0.15,0.44,1.42, , , , , ,741.37,741.08,200.0,100.0, , , , , ,, , , , , 
09:58:23,0.07,0.59,0.01,0.56,1.78,0.25,0.65,1.81,-0.05,0.56,1.67, , , , , ,741.01,741.0,100.0,7128.0, , , , , ,, , , , , 
09:58:26,0.06,0.64,-0.05,0.69,1.38,0.19,0.69,1.07,0.03,0.54,0.85, , , , , ,741.99,741.06,1300.0,100.0, , , , , ,, , , , , 
09:58:29,-0.0,0.66,-0.09,0.75,1.52,0.11,0.73,1.1,-0.04,0.5,0.76, , , , , ,742.0,741.0,5000.0,5228.0, , , , , ,, , , , , 
09:58:32,-0.2,0.63,-0.38,0.77,1.08,-0.1,0.61,0.68,-0.11,0.51,0.1, , , , , ,742.0,741.79,4900.0,100.0, , , , , ,, , , , , 
09:58:35,-0.25,0.69,-0.34,0.81,1.38,-0.18,0.76,1.18,-0.21,0.5,0.64, , , , , ,742.0,741.1,4900.0,100.0, , , , , ,, , , , , 
09:58:38,-0.25,0.68,-0.36,0.79,1.06,-0.07,0.76,1.17,-0.33,0.5,0.6, , , , , ,741.99,741.29,300.0,100.0, , , , , ,, , , , , 
09:58:41,-0.32,0.62,-0.32,0.78,0.92,-0.18,0.71,1.17,-0.48,0.38,0.73, , , , , ,741.99,741.2,300.0,100.0, , , , , ,, , , , , 
09:58:44,-0.22,0.59,-0.16,0.72,0.65,-0.01,0.75,1.22,-0.48,0.29,0.92, , , , , ,741.99,741.02,200.0,100.0, , , , , ,, , , , , 
09:58:47,-0.12,0.64,-0.24,0.77,0.41,0.19,0.76,1.09,-0.32,0.38,0.66, , , , , ,741.99,741.2,200.0,100.0, , , , , ,, , , , , 
09:58:50,-0.06,0.64,-0.06,0.89,0.3,0.17,0.71,1.16,-0.29,0.32,0.6, , , , , ,741.99,741.1,100.0,2800.0, , , , , ,, , , , , 
09:58:53,-0.01,0.66,-0.02,0.84,0.14,0.18,0.74,1.28,-0.18,0.4,0.49, , , , , ,741.99,741.1,100.0,2800.0, , , , , ,, , , , , 
09:58:56,0.06,0.71,0.03,0.9,0.15,0.3,0.7,1.24,-0.14,0.53,0.47, , , , , ,741.99,741.12,100.0,2829.0, , , , , ,, , , , , 
09:58:59,-0.01,0.62,-0.04,0.86,0.01,0.18,0.52,1.05,-0.16,0.49,0.3, , , , , ,742.23,741.12,100.0,2729.0, , , , , ,, , , , , 
09:59:02,0.0,0.66,0.03,1.01,-0.1,0.2,0.55,0.81,-0.22,0.42,0.26, , , , , ,742.4,741.13,600.0,100.0, , , , , ,, , , , , 
09:59:05,0.07,0.84,0.02,1.04,0.14,0.25,0.74,0.72,-0.06,0.72,0.34, , , , , ,742.4,741.13,400.0,100.0, , , , , ,, , , , , 
09:59:08,0.11,0.92,-0.11,1.12,0.27,0.32,0.78,0.59,0.13,0.87,0.23, , , , , ,742.4,741.29,300.0,200.0, , , , , ,, , , , , 
09:59:11,0.05,0.88,-0.26,0.96,0.51,0.24,0.67,0.49,0.18,1.01,0.23, , , , , ,742.4,741.29,200.0,100.0, , , , , ,, , , , , 
09:59:14,0.18,0.84,0.13,1.07,0.65,0.32,0.63,0.32,0.09,0.84,0.17,1900.0,741.31,741.31,200.0,-1700.0,742.54,741.29,100.0,200.0, ,-1.58, ,2018-05-21 09:59:14.644000,2018-05-21 09:59:14.644000,, , ,CANCELED, , 
09:59:17,0.18,0.91,0.09,0.86,0.72,0.41,0.8,0.29,0.02,1.07,0.28,1700.0,741.33,0.0,0.0,-1700.0,742.4,741.31,500.0,1800.0, , , ,2018-05-21 09:59:18.327000,2018-05-21 09:59:18.327000,, , ,CANCELED, , 
09:59:20,0.03,0.78,-0.08,0.72,-0.14,0.15,0.65,-0.65,0.02,0.98,-0.55,1700.0,742.42,0.0,0.0,-1700.0,742.54,742.4,100.0,100.0, , , ,2018-05-21 09:59:21.348000,2018-05-21 09:59:21.348000,, , ,CANCELED, , 
09:59:23,0.01,0.84,-0.04,0.73,-0.18,0.01,0.71,-0.69,0.05,1.1,-0.57,1700.0,742.44,0.0,0.0,-1700.0,742.54,742.42,100.0,1700.0, , , ,2018-05-21 09:59:24.382000,2018-05-21 09:59:24.382000,, , ,CANCELED, , 
09:59:26,0.15,0.94,0.09,0.94,-0.23,0.32,0.85,-0.77,0.03,1.02,-0.47,1700.0,742.46,0.0,0.0,-1700.0,742.54,742.44,100.0,1700.0, , , ,2018-05-21 09:59:27.395000,2018-05-21 09:59:27.395000,, , ,CANCELED, , 
09:59:29,0.12,0.97,-0.05,0.93,-0.58,0.24,0.88,-1.21,0.16,1.11,-0.82,1600.0,742.56,742.56,900.0,-800.0,742.97,742.54,200.0,800.0, ,-1.83, ,2018-05-21 09:59:30.422000,2018-05-21 09:59:30.422000,, , ,CANCELED, , 
09:59:32,0.16,1.05,0.06,1.06,-0.5,0.26,0.92,-1.31,0.17,1.17,-0.84,800.0,742.58,0.0,0.0,-800.0,742.99,742.56,100.0,800.0, , , ,2018-05-21 09:59:33.467000,2018-05-21 09:59:33.467000,, , ,CANCELED, , 
09:59:35,-0.55,1.02,-0.66,0.89,-0.5,-0.82,0.72,-1.4,-0.16,1.45,-0.85, , , , , ,743.0,742.58,3000.0,800.0, , , , , ,, , , , , 
09:59:38,-0.54,0.98,-0.5,1.03,0.74,-0.65,0.66,-0.3,-0.46,1.24,0.28, , , , , ,742.54,741.37,100.0,100.0, , , , , ,, , , , , 
09:59:41,-0.57,1.05,-0.6,1.15,0.39,-0.65,0.95,-0.57,-0.44,1.06,0.12, , , , , ,742.97,741.38,1500.0,100.0, , , , , ,, , , , , 
09:59:44,-0.86,0.96,-1.09,1.19,0.31,-1.01,0.73,-0.51,-0.48,0.97,0.23, , , , , ,742.97,741.38,1500.0,500.0, , , , , ,, , , , , 
09:59:47,-0.2,1.21,0.2,1.27,1.04,-0.63,1.01,0.23,-0.16,1.35,1.09, , , , , ,741.88,741.38,1000.0,500.0, , , , , ,, , , , , 
09:59:50,0.04,1.39,0.09,1.54,1.04,0.19,1.24,0.16,-0.16,1.4,1.1,800.0,741.4,741.4,200.0,-600.0,741.88,741.38,800.0,500.0, ,-1.15, ,2018-05-21 09:59:50.762000,2018-05-21 09:59:50.762000,, , ,CANCELED, , 
09:59:53,-0.16,1.15,-0.14,1.37,1.15,-0.04,0.88,0.12,-0.31,1.21,1.09, , , , , ,741.88,741.4,700.0,600.0, , , , , ,, , , , , 
09:59:56,-0.39,1.13,-0.57,1.26,1.06,-0.22,1.04,0.02,-0.38,1.09,1.02, , , , , ,741.88,741.5,700.0,2100.0, , , , , ,, , , , , 
09:59:59,0.18,1.22,0.36,1.28,1.03,0.4,1.25,-0.02,-0.21,1.14,1.02,600.0,741.52,741.52,200.0,-400.0,741.88,741.5,700.0,1900.0, ,-1.1, ,2018-05-21 09:59:59.730000,2018-05-21 09:59:59.730000,, , ,CANCELED, , 
10:00:02,0.0,1.15,0.11,1.33,0.9,0.25,1.09,0.0,-0.35,1.04,0.89, , , , , ,741.88,741.52,400.0,400.0, , , , , ,, , , , , 
10:00:05,-0.15,0.94,0.02,1.23,0.82,0.04,0.87,-0.05,-0.51,0.72,0.78, , , , , ,741.88,741.5,300.0,2000.0, , , , , ,, , , , , 
10:00:08,-0.66,0.85,-0.8,1.1,-0.16,-0.56,0.85,-1.05,-0.62,0.61,-0.19, , , , , ,742.8,742.0,500.0,2600.0, , , , , ,, , , , , 
10:00:11,-0.94,0.74,-0.98,0.94,-0.26,-0.99,0.65,-1.05,-0.85,0.63,-0.2, , , , , ,742.8,742.0,500.0,2000.0, , , , , ,, , , , , 
10:00:14,-1.21,0.42,-1.1,0.54,-0.33,-1.38,0.37,-1.04,-1.16,0.34,-0.08, , , , , ,742.79,742.0,500.0,1200.0, , , , , ,, , , , , 
10:00:17,-1.23,0.3,-0.91,0.51,-0.44,-1.56,0.16,-1.09,-1.22,0.21,0.03, , , , , ,742.78,742.01,300.0,1100.0, , , , , ,, , , , , 
10:00:20,-1.15,0.1,-0.93,0.34,-0.53,-1.34,0.13,-1.03,-1.18,-0.16,0.07, , , , , ,742.75,742.01,2000.0,1100.0, , , , , ,, , , , , 
10:00:23,-1.2,-0.05,-0.9,0.22,-0.45,-1.4,-0.04,-0.89,-1.3,-0.32,0.18, , , , , ,742.6,742.01,600.0,600.0, , , , , ,, , , , , 
10:00:26,-0.97,-0.02,-0.66,0.29,-0.52,-0.95,0.02,-0.83,-1.31,-0.39,0.11, , , , , ,742.59,742.01,100.0,300.0, , , , , ,, , , , , 
10:00:29,-0.9,-0.02,-0.66,0.25,-0.57,-0.72,0.0,-0.72,-1.34,-0.32,0.02, , , , , ,742.54,742.03,100.0,500.0, , , , , ,, , , , , 
10:00:32,-0.99,-0.02,-0.83,0.23,-0.8,-0.86,-0.01,-0.85,-1.3,-0.28,-0.25, , , , , ,742.74,742.05,100.0,100.0, , , , , ,, , , , , 
10:00:35,-0.94,-0.02,-0.75,0.15,-1.16,-0.84,-0.03,-1.18,-1.23,-0.18,-0.54, , , , , ,742.75,742.47,1400.0,600.0, , , , , ,, , , , , 
10:00:38,-0.86,0.1,-0.75,0.26,-0.88,-0.71,0.1,-0.92,-1.14,-0.07,-0.15, , , , , ,742.75,742.03,1400.0,100.0, , , , , ,, , , , , 
10:00:41,-0.75,0.23,-0.62,0.23,-1.16,-0.59,0.19,-1.27,-1.04,0.25,-0.33, , , , , ,742.75,742.47,1000.0,195.0, , , , , ,, , , , , 
10:00:44,-0.82,0.17,-0.52,0.24,-0.6,-0.78,0.11,-0.73,-1.16,0.15,0.16, , , , , ,742.47,742.01,100.0,195.0, , , , , ,, , , , , 
10:00:47,-0.76,0.14,-0.53,0.29,-0.78,-0.71,0.02,-0.88,-1.04,0.12,-0.14, , , , , ,742.75,742.01,700.0,95.0, , , , , ,, , , , , 
10:00:50,-0.91,-0.02,-0.62,0.29,-0.85,-0.79,0.0,-0.84,-1.31,-0.35,-0.26, , , , , ,742.75,742.0,700.0,1395.0, , , , , ,, , , , , 
10:00:53,-0.91,-0.0,-0.71,0.29,-1.21,-0.78,-0.05,-1.11,-1.24,-0.25,-0.71, , , , , ,742.75,742.5,600.0,600.0, , , , , ,, , , , , 
10:00:56,-0.92,-0.04,-0.7,0.2,-1.21,-0.97,-0.06,-1.08,-1.08,-0.25,-0.7, , , , , ,742.7,742.5,500.0,300.0, , , , , ,, , , , , 
10:00:59,-0.78,0.01,-0.56,0.22,-0.85,-0.85,-0.03,-0.42,-0.95,-0.14,-0.34, , , , , ,742.5,742.1,100.0,100.0, , , , , ,, , , , , 
10:01:02,-0.7,0.12,-0.49,0.22,-0.81,-0.67,0.18,-0.15,-0.94,-0.03,-0.39, , , , , ,742.5,742.1,100.0,100.0, , , , , ,, , , , , 
10:01:05,-0.76,0.1,-0.54,0.29,-0.81,-0.69,0.07,0.09,-1.04,-0.06,-0.39, , , , , ,742.5,742.01,200.0,300.0, , , , , ,, , , , , 
10:01:08,-0.83,0.2,-0.61,0.42,-0.95,-0.79,0.09,0.13,-1.08,0.07,-0.52, , , , , ,742.5,742.15,200.0,100.0, , , , , ,, , , , , 
10:01:11,-0.71,0.19,-0.54,0.43,-0.85,-0.65,0.07,0.16,-0.95,0.06,-0.47, , , , , ,742.5,742.01,100.0,200.0, , , , , ,, , , , , 
10:01:14,-0.83,0.1,-0.56,0.41,-0.52,-0.78,0.12,0.4,-1.13,-0.23,-0.15, , , , , ,742.01,742.0,100.0,395.0, , , , , ,, , , , , 
10:01:17,-1.02,-0.16,-0.7,0.28,-0.57,-1.0,-0.16,0.38,-1.37,-0.59,-0.18, , , , , ,742.01,742.0,100.0,295.0, , , , , ,, , , , , 
10:01:20,-1.18,-0.25,-0.8,0.21,-0.53,-1.22,-0.16,0.36,-1.51,-0.79,-0.21, , , , , ,742.01,742.0,200.0,95.0, , , , , ,, , , , , 
10:01:23,-1.1,-0.34,-0.72,0.14,-0.39,-1.1,-0.36,0.42,-1.48,-0.79,-0.15, , , , , ,742.0,741.88,105.0,200.0, , , , , ,, , , , , 
10:01:26,-1.16,-0.31,-0.74,0.07,-0.35,-1.16,-0.28,0.29,-1.59,-0.74,-0.17, , , , , ,742.0,741.88,405.0,200.0, , , , , ,, , , , , 
10:01:29,-1.08,-0.37,-0.72,-0.03,-0.04,-1.12,-0.28,0.38,-1.4,-0.8,0.04, , , , , ,742.0,741.57,905.0,100.0, , , , , ,, , , , , 
10:01:32,-1.26,-0.51,-0.91,-0.19,-0.03,-1.47,-0.35,0.25,-1.41,-0.98,0.07, , , , , ,742.0,741.57,2905.0,100.0, , , , , ,, , , , , 
10:01:35,-1.25,-0.54,-0.91,-0.19,0.06,-1.4,-0.49,0.45,-1.43,-0.94,0.22, , , , , ,741.88,741.5,200.0,2000.0, , , , , ,, , , , , 
10:01:38,-1.18,-0.39,-0.71,-0.01,-0.05,-1.43,-0.31,0.46,-1.39,-0.84,0.15, , , , , ,742.0,741.5,2905.0,2000.0, , , , , ,, , , , , 
10:01:41,-0.94,-0.3,-0.58,-0.02,-0.07,-1.07,-0.24,0.56,-1.15,-0.64,0.19, , , , , ,741.74,741.7,200.0,100.0, , , , , ,, , , , , 
10:01:44,-0.93,-0.15,-0.65,0.07,-0.21,-1.04,-0.13,0.46,-1.1,-0.38,0.01, , , , , ,742.0,741.7,2805.0,100.0, , , , , ,, , , , , 
10:01:47,-0.76,-0.03,-0.59,0.14,-0.19,-0.78,-0.08,0.28,-0.9,-0.15,-0.05, , , , , ,742.0,741.74,2905.0,200.0, , , , , ,, , , , , 
10:01:50,-0.77,-0.05,-0.56,0.21,0.0,-0.79,-0.03,0.32,-0.94,-0.32,0.07, , , , , ,742.0,741.51,2905.0,100.0, , , , , ,, , , , , 
10:01:53,-0.76,-0.1,-0.46,0.2,0.39,-0.84,-0.07,0.54,-0.98,-0.42,0.4, , , , , ,741.51,741.5,100.0,1500.0, , , , , ,, , , , , 
10:01:56,-0.77,-0.01,-0.5,0.28,0.01,-0.85,0.01,0.15,-0.96,-0.33,0.01, , , , , ,742.0,741.57,2405.0,100.0, , , , , ,, , , , , 
10:01:59,-0.66,0.06,-0.52,0.24,0.29,-0.71,0.05,0.16,-0.74,-0.1,0.06, , , , , ,742.0,741.55,2505.0,100.0, , , , , ,, , , , , 
10:02:02,-0.59,0.12,-0.3,0.38,0.76,-0.72,0.08,0.46,-0.75,-0.12,0.27, , , , , ,741.74,741.5,100.0,1000.0, , , , , ,, , , , , 
10:02:05,-0.61,-0.07,-0.35,0.2,0.95,-0.73,-0.08,0.53,-0.76,-0.34,0.26, , , , , ,741.74,741.5,100.0,1200.0, , , , , ,, , , , , 
10:02:08,-0.82,-0.23,-0.47,0.14,1.08,-0.95,-0.13,0.53,-1.04,-0.7,0.2, , , , , ,741.74,741.5,100.0,1100.0, , , , , ,, , , , , 
10:02:11,-0.87,-0.32,-0.55,0.1,1.02,-0.9,-0.31,0.54,-1.15,-0.74,0.15, , , , , ,741.74,741.5,1100.0,1000.0, , , , , ,, , , , , 
10:02:14,-0.93,-0.29,-0.63,0.06,0.92,-1.05,-0.31,0.56,-1.12,-0.63,0.08, , , , , ,741.74,741.5,1000.0,600.0, , , , , ,, , , , , 
10:02:17,-0.74,-0.27,-0.5,-0.0,0.9,-0.78,-0.26,0.6,-0.94,-0.54,0.0, , , , , ,741.74,741.5,700.0,400.0, , , , , ,, , , , , 
10:02:20,-0.85,-0.31,-0.56,0.02,1.09,-0.83,-0.33,0.81,-1.15,-0.62,0.17, , , , , ,741.5,741.43,100.0,100.0, , , , , ,, , , , , 
10:02:23,-0.69,-0.19,-0.47,0.09,0.68,-0.61,-0.18,0.41,-0.99,-0.48,-0.29, , , , , ,742.0,741.5,2405.0,1000.0, , , , , ,, , , , , 
10:02:26,-0.66,-0.12,-0.48,0.11,0.54,-0.58,-0.1,0.52,-0.92,-0.39,-0.29, , , , , ,742.0,741.5,2405.0,900.0, , , , , ,, , , , , 
10:02:29,-0.5,-0.06,-0.29,0.12,0.42,-0.49,-0.0,0.53,-0.74,-0.31,-0.26, , , , , ,742.0,741.5,1805.0,700.0, , , , , ,, , , , , 
10:02:32,-0.53,0.02,-0.25,0.23,0.27,-0.54,0.13,0.51,-0.8,-0.29,-0.29, , , , , ,741.8,741.74,100.0,200.0, , , , , ,, , , , , 
10:02:35,-0.41,0.08,-0.22,0.25,0.35,-0.44,0.13,0.52,-0.58,-0.13,-0.29, , , , , ,741.8,741.74,100.0,200.0, , , , , ,, , , , , 
10:02:38,-0.47,0.08,-0.21,0.27,0.59,-0.49,0.17,0.69,-0.7,-0.18,-0.1, , , , , ,741.8,741.5,100.0,800.0, , , , , ,, , , , , 
10:02:41,-0.32,0.15,-0.18,0.34,0.65,-0.25,0.16,0.82,-0.51,-0.05,-0.1, , , , , ,741.8,741.5,100.0,2000.0, , , , , ,, , , , , 
10:02:44,-0.32,0.17,-0.14,0.34,0.8,-0.28,0.21,1.01,-0.55,-0.03,-0.03, , , , , ,741.7,741.5,100.0,2000.0, , , , , ,, , , , , 
10:02:47,-0.25,0.22,-0.15,0.26,0.28,-0.18,0.26,0.77,-0.43,0.13,-0.36, , , , , ,742.0,741.75,2005.0,1000.0, , , , , ,, , , , , 
10:02:50,-0.28,0.22,-0.13,0.27,0.26,-0.26,0.33,0.89,-0.45,0.07,-0.24, , , , , ,742.0,741.59,2005.0,500.0, , , , , ,, , , , , 
10:02:53,-0.25,0.18,-0.11,0.33,0.2,-0.18,0.17,0.94,-0.44,0.04,-0.18, , , , , ,742.0,741.51,1105.0,400.0, , , , , ,, , , , , 
10:02:56,-0.22,0.3,-0.09,0.47,0.2,-0.14,0.31,0.94,-0.42,0.12,-0.16, , , , , ,742.0,741.51,1005.0,400.0, , , , , ,, , , , , 
10:02:59,-0.22,0.37,-0.23,0.37,0.01,-0.12,0.38,0.76,-0.32,0.36,-0.39, , , , , ,742.0,741.77,1005.0,100.0, , , , , ,, , , , , 
10:03:02,-0.42,0.28,-0.44,0.24,-0.8,-0.4,0.29,-0.26,-0.42,0.32,-1.32, , , , , ,742.6,742.5,100.0,300.0, , , , , ,, , , , , 
10:03:05,-0.48,0.35,-0.46,0.32,-0.72,-0.47,0.41,-0.38,-0.52,0.32,-1.39, , , , , ,742.6,742.5,100.0,200.0, , , , , ,, , , , , 
10:03:08,-0.41,0.53,-0.12,0.54,-0.39,-0.44,0.72,-0.05,-0.68,0.34,-1.14, , , , , ,742.6,742.0,100.0,1295.0, , , , , ,, , , , , 
10:03:11,-0.54,0.45,-0.37,0.54,-0.38,-0.49,0.46,-0.06,-0.75,0.34,-1.15, , , , , ,742.6,742.0,100.0,895.0, , , , , ,, , , , , 
10:03:14,-0.78,0.2,-0.53,0.25,-0.42,-0.84,0.19,-0.02,-0.99,0.16,-1.24, , , , , ,742.7,742.0,500.0,495.0, , , , , ,, , , , , 
10:03:17,-0.78,0.13,-0.52,0.25,-0.26,-0.84,0.09,0.23,-0.97,0.04,-1.09, , , , , ,742.5,742.0,100.0,295.0, , , , , ,, , , , , 
10:03:20,-0.7,0.11,-0.32,0.44,-0.25,-0.68,0.03,0.25,-1.09,-0.14,-1.09, , , , , ,742.49,742.0,100.0,95.0, , , , , ,, , , , , 
10:03:23,-0.88,-0.01,-0.6,0.24,-0.26,-0.82,-0.04,0.26,-1.23,-0.23,-1.1, , , , , ,742.49,742.01,100.0,500.0, , , , , ,, , , , , 
10:03:26,-1.01,-0.17,-0.69,0.15,-0.15,-0.99,-0.16,0.17,-1.36,-0.51,-1.09, , , , , ,742.49,742.01,100.0,100.0, , , , , ,, , , , , 
10:03:29,-0.95,-0.23,-0.52,0.12,0.36,-0.94,-0.25,0.58,-1.4,-0.57,-0.62, , , , , ,742.0,741.75,1000.0,195.0, , , , , ,, , , , , 
10:03:32,-0.89,-0.15,-0.42,0.29,0.37,-0.89,-0.14,0.46,-1.35,-0.59,-0.66, , , , , ,742.0,741.75,400.0,195.0, , , , , ,, , , , , 
10:03:35,-0.88,-0.13,-0.32,0.22,0.38,-0.88,-0.16,0.46,-1.44,-0.45,-0.67, , , , , ,742.0,741.75,400.0,95.0, , , , , ,, , , , , 
10:03:38,-1.04,-0.25,-0.75,0.07,-0.45,-0.94,-0.32,-0.29,-1.42,-0.5,-1.57, , , , , ,742.5,742.49,900.0,100.0, , , , , ,, , , , , 
10:03:41,-0.99,-0.24,-0.72,0.09,0.21,-0.86,-0.28,0.35,-1.4,-0.53,-1.09, , , , , ,742.5,741.7,900.0,195.0, , , , , ,, , , , , 
10:03:44,-0.95,-0.27,-0.49,0.16,0.38,-0.88,-0.31,0.4,-1.5,-0.65,-1.15, , , , , ,742.44,741.7,700.0,195.0, , , , , ,, , , , , 
10:03:47,-0.97,-0.23,-0.7,0.05,0.47,-0.86,-0.27,0.24,-1.36,-0.47,-1.24, , , , , ,742.44,741.75,500.0,100.0, , , , , ,, , , , , 
10:03:50,-0.96,-0.24,-0.53,0.09,0.52,-0.89,-0.26,0.15,-1.47,-0.55,-1.16, , , , , ,742.44,741.7,500.0,295.0, , , , , ,, , , , , 
10:03:53,-0.66,-0.04,-0.22,0.25,0.98,-0.65,0.04,0.5,-1.1,-0.4,-0.63, , , , , ,741.75,741.7,5.0,300.0, , , , , ,, , , , , 
10:03:56,-0.76,-0.03,-0.41,0.23,0.98,-0.71,-0.03,0.47,-1.16,-0.3,-0.53, , , , , ,741.75,741.7,105.0,295.0, , , , , ,, , , , , 
10:03:59,-0.94,-0.17,-0.67,0.16,0.51,-0.99,-0.28,-0.03,-1.17,-0.38,-0.94, , , , , ,742.4,741.75,900.0,295.0, , , , , ,, , , , , 
10:04:02,-1.07,-0.24,-0.78,0.1,0.42,-1.19,-0.33,-0.05,-1.23,-0.48,-0.88, , , , , ,742.4,741.7,800.0,90.0, , , , , ,, , , , , 
10:04:05,-0.81,-0.18,-0.55,0.14,0.39,-0.85,-0.26,-0.01,-1.04,-0.4,-0.74, , , , , ,742.39,741.56,100.0,490.0, , , , , ,, , , , , 
10:04:08,-0.86,-0.25,-0.5,0.13,0.39,-0.82,-0.31,-0.04,-1.25,-0.59,-0.79, , , , , ,742.38,741.56,200.0,490.0, , , , , ,, , , , , 
10:04:11,-0.95,-0.26,-0.71,0.13,0.25,-0.85,-0.32,-0.21,-1.29,-0.6,-0.96, , , , , ,742.38,741.76,200.0,100.0, , , , , ,, , , , , 
10:04:14,-0.82,-0.07,-0.61,0.18,0.38,-0.73,-0.11,-0.22,-1.13,-0.29,-0.96, , , , , ,742.37,741.75,100.0,200.0, , , , , ,, , , , , 
10:04:17,-0.79,-0.1,-0.6,0.18,0.48,-0.71,-0.12,-0.26,-1.06,-0.35,-1.03, , , , , ,742.37,741.75,100.0,200.0, , , , , ,, , , , , 
10:04:20,-0.93,-0.11,-0.78,0.21,0.5,-0.76,-0.12,-0.28,-1.25,-0.44,-1.01, , , , , ,742.37,741.75,100.0,200.0, , , , , ,, , , , , 
10:04:23,-0.88,-0.05,-0.79,0.25,0.51,-0.72,-0.11,-0.3,-1.13,-0.29,-1.04, , , , , ,742.37,741.75,100.0,500.0, , , , , ,, , , , , 
10:04:26,-0.85,-0.02,-0.68,0.21,0.43,-0.76,-0.04,-0.33,-1.12,-0.22,-1.08, , , , , ,742.37,741.75,100.0,500.0, , , , , ,, , , , , 
10:04:29,-0.87,-0.05,-0.8,0.18,-0.1,-0.81,-0.14,-0.76,-1.0,-0.21,-1.52, , , , , ,742.38,742.37,300.0,100.0, , , , , ,, , , , , 
10:04:32,-0.76,0.03,-0.68,0.24,0.19,-0.66,-0.05,-0.32,-0.95,-0.1,-1.11, , , , , ,742.38,741.76,300.0,100.0, , , , , ,, , , , , 
10:04:35,-0.64,0.13,-0.6,0.31,0.17,-0.51,0.02,-0.31,-0.8,0.05,-1.13, , , , , ,742.39,741.78,100.0,100.0, , , , , ,, , , , , 
10:04:38,-0.68,0.13,-0.55,0.26,0.26,-0.67,0.09,-0.29,-0.82,0.04,-1.16, , , , , ,742.39,741.78,100.0,100.0, , , , , ,, , , , , 
10:04:41,-0.64,0.18,-0.5,0.21,-0.07,-0.63,0.13,-0.75,-0.77,0.19,-1.6, , , , , ,742.44,742.4,500.0,2000.0, , , , , ,, , , , , 
10:04:44,-0.34,0.42,-0.25,0.32,-0.11,-0.22,0.56,-0.79,-0.54,0.39,-1.65, , , , , ,742.5,742.4,500.0,2000.0, , , , , ,, , , , , 
10:04:47,-0.46,0.4,-0.42,0.43,-0.24,-0.3,0.4,-0.83,-0.67,0.36,-1.65, , , , , ,742.5,742.4,500.0,1900.0, , , , , ,, , , , , 
10:04:50,-0.49,0.31,-0.36,0.34,-0.36,-0.31,0.29,-0.87,-0.8,0.29,-1.65, , , , , ,742.5,742.4,500.0,1200.0, , , , , ,, , , , , 
10:04:53,-0.67,0.19,-0.46,0.4,-0.47,-0.5,0.12,-0.88,-1.04,0.05,-1.73, , , , , ,742.5,742.4,500.0,1100.0, , , , , ,, , , , , 
10:04:56,-0.65,0.12,-0.4,0.27,-0.51,-0.47,0.07,-0.88,-1.07,0.0,-1.83, , , , , ,742.5,742.4,400.0,680.0, , , , , ,, , , , , 
10:04:59,-0.6,0.11,-0.37,0.26,-0.54,-0.44,0.05,-0.85,-0.97,0.03,-2.0, , , , , ,742.5,742.4,400.0,480.0, , , , , ,, , , , , 
10:05:02,-0.67,0.05,-0.36,0.27,-0.59,-0.53,-0.04,-0.85,-1.13,-0.08,-2.23, , , , , ,742.5,742.4,400.0,480.0, , , , , ,, , , , , 
10:05:05,-0.74,0.11,-0.45,0.35,-0.15,-0.55,0.04,-0.37,-1.21,-0.05,-1.89, , , , , ,742.38,741.78,20.0,100.0, , , , , ,, , , , , 
10:05:08,-0.8,0.0,-0.54,0.29,-0.2,-0.69,-0.07,-0.43,-1.15,-0.21,-1.98, , , , , ,742.4,741.78,1220.0,100.0, , , , , ,, , , , , 
10:05:11,-0.88,-0.01,-0.69,0.26,-0.69,-0.77,-0.07,-0.94,-1.18,-0.22,-2.45, , , , , ,742.45,742.4,100.0,180.0, , , , , ,, , , , , 
10:05:14,-0.87,-0.05,-0.64,0.24,-0.71,-0.78,-0.14,-1.01,-1.19,-0.25,-2.4, , , , , ,742.45,742.4,100.0,80.0, , , , , ,, , , , , 
10:05:17,-0.78,0.05,-0.45,0.33,-0.73,-0.77,0.02,-1.07,-1.13,-0.2,-2.3, , , , , ,742.45,742.38,100.0,80.0, , , , , ,, , , , , 
10:05:20,-0.61,0.1,-0.41,0.29,-0.78,-0.56,0.1,-1.12,-0.87,-0.09,-2.28, , , , , ,742.45,742.4,100.0,80.0, , , , , ,, , , , , 
10:05:23,-0.58,0.06,-0.47,0.18,-0.84,-0.53,0.02,-1.23,-0.75,-0.0,-2.28, , , , , ,742.46,742.45,200.0,580.0, , , , , ,, , , , , 
10:05:26,-0.55,0.11,-0.38,0.21,-0.86,-0.52,0.11,-1.24,-0.74,0.02,-2.25, , , , , ,742.46,742.45,200.0,580.0, , , , , ,, , , , , 
10:05:29,-0.5,0.25,-0.23,0.38,-0.51,-0.47,0.32,-0.85,-0.8,0.04,-1.92, , , , , ,742.4,741.98,120.0,100.0, , , , , ,, , , , , 
10:05:32,-0.5,0.21,-0.25,0.55,-0.36,-0.37,0.15,-0.73,-0.87,-0.06,-1.81, , , , , ,742.4,741.8,320.0,88.0, , , , , ,, , , , , 
10:05:35,-0.54,0.2,-0.26,0.42,-0.34,-0.48,0.2,-0.73,-0.87,-0.01,-1.83, , , , , ,742.4,741.8,120.0,100.0, , , , , ,, , , , , 
10:05:38,-0.53,0.17,-0.44,0.33,-0.79,-0.49,0.08,-1.19,-0.67,0.11,-2.33, , , , , ,742.46,742.45,200.0,180.0, , , , , ,, , , , , 
10:05:41,-0.74,0.1,-0.53,0.21,-0.8,-0.73,0.05,-1.19,-0.95,0.04,-2.31, , , , , ,742.46,742.45,200.0,80.0, , , , , ,, , , , , 
10:05:44,-0.58,0.17,-0.4,0.26,-0.8,-0.49,0.11,-1.18,-0.85,0.14,-2.3, , , , , ,742.46,742.45,200.0,180.0, , , , , ,, , , , , 
10:05:47,-0.52,0.17,-0.23,0.32,-0.36,-0.5,0.11,-0.65,-0.83,0.08,-1.82, , , , , ,742.39,741.8,1500.0,100.0, , , , , ,, , , , , 
10:05:50,-0.6,0.12,-0.42,0.36,-0.39,-0.67,0.08,-0.64,-0.73,-0.08,-1.83, , , , , ,742.39,741.79,1500.0,988.0, , , , , ,, , , , , 
10:05:53,-0.76,0.08,-0.47,0.44,-0.39,-0.73,0.03,-0.64,-1.08,-0.23,-1.82, , , , , ,742.39,741.79,1500.0,88.0, , , , , ,, , , , , 
10:05:56,-0.78,0.04,-0.49,0.35,-0.42,-0.7,-0.01,-0.64,-1.16,-0.23,-1.85, , , , , ,742.39,741.83,1400.0,300.0, , , , , ,, , , , , 
10:05:59,-0.64,0.12,-0.33,0.33,-0.27,-0.65,0.08,-0.56,-0.95,-0.07,-1.73, , , , , ,742.2,741.83,500.0,200.0, , , , , ,, , , , , 
10:06:02,-0.67,0.05,-0.44,0.24,-0.25,-0.7,-0.03,-0.58,-0.87,-0.07,-1.7, , , , , ,742.2,741.8,500.0,400.0, , , , , ,, , , , , 
10:06:05,-0.67,0.05,-0.44,0.31,-0.17,-0.72,-0.05,-0.55,-0.84,-0.12,-1.61, , , , , ,741.98,741.88,1200.0,100.0, , , , , ,, , , , , 
10:06:08,-0.51,0.02,-0.29,0.25,-0.22,-0.57,-0.09,-0.64,-0.67,-0.11,-1.62, , , , , ,741.98,741.88,700.0,100.0, , , , , ,, , , , , 
10:06:11,-0.49,0.07,-0.28,0.19,-0.21,-0.56,0.0,-0.59,-0.64,0.03,-1.56, , , , , ,741.98,741.8,600.0,300.0, , , , , ,, , , , , 
10:06:14,-0.53,0.09,-0.34,0.27,-0.29,-0.63,-0.03,-0.62,-0.63,0.02,-1.56, , , , , ,741.98,741.8,600.0,300.0, , , , , ,, , , , , 
10:06:17,-0.72,-0.0,-0.48,0.23,-0.35,-0.76,-0.11,-0.6,-0.92,-0.13,-1.55, , , , , ,741.98,741.78,700.0,188.0, , , , , ,, , , , , 
10:06:20,-0.59,-0.01,-0.39,0.19,-0.3,-0.65,-0.1,-0.51,-0.74,-0.12,-1.46, , , , , ,741.83,741.8,400.0,100.0, , , , , ,, , , , , 
10:06:23,-0.59,-0.07,-0.42,0.15,-0.37,-0.63,-0.13,-0.51,-0.73,-0.22,-1.44, , , , , ,741.83,741.8,400.0,1200.0, , , , , ,, , , , , 
10:06:26,-0.73,-0.14,-0.52,0.11,-0.38,-0.77,-0.22,-0.51,-0.9,-0.32,-1.42, , , , , ,741.83,741.8,400.0,1100.0, , , , , ,, , , , , 
10:06:29,-0.76,-0.15,-0.45,0.1,-0.35,-0.74,-0.22,-0.54,-1.09,-0.34,-1.33, , , , , ,741.83,741.8,400.0,900.0, , , , , ,, , , , , 
10:06:32,-0.65,-0.15,-0.43,0.13,-0.35,-0.61,-0.27,-0.58,-0.91,-0.31,-1.31, , , , , ,741.83,741.8,200.0,800.0, , , , , ,, , , , , 
10:06:35,-0.63,-0.1,-0.48,0.13,-0.45,-0.55,-0.12,-0.69,-0.85,-0.3,-1.48, , , , , ,741.98,741.8,800.0,800.0, , , , , ,, , , , , 
10:06:38,-0.61,-0.04,-0.55,0.16,-0.42,-0.6,-0.14,-0.76,-0.69,-0.13,-1.56, , , , , ,741.98,741.8,800.0,900.0, , , , , ,, , , , , 
10:06:41,-0.6,-0.08,-0.42,0.14,-0.41,-0.58,-0.24,-0.8,-0.8,-0.14,-1.6, , , , , ,741.97,741.78,200.0,188.0, , , , , ,, , , , , 
10:06:44,-0.58,-0.14,-0.43,0.14,-0.29,-0.58,-0.28,-0.78,-0.73,-0.3,-1.49, , , , , ,741.8,741.79,100.0,100.0, , , , , ,, , , , , 
10:06:47,-0.59,-0.15,-0.43,0.11,-0.35,-0.55,-0.21,-0.95,-0.79,-0.35,-1.52, , , , , ,741.97,741.78,100.0,88.0, , , , , ,, , , , , 
10:06:50,-0.68,-0.18,-0.53,0.1,-0.21,-0.62,-0.26,-0.76,-0.9,-0.4,-1.31, , , , , ,741.79,741.76,100.0,3188.0, , , , , ,, , , , , 
10:06:53,-0.69,-0.16,-0.41,0.18,-0.21,-0.57,-0.24,-0.7,-1.1,-0.41,-1.28, , , , , ,741.79,741.76,100.0,3188.0, , , , , ,, , , , , 
10:06:56,-0.75,-0.24,-0.55,0.06,-0.18,-0.57,-0.27,-0.59,-1.14,-0.52,-1.34, , , , , ,741.79,741.76,100.0,2988.0, , , , , ,, , , , , 
10:06:59,-0.83,-0.38,-0.62,-0.07,-0.36,-0.71,-0.41,-0.67,-1.16,-0.65,-1.46, , , , , ,741.96,741.78,100.0,400.0, , , , , ,, , , , , 
10:07:02,-0.96,-0.47,-0.69,-0.15,-0.4,-0.93,-0.54,-0.62,-1.27,-0.71,-1.44, , , , , ,741.96,741.76,100.0,500.0, , , , , ,, , , , , 
10:07:05,-1.01,-0.54,-0.67,-0.14,-0.32,-0.95,-0.65,-0.45,-1.42,-0.82,-1.29, , , , , ,741.76,741.75,1200.0,188.0, , , , , ,, , , , , 
10:07:08,-1.05,-0.63,-0.68,-0.25,-0.39,-1.03,-0.81,-0.48,-1.42,-0.81,-1.21, , , , , ,741.76,741.72,1200.0,88.0, , , , , ,, , , , , 
10:07:11,-1.03,-0.63,-0.58,-0.22,-0.37,-1.02,-0.8,-0.49,-1.47,-0.86,-1.16, , , , , ,741.75,741.7,100.0,88.0, , , , , ,, , , , , 
10:07:14,-1.08,-0.59,-0.7,-0.22,-0.38,-1.1,-0.73,-0.48,-1.43,-0.83,-1.2, , , , , ,741.72,741.7,100.0,88.0, , , , , ,, , , , , 
10:07:17,-1.02,-0.57,-0.74,-0.15,-0.12,-0.94,-0.78,-0.31,-1.38,-0.78,-0.98, , , , , ,741.54,741.51,1122.0,500.0, , , , , ,, , , , , 
10:07:20,-1.03,-0.58,-0.87,-0.27,-0.12,-0.9,-0.76,-0.28,-1.32,-0.69,-0.97, , , , , ,741.54,741.5,722.0,1200.0, , , , , ,, , , , , 
10:07:23,-0.93,-0.47,-0.75,-0.19,-0.22,-0.79,-0.62,-0.42,-1.24,-0.59,-1.14, , , , , ,741.7,741.5,100.0,700.0, , , , , ,, , , , , 
10:07:26,-0.96,-0.48,-0.73,-0.22,-0.1,-0.93,-0.65,-0.35,-1.23,-0.58,-1.04, , , , , ,741.52,741.5,100.0,400.0, , , , , ,, , , , , 
10:07:29,-0.85,-0.33,-0.68,-0.06,-0.14,-0.78,-0.47,-0.35,-1.1,-0.46,-1.11, , , , , ,741.52,741.51,100.0,100.0, , , , , ,, , , , , 
10:07:32,-0.76,-0.26,-0.72,-0.11,-0.29,-0.76,-0.4,-0.48,-0.79,-0.26,-1.31, , , , , ,741.7,741.51,100.0,100.0, , , , , ,, , , , , 
10:07:35,-0.66,-0.23,-0.54,-0.1,-0.29,-0.68,-0.34,-0.48,-0.78,-0.26,-1.38, , , , , ,741.7,741.5,100.0,1400.0, , , , , ,, , , , , 
10:07:38,-0.63,-0.2,-0.45,-0.04,-0.24,-0.69,-0.3,-0.37,-0.76,-0.24,-1.27, , , , , ,741.51,741.5,100.0,1300.0, , , , , ,, , , , , 
10:07:41,-0.55,-0.15,-0.44,0.02,-0.41,-0.59,-0.21,-0.48,-0.62,-0.26,-1.48, , , , , ,741.67,741.51,100.0,900.0, , , , , ,, , , , , 
10:07:44,-0.58,-0.19,-0.5,-0.06,-0.53,-0.61,-0.25,-0.52,-0.62,-0.27,-1.61, , , , , ,741.72,741.5,100.0,1300.0, , , , , ,, , , , , 
10:07:47,-0.65,-0.24,-0.49,-0.06,-0.61,-0.66,-0.25,-0.54,-0.78,-0.4,-1.64, , , , , ,741.75,741.5,100.0,1100.0, , , , , ,, , , , , 
10:07:50,-0.68,-0.28,-0.5,-0.11,-0.55,-0.72,-0.32,-0.54,-0.83,-0.4,-1.64, , , , , ,741.75,741.5,100.0,1000.0, , , , , ,, , , , , 
10:07:53,-0.77,-0.31,-0.58,-0.03,-0.45,-0.73,-0.37,-0.58,-1.0,-0.53,-1.52, , , , , ,741.75,741.44,100.0,100.0, , , , , ,, , , , , 
10:07:56,-0.75,-0.27,-0.68,-0.05,-0.41,-0.61,-0.34,-0.72,-0.96,-0.42,-1.46, , , , , ,741.75,741.51,100.0,100.0, , , , , ,, , , , , 
10:07:59,-0.71,-0.25,-0.57,-0.08,-0.44,-0.68,-0.31,-0.99,-0.89,-0.37,-1.57, , , , , ,741.75,741.65,200.0,400.0, , , , , ,, , , , , 
10:08:02,-0.72,-0.26,-0.51,-0.09,-0.1,-0.83,-0.33,-0.92,-0.82,-0.35,-1.23, , , , , ,741.51,741.43,2900.0,600.0, , , , , ,, , , , , 
10:08:05,-0.7,-0.24,-0.43,-0.02,-0.06,-0.7,-0.3,-1.06,-0.96,-0.41,-1.23, , , , , ,741.51,741.43,2900.0,600.0, , , , , ,, , , , , 
10:08:08,-0.67,-0.2,-0.47,-0.03,-0.09,-0.62,-0.24,-1.11,-0.93,-0.33,-1.24, , , , , ,741.51,741.38,2100.0,1700.0, , , , , ,, , , , , 
10:08:11,-0.67,-0.27,-0.41,-0.06,-0.11,-0.65,-0.35,-1.12,-0.94,-0.39,-1.25, , , , , ,741.5,741.38,800.0,1700.0, , , , , ,, , , , , 
10:08:14,-0.74,-0.28,-0.51,-0.09,-0.12,-0.81,-0.36,-1.06,-0.91,-0.39,-1.16, , , , , ,741.5,741.38,800.0,1400.0, , , , , ,, , , , , 
10:08:17,-0.83,-0.45,-0.53,-0.16,-0.14,-0.83,-0.57,-0.94,-1.14,-0.61,-0.97, , , , , ,741.5,741.29,900.0,1300.0, , , , , ,, , , , , 
10:08:20,-0.78,-0.44,-0.53,-0.16,-0.21,-0.69,-0.59,-0.99,-1.11,-0.57,-1.06, , , , , ,741.5,741.44,900.0,900.0, , , , , ,, , , , , 
10:08:23,-0.71,-0.28,-0.41,-0.08,-0.21,-0.64,-0.32,-0.92,-1.07,-0.42,-0.85, , , , , ,741.5,741.38,400.0,900.0, , , , , ,, , , , , 
10:08:26,-0.73,-0.34,-0.45,-0.11,-0.25,-0.76,-0.45,-0.89,-0.98,-0.47,-1.06, , , , , ,741.5,741.38,400.0,500.0, , , , , ,, , , , , 
10:08:29,-0.68,-0.32,-0.45,-0.07,-0.22,-0.68,-0.43,-0.86,-0.92,-0.45,-1.09, , , , , ,741.44,741.38,200.0,400.0, , , , , ,, , , , , 
