tick_time,bid,ask,bid 20,ask 20,la 20,bid 40,ask 40,la 40,bid 100,ask 100,la 100,volume_ma,volume_ema,order,price,avePrice,trans,net,profit,profit_rate,askp0,bidp0,askv0,bidv0,is_mocked,order_time,exchange_time,orderSide,new_order_status,reason,order_status,earn,cost,order_local_time,exchange_local_time
09:30:15, , , , ,2.23, , ,2.69, , ,8.15,400,300.0, , , , , , , ,736.1,736.06,900.0,400.0, , , ,, , , , , , , 
09:30:18, , , , ,2.12, , ,2.61, , ,8.09,917,314.0, , , , , , , ,736.2,736.11,20.0,600.0, , , ,, , , , , , , 
09:30:21, , , , ,1.57, , ,2.09, , ,7.62,917,313.0, , , , , , , ,736.88,736.22,300.0,900.0, , , ,, , , , , , , 
09:30:24, , , , ,1.61, , ,2.17, , ,7.64,917,327.0, , , , , , , ,736.88,736.2,100.0,100.0, , , ,, , , , , , , 
09:30:27, , , , ,2.26, , ,2.87, , ,8.29,917,331.0, , , , , , , ,736.11,736.06,100.0,200.0, , , ,, , , , , , , 
09:30:30, , , , ,0.36, , ,1.06, , ,6.4,917,331.0, , , , , , , ,737.99,737.0,300.0,200.0, , , ,, , , , , , , 
09:30:33, , , , ,0.46, , ,1.22, , ,6.53,917,341.0, , , , , , , ,737.99,736.88,300.0,1100.0, , , ,, , , , , , , 
09:30:36, , , , ,0.64, , ,1.29, , ,6.58,917,345.0, , , , , , , ,737.98,736.88,100.0,800.0, , , ,, , , , , , , 
09:30:39, , , , ,0.61, , ,1.33, , ,6.63,917,346.0, , , , , , , ,737.98,736.88,400.0,500.0, , , ,, , , , , , , 
09:30:42, , , , ,0.44, , ,1.41, , ,6.71,917,374.0, , , , , , , ,737.98,736.88,400.0,100.0, , , ,, , , , , , , 
09:30:45, , , , ,1.51, , ,2.74, , ,8.06,917,376.0, , , , , , , ,736.88,736.14,200.0,1800.0, , , ,, , , , , , , 
09:30:48, , , , ,1.48, , ,2.85, , ,8.1,917,372.0, , , , , , , ,736.88,736.14,300.0,1784.0, , , ,, , , , , , , 
09:30:51, , , , ,1.61, , ,3.0, , ,8.19,917,377.0, , , , , , , ,736.87,736.19,100.0,800.0, , , ,, , , , , , , 
09:30:54, , , , ,1.35, , ,2.83, , ,7.87,917,376.0, , , , , , , ,736.88,736.8,300.0,100.0, , , ,, , , , , , , 
09:30:57, , , , ,1.65, , ,3.27, , ,8.11,917,374.0, , , , , , , ,736.87,736.6,100.0,600.0, , , ,, , , , , , , 
09:31:00, , , , ,1.38, , ,3.32, , ,7.95,917,383.0, , , , , , , ,737.0,736.88,500.0,100.0, , , ,, , , , , , , 
09:31:03, , , , ,1.49, , ,3.73, , ,8.13,917,383.0, , , , , , , ,736.88,736.87,100.0,600.0, , , ,, , , , , , , 
09:31:06, , , , ,0.71, , ,3.12, , ,7.4,917,392.0, , , , , , , ,737.95,736.99,300.0,100.0, , , ,, , , , , , , 
09:31:09, , , , ,0.05, , ,2.55, , ,6.8,917,395.0, , , , , , , ,738.0,737.98,2600.0,500.0, , , ,, , , , , , , 
09:31:12, , , , ,0.11, , ,2.66, , ,7.04,917,403.0, , , , , , , ,737.98,737.95,600.0,300.0, , , ,, , , , , , , 
09:31:15,-0.42,1.1,-0.05,1.14,0.8,-0.43,1.07,3.36,-0.78,1.1,7.84,917,403.0, , , , , , , ,737.95,737.0,200.0,500.0, , , ,, , , , , , , 
09:31:18,-0.38,1.3,-0.24,1.5,0.82,-0.15,1.26,3.41,-0.75,1.14,8.0,917,399.0, , , , , , , ,737.94,737.0,100.0,600.0, , , ,, , , , , , , 
09:31:21,-0.62,0.65,-0.47,0.29,0.21,-0.55,0.98,2.85,-0.83,0.69,7.48,917,403.0, , , , , , , ,737.95,737.93,200.0,100.0, , , ,, , , , , , , 
09:31:24,-0.65,0.7,-0.41,0.62,0.26,-0.69,0.85,2.93,-0.84,0.63,7.55,917,407.0, , , , , , , ,737.98,737.93,400.0,100.0, , , ,, , , , , , , 
09:31:27,-0.21,1.19,-0.02,0.98,0.9,-0.14,1.58,3.69,-0.46,1.02,8.27,917,405.0, , , , , , , ,737.98,737.1,500.0,100.0, , , ,, , , , , , , 
09:31:30,-0.14,1.39,0.08,1.17,0.98,-0.01,1.56,3.92,-0.49,1.44,8.38,917,427.0, , , , , , , ,738.0,737.1,1000.0,100.0, , , ,, , , , , , , 
09:31:33,0.41,1.42,0.76,1.1,0.48,0.49,1.8,3.54,-0.02,1.37,7.88,917,433.0, , , , , , , ,738.0,737.97,900.0,1100.0, , , ,, , , , , , , 
09:31:36,0.73,1.93,0.95,1.88,0.48,0.64,1.99,3.7,0.58,1.93,7.92,917,457.0, , , , , , , ,738.06,738.0,100.0,300.0, , , ,, , , , , , , 
09:31:39,0.36,1.56,0.25,1.6,0.52,0.26,1.44,3.85,0.58,1.64,7.96,917,460.0, , , , , , , ,738.06,738.0,100.0,158.0, , , ,, , , , , , , 
09:31:42,0.12,1.42,0.21,2.0,1.33,0.21,1.17,4.63,-0.05,1.1,8.75,917,465.0, , , , , , , ,737.93,737.03,242.0,1000.0, , , ,, , , , , , , 
09:31:45,0.38,1.27,0.28,0.95,1.42,0.68,1.51,4.66,0.17,1.34,8.78,917,465.0, , , , , , , ,737.93,737.03,142.0,900.0, , , ,, , , , , , , 
09:31:48,0.2,1.34,0.12,1.49,1.51,0.4,1.35,4.67,0.09,1.16,8.78,917,460.0, , , , , , , ,737.92,737.07,300.0,100.0, , , ,, , , , , , , 
09:31:51,-0.19,0.89,-0.37,0.69,1.07,0.03,1.03,4.22,-0.21,0.94,8.18,917,463.0, , , , , , , ,737.97,737.93,1100.0,658.0, , , ,, , , , , , , 
09:31:54,-0.12,1.2,-0.16,1.4,1.31,0.08,1.13,4.36,-0.3,1.07,8.24,917,477.0, , , , , , , ,737.99,737.93,400.0,358.0, , , ,, , , , , , , 
09:31:57,0.2,1.02,-0.01,1.04,1.63,0.43,1.06,4.46,0.18,0.94,8.35,917,488.0, , , , , , , ,737.99,737.9,42.0,200.0, , , ,, , , , , , , 
09:32:00,0.26,1.59,0.36,1.83,1.93,0.37,1.73,4.64,0.05,1.21,8.4,917,489.0, , , , , , , ,738.0,737.93,632.0,500.0, , , ,, , , , , , , 
09:32:03,0.54,1.56,0.61,1.67,2.25,0.65,1.59,4.71,0.37,1.42,8.58,917,491.0, , , , , , , ,738.0,737.93,632.0,200.0, , , ,, , , , , , , 
09:32:06,0.69,1.72,0.74,2.13,2.38,0.9,1.56,4.91,0.43,1.47,8.63,917,503.0, , , , , , , ,738.02,738.0,100.0,168.0, , , ,, , , , , , , 
09:32:09,0.99,1.64,1.15,1.5,2.48,0.97,1.74,5.13,0.84,1.67,8.71,917,505.0,400.0,738.06,738.06,400.0,400.0, ,-1.23,738.06,738.02,32.0,200.0, ,2018-05-29 09:32:09,2018-05-29 09:32:09.678000,, , ,FILLED, , ,2018-05-29 09:32:09.678000,2018-05-29 09:32:11.989000
09:32:12,0.76,1.6,0.9,1.68,2.49,0.7,1.56,5.2,0.69,1.56,8.69,917,516.0, , , , , , , ,738.15,738.02,100.0,68.0, , , ,, , , , , , , 
09:32:15,0.41,1.2,0.31,1.08,2.58,0.39,1.25,5.35,0.53,1.26,8.7,917,515.0, , , , , , , ,738.06,738.03,500.0,300.0, , , ,, , , , , , , 
09:32:18,0.51,1.43,0.75,1.74,2.56,0.66,1.33,5.13,0.12,1.22,8.57,917,519.0, , , , , , , ,738.15,738.02,200.0,368.0, , , ,, , , , , , , 
09:32:21,0.8,1.26,1.0,1.3,2.65,1.01,1.39,5.18,0.4,1.08,8.54,917,526.0, , , , , , , ,738.12,738.06,100.0,68.0, , , ,, , , , , , , 
09:32:24,0.78,1.51,0.96,1.83,2.67,0.96,1.58,5.1,0.41,1.13,8.5,917,569.0, , , , , , , ,738.24,738.06,100.0,100.0, , , ,, , , , , , , 
09:32:27,0.5,1.27,0.74,1.42,2.74,0.57,1.35,4.81,0.19,1.03,8.43,917,564.0, , , , , , , ,738.33,738.15,100.0,300.0, , , ,, , , , , , , 
09:32:30,0.42,1.16,0.57,1.67,2.87,0.6,1.05,4.71,0.09,0.76,8.27,917,560.0, , , , , , , ,738.42,738.22,100.0,100.0, , , ,, , , , , , , 
09:32:33,0.95,1.33,1.22,1.71,3.02,1.14,1.46,4.42,0.49,0.82,8.12,917,555.0, , , , , , , ,738.42,738.33,100.0,1400.0, , , ,, , , , , , , 
09:32:36,0.96,1.51,1.32,1.82,3.19,1.09,1.77,4.18,0.47,0.94,8.09,917,557.0, , , , , , , ,738.5,738.33,100.0,900.0, , , ,, , , , , , , 
09:32:39,0.81,1.37,1.05,1.67,3.3,0.9,1.58,4.15,0.47,0.86,7.99,917,553.0, , , , , , , ,738.53,738.33,100.0,900.0, , , ,, , , , , , , 
09:32:42,1.08,1.42,1.44,1.74,3.33,1.27,1.65,4.14,0.51,0.87,8.04,917,549.0,400.0,738.53,738.53,200.0,600.0, ,-1.02,738.53,738.33,100.0,1200.0, ,2018-05-29 09:32:42,2018-05-29 09:32:42.726000,, , ,CANCELED, , ,2018-05-29 09:32:42.726000,2018-05-29 09:32:46.128000
09:32:45,1.11,1.32,1.33,1.48,3.15,1.41,1.73,3.94,0.59,0.76,7.85,1065,548.0,500.0,738.64,738.64,200.0,800.0, ,-0.9,738.64,738.53,400.0,300.0, ,2018-05-29 09:32:45,2018-05-29 09:32:46.128000,, , ,CANCELED, , ,2018-05-29 09:32:46.128000,2018-05-29 09:32:49.151000
09:32:48,1.2,1.67,1.53,1.88,3.1,1.36,2.27,3.83,0.71,0.86,7.69,951,553.0,600.0,738.66,738.66,600.0,1400.0, ,-0.94,738.66,738.64,700.0,400.0, ,2018-05-29 09:32:48,2018-05-29 09:32:49.152000,, , ,FILLED, , ,2018-05-29 09:32:49.152000,2018-05-29 09:32:50.396000
09:32:51,1.21,1.78,1.55,1.84,3.1,1.29,2.42,3.67,0.78,1.09,7.54,1079,558.0,500.0,738.79,738.79,200.0,1600.0, ,-0.84,738.79,738.76,200.0,100.0, ,2018-05-29 09:32:51,2018-05-29 09:32:51.579000,, , ,CANCELED, , ,2018-05-29 09:32:51.579000,2018-05-29 09:32:55.201000
09:32:54,1.57,2.06,1.88,2.37,3.01,1.85,2.5,3.6,0.97,1.3,7.25,1053,572.0,500.0,739.0,739.0,500.0,2100.0, ,-0.81,739.0,738.9,500.0,200.0, ,2018-05-29 09:32:54,2018-05-29 09:32:55.201000,, , ,FILLED, , ,2018-05-29 09:32:55.201000,2018-05-29 09:32:55.962000
09:32:57,1.43,2.06,1.67,2.34,2.56,1.64,2.57,3.25,0.99,1.26,6.65,1019,575.0,500.0,739.5,739.5,100.0,2200.0, ,-0.49,739.5,739.17,100.0,200.0, ,2018-05-29 09:32:57,2018-05-29 09:32:57.644000,, , ,CANCELED, , ,2018-05-29 09:32:57.645000,2018-05-29 09:33:01.242000
09:33:00,1.49,2.24,1.79,2.73,2.52,1.5,2.68,3.17,1.17,1.31,6.35,1060,571.0,600.0,739.55,0.0,0.0,2200.0, , ,739.55,739.5,900.0,400.0, ,2018-05-29 09:33:00,2018-05-29 09:33:01.242000,, , ,CANCELED, , ,2018-05-29 09:33:01.242000,2018-05-29 09:33:04.262000
09:33:03,1.44,2.4,1.85,2.93,2.3,1.27,2.7,3.04,1.2,1.58,6.02,1061,584.0,500.0,739.88,739.88,300.0,2500.0, ,-0.11,739.88,739.6,100.0,200.0, ,2018-05-29 09:33:03,2018-05-29 09:33:04.263000,, , ,CANCELED, , ,2018-05-29 09:33:04.263000,2018-05-29 09:33:07.283000
09:33:06,1.51,2.45,1.85,3.09,2.35,1.45,2.56,2.85,1.23,1.7,5.77,1055,591.0,500.0,739.9,739.633,300.0,2800.0, ,0.15,739.9,739.88,100.0,200.0, ,2018-05-29 09:33:06,2018-05-29 09:33:07.283000,, , ,CANCELED, , ,2018-05-29 09:33:07.283000,2018-05-29 09:33:10.292000
09:33:09,1.36,2.16,1.68,2.74,2.6,1.36,2.32,2.82,1.03,1.43,5.77,1240,590.0,600.0,739.91,739.91,100.0,2900.0, ,0.13,739.91,739.9,100.0,200.0, ,2018-05-29 09:33:09,2018-05-29 09:33:10.292000,, , ,CANCELED, , ,2018-05-29 09:33:10.292000,2018-05-29 09:33:13.313000
09:33:12,1.4,1.97,1.62,2.51,2.67,1.33,2.09,2.83,1.23,1.31,5.68,1001,586.0,600.0,739.98,739.98,600.0,3500.0, ,-0.1,739.98,739.91,600.0,500.0, ,2018-05-29 09:33:12,2018-05-29 09:33:13.313000,, , ,FILLED, , ,2018-05-29 09:33:13.313000,2018-05-29 09:33:14.145000
09:33:15,1.05,1.87,1.26,2.33,2.75,1.04,1.94,2.88,0.86,1.36,5.62,956,589.0, , , , , , , ,740.0,739.91,2500.0,200.0, , , ,, , , , , , , 
09:33:18,1.29,1.89,1.39,2.5,2.54,1.41,1.91,2.85,1.06,1.26,5.62,1111,609.0, , , , , , , ,740.0,739.99,500.0,300.0, , , ,, , , , , , , 
09:33:21,1.63,2.19,1.8,2.63,2.54,1.67,2.57,2.89,1.44,1.37,5.54,1189,638.0,600.0,740.05,740.05,600.0,4100.0, ,-0.16,740.05,740.0,2700.0,4900.0, ,2018-05-29 09:33:21,2018-05-29 09:33:21.625000,, , ,FILLED, , ,2018-05-29 09:33:21.625000,2018-05-29 09:33:22.704000
09:33:24,1.52,1.99,1.74,2.31,2.29,1.3,2.38,2.63,1.5,1.27,5.33,1287,664.0,600.0,740.39,740.39,600.0,4700.0, ,-0.29,740.39,740.05,300.0,800.0, ,2018-05-29 09:33:24,2018-05-29 09:33:24.590000,, , ,FILLED, , ,2018-05-29 09:33:24.590000,2018-05-29 09:33:26.219000
09:33:27,0.98,1.78,1.16,2.12,2.1,0.91,1.93,2.62,0.89,1.3,5.38,1392,673.0, , , , , , , ,740.4,740.08,100.0,300.0, , , ,, , , , , , , 
09:33:30,0.98,1.59,0.87,1.95,1.66,1.05,1.59,2.22,1.02,1.24,5.0,1284,671.0, , , , , , , ,740.63,740.5,100.0,200.0, , , ,, , , , , , , 
09:33:33,0.71,1.2,0.61,1.56,1.24,0.62,1.15,2.07,0.88,0.9,4.94,1304,666.0, , , , , , , ,740.8,740.63,300.0,100.0, , , ,, , , , , , , 
09:33:36,0.89,1.43,0.89,2.01,0.83,0.6,1.28,1.88,1.17,1.01,4.78,1222,664.0, , , , , , , ,740.95,740.83,900.0,2600.0, , , ,, , , , , , , 
09:33:39,0.74,1.5,0.74,1.97,0.83,0.45,1.37,1.94,1.03,1.16,4.87,1380,692.0, , , , , , , ,740.97,740.8,300.0,100.0, , , ,, , , , , , , 
09:33:42,0.76,1.44,0.61,1.8,0.7,0.61,1.37,1.9,1.06,1.14,4.79,1289,692.0, , , , , , , ,741.0,740.95,2700.0,100.0, , , ,, , , , , , , 
09:33:45,0.78,1.49,0.68,1.78,0.91,0.48,1.7,2.2,1.19,0.98,5.04,1359,717.0, , , , , , , ,740.84,740.8,900.0,600.0, , , ,, , , , , , , 
09:33:48,0.71,1.22,0.59,1.4,0.69,0.25,1.27,2.03,1.3,0.99,4.88,1533,745.0, , , , , , , ,740.99,740.95,600.0,100.0, , , ,, , , , , , , 
09:33:51,0.67,1.28,0.59,1.47,0.66,0.31,1.37,2.12,1.11,1.0,4.83,1551,756.0, , , , , , , ,741.0,740.99,200.0,300.0, , , ,, , , , , , , 
09:33:54,0.58,1.21,0.42,1.33,0.19,0.11,1.25,1.56,1.22,1.03,4.1,1482,758.0, , , , , , , ,741.95,741.0,100.0,2000.0, , , ,, , , , , , , 
09:33:57,-0.0,0.5,0.01,0.64,0.66,-0.52,0.47,1.98,0.51,0.38,4.31,1643,759.0, , , , , , , ,741.5,741.0,500.0,2500.0, , , ,, , , , , , , 
09:34:00,-0.24,0.15,-0.26,0.4,0.9,-0.61,-0.02,2.14,0.14,0.09,4.3,1507,764.0, , , , , , , ,741.41,741.0,100.0,3200.0, , , ,, , , , , , , 
09:34:03,-0.49,0.11,-0.52,0.3,0.49,-0.64,-0.03,1.67,-0.32,0.06,3.71,1591,759.0, , , , , , , ,741.85,741.41,100.0,100.0, , , ,, , , , , , , 
09:34:06,-0.4,0.07,-0.53,0.23,0.41,-0.58,-0.03,1.66,-0.1,0.02,3.64,1423,764.0, , , , , , , ,741.99,741.41,2228.0,100.0, , , ,, , , , , , , 
09:34:09,-0.31,0.16,-0.37,0.37,-0.01,-0.7,0.11,1.36,0.15,0.0,3.21,1508,783.0, , , , , , , ,742.0,741.99,728.0,2100.0, , , ,, , , , , , , 
09:34:12,-0.06,0.15,-0.26,0.38,0.05,-0.47,0.09,1.57,0.56,-0.01,3.12,1443,783.0, , , , , , , ,742.0,741.99,200.0,1500.0, , , ,, , , , , , , 
09:34:15,-0.23,0.11,-0.41,0.21,0.11,-0.6,0.12,1.71,0.33,-0.0,3.05,1387,785.0, , , , , , , ,742.0,741.99,100.0,600.0, , , ,, , , , , , , 
09:34:18,-0.64,-0.22,-0.81,0.02,0.15,-0.92,-0.26,1.85,-0.19,-0.41,3.0,1455,792.0,-3000.0,741.99,741.99,-1500.0,3200.0, ,2.33,742.0,741.99,1200.0,100.0, ,2018-05-29 09:34:18,2018-05-29 09:34:18.582000,, , ,CANCELED, , ,2018-05-29 09:34:18.582000,2018-05-29 09:34:22.305000
09:34:21,-0.76,-0.42,-0.79,-0.11,0.9,-1.14,-0.4,2.65,-0.34,-0.75,3.73,1686,826.0,-3000.0,741.97,741.981,-3000.0,200.0, ,2.26,741.99,741.01,1500.0,1200.0, ,2018-05-29 09:34:21,2018-05-29 09:34:22.306000,, , ,FILLED, , ,2018-05-29 09:34:22.306000,2018-05-29 09:34:25.335000
09:34:24,-0.68,-0.38,-1.0,-0.28,0.02,-0.99,-0.3,1.86,-0.06,-0.56,2.94,1960,894.0, , , , , , , ,742.3,742.0,4600.0,1700.0, , , ,, , , , , , , 
09:34:27,-0.56,-0.4,-0.98,-0.38,0.21,-0.94,-0.43,2.17,0.22,-0.39,3.17,1804,887.0,-200.0,742.03,0.0,-0.0,200.0, , ,742.05,742.0,100.0,1900.0, ,2018-05-29 09:34:27,2018-05-29 09:34:27.626000,, , ,CANCELED, , ,2018-05-29 09:34:27.626000,2018-05-29 09:34:30.889000
09:34:30,-0.8,-0.45,-1.14,-0.35,0.95,-1.01,-0.48,3.0,-0.24,-0.52,3.93,1891,911.0,-200.0,741.98,741.98,-200.0,0.0,8060.28,2.32,742.0,741.02,7000.0,100.0, ,2018-05-29 09:34:30,2018-05-29 09:34:30.890000,, , ,FILLED,3483527.383135071,3475467.105987198,2018-05-29 09:34:30.890000,2018-05-29 09:34:32.914000
09:34:33,-0.73,-0.43,-1.16,-0.6,1.01,-1.02,-0.17,3.11,-0.02,-0.52,3.94,1981,922.0, , , , , , , ,742.0,741.0,6600.0,2800.0, , , ,, , , , , , , 
09:34:36,-0.75,-0.45,-1.2,-0.6,1.06,-1.02,-0.4,3.2,-0.04,-0.35,3.94,1830,918.0, , , , , , , ,742.0,741.0,7000.0,2900.0, , , ,, , , , , , , 
09:34:39,-0.76,-0.26,-1.24,-0.3,1.11,-0.98,-0.15,3.25,-0.07,-0.32,3.9,1993,944.0, , , , , , , ,742.0,741.0,5500.0,1900.0, , , ,, , , , , , , 
09:34:42,-0.59,-0.1,-1.12,-0.16,1.21,-0.83,-0.03,3.31,0.17,-0.11,3.91,1933,961.0, , , , , , , ,741.97,741.0,2400.0,900.0, , , ,, , , , , , , 
09:34:45,-0.75,-0.21,-1.1,-0.35,1.3,-1.03,-0.14,3.33,-0.12,-0.15,3.88,1900,955.0, , , , , , , ,741.97,741.0,2200.0,1400.0, , , ,, , , , , , , 
09:34:48,-0.68,-0.31,-1.11,-0.45,1.33,-0.95,-0.3,3.35,0.02,-0.18,3.85,1878,954.0, , , , , , , ,741.97,741.0,1300.0,2000.0, , , ,, , , , , , , 
09:34:51,-0.66,-0.18,-0.92,-0.14,1.48,-0.86,-0.23,3.4,-0.2,-0.16,3.87,2076,946.0, , , , , , , ,741.92,741.01,100.0,100.0, , , ,, , , , , , , 
09:34:54,-0.35,0.01,-0.78,-0.0,1.53,-0.61,0.02,3.43,0.35,0.02,3.73,1886,991.0, , , , , , , ,741.99,741.01,400.0,100.0, , , ,, , , , , , , 
09:34:57,-0.21,0.09,-0.45,-0.0,0.97,-0.49,0.22,2.84,0.32,0.07,3.04,1849,990.0, , , , , , , ,742.0,741.99,5200.0,900.0, , , ,, , , , , , , 
09:35:00,0.27,0.34,-0.12,0.4,1.08,-0.27,0.5,2.93,1.19,0.12,3.04,1939,1017.0, , , , , , , ,742.0,741.99,1700.0,800.0, , , ,, , , , , , , 
09:35:03,0.42,0.57,0.1,0.67,1.18,-0.2,0.7,3.1,1.35,0.34,3.04,1981,1023.0, , , , , , , ,742.0,741.99,1700.0,693.0, , , ,, , , , , , , 
09:35:06,0.33,0.47,0.09,0.56,1.26,-0.24,0.46,3.22,1.13,0.4,3.14,2056,1056.0, , , , , , , ,742.0,741.99,200.0,393.0, , , ,, , , , , , , 
09:35:09,0.25,0.31,0.19,0.4,1.34,-0.25,0.36,3.31,0.82,0.19,3.18,2083,1070.0, , , , , , , ,742.04,741.99,100.0,800.0, , , ,, , , , , , , 
09:35:12,0.51,0.62,0.41,0.76,1.63,-0.13,0.75,3.43,1.25,0.34,3.33,2179,1095.0, , , , , , , ,741.99,741.92,1007.0,4300.0, , , ,, , , , , , , 
09:35:15,0.6,0.73,0.47,0.71,1.46,0.02,0.84,3.08,1.3,0.63,3.16,2282,1116.0, , , , , , , ,742.18,742.17,100.0,600.0, , , ,, , , , , , , 
09:35:18,0.79,0.69,0.6,0.69,1.6,0.47,0.75,3.01,1.31,0.64,3.25,2185,1106.0, , , , , , , ,742.18,742.17,100.0,500.0, , , ,, , , , , , , 
09:35:21,0.42,0.49,0.29,0.54,1.81,-0.02,0.5,3.07,1.0,0.43,3.46,2310,1127.0, , , , , , , ,742.2,742.04,1400.0,3300.0, , , ,, , , , , , , 
09:35:24,0.26,0.4,0.1,0.43,1.81,-0.15,0.43,3.01,0.83,0.35,3.62,2159,1124.0, , , , , , , ,742.2,742.17,1300.0,2728.0, , , ,, , , , , , , 
09:35:27,0.07,0.37,-0.08,0.39,1.94,-0.18,0.46,3.05,0.47,0.25,3.91,2054,1123.0, , , , , , , ,742.2,742.18,800.0,100.0, , , ,, , , , , , , 
09:35:30,0.26,0.47,0.08,0.45,2.01,-0.04,0.59,2.96,0.73,0.38,4.11,2312,1157.0, , , , , , , ,742.3,742.17,4000.0,1581.0, , , ,, , , , , , , 
09:35:33,0.11,0.39,-0.04,0.43,2.09,-0.2,0.48,2.85,0.57,0.26,4.33,2281,1170.0, , , , , , , ,742.3,742.2,3000.0,1400.0, , , ,, , , , , , , 
09:35:36,0.16,0.45,-0.14,0.65,2.09,-0.09,0.42,2.79,0.7,0.28,4.39,2430,1222.0, , , , , , , ,742.44,742.2,800.0,600.0, , , ,, , , , , , , 
09:35:39,0.06,0.46,-0.1,0.47,2.1,-0.2,0.52,2.67,0.5,0.39,4.46,2455,1243.0, , , , , , , ,742.48,742.2,500.0,1100.0, , , ,, , , , , , , 
09:35:42,0.29,0.59,0.02,0.7,2.1,0.11,0.57,2.66,0.74,0.5,4.51,2457,1244.0, , , , , , , ,742.47,742.3,284.0,1300.0, , , ,, , , , , , , 
09:35:45,0.35,0.71,0.1,0.73,1.98,0.12,0.69,2.56,0.81,0.72,4.54,2720,1282.0, , , , , , , ,742.5,742.47,384.0,100.0, , , ,, , , , , , , 
09:35:48,0.43,0.65,0.13,0.73,1.87,0.36,0.54,2.35,0.8,0.68,4.61,2729,1283.0, , , , , , , ,742.66,742.5,700.0,1171.0, , , ,, , , , , , , 
09:35:51,-0.1,0.2,-0.29,0.33,2.06,-0.19,0.09,2.55,0.17,0.18,4.97,2706,1296.0, , , , , , , ,742.6,742.3,1700.0,539.0, , , ,, , , , , , , 
09:35:54,-0.25,0.13,-0.33,0.23,1.77,-0.37,0.06,2.13,-0.05,0.11,4.86,2628,1318.0, , , , , , , ,742.8,742.66,100.0,300.0, , , ,, , , , , , , 
09:35:57,-0.07,0.47,-0.23,0.46,1.79,-0.33,0.21,1.99,0.36,0.72,5.0,2532,1328.0, , , , , , , ,742.8,742.75,100.0,700.0, , , ,, , , , , , , 
09:36:00,0.36,0.61,-0.01,0.69,1.71,0.09,0.44,1.79,1.0,0.71,5.0,2452,1328.0, , , , , , , ,742.99,742.8,4000.0,1000.0, , , ,, , , , , , , 
09:36:03,-0.2,0.19,-0.52,0.27,2.06,-0.33,0.15,1.91,0.26,0.15,5.37,2468,1337.0, , , , , , , ,742.8,742.75,700.0,100.0, , , ,, , , , , , , 
09:36:06,0.3,0.72,0.12,0.93,1.83,0.49,0.61,1.53,0.28,0.64,5.18,3204,1448.0, , , , , , , ,743.05,743.0,1000.0,21014.0, , , ,, , , , , , , 
09:36:09,1.04,1.32,0.53,1.28,1.94,1.3,1.11,1.54,1.29,1.57,5.4,2929,1453.0,600.0,743.05,743.05,600.0,600.0, ,-1.24,743.05,743.0,500.0,19614.0, ,2018-05-29 09:36:09,2018-05-29 09:36:09.640000,, , ,FILLED, , ,2018-05-29 09:36:09.640000,2018-05-29 09:36:10.498000
09:36:12,1.43,1.59,0.42,1.46,1.74,1.62,1.36,1.27,2.24,1.93,5.22,3135,1469.0,600.0,743.3,743.3,400.0,1000.0, ,-1.23,743.3,743.11,100.0,6300.0, ,2018-05-29 09:36:12,2018-05-29 09:36:12.594000,, , ,CANCELED, , ,2018-05-29 09:36:12.594000,2018-05-29 09:36:16.240000
09:36:15,1.22,1.4,0.56,1.14,1.43,1.21,1.44,0.96,1.88,1.63,5.05,3036,1460.0, , , , , , , ,743.5,743.3,2800.0,300.0, , , ,, , , , , , , 
09:36:18,0.84,1.07,0.27,1.06,1.35,0.81,0.93,1.01,1.44,1.21,5.14,2828,1459.0, , , , , , , ,743.5,743.3,2200.0,100.0, , , ,, , , , , , , 
09:36:21,0.89,1.35,0.56,1.27,1.25,0.69,1.22,0.88,1.41,1.56,5.15,2650,1448.0, , , , , , , ,743.5,743.43,1800.0,1000.0, , , ,, , , , , , , 
09:36:24,0.98,1.24,0.62,1.32,1.12,0.95,1.05,0.78,1.36,1.35,5.25,2645,1460.0, , , , , , , ,743.63,743.55,100.0,1300.0, , , ,, , , , , , , 
09:36:27,0.78,1.27,0.56,1.19,1.05,0.65,1.05,0.73,1.14,1.56,5.34,2614,1458.0, , , , , , , ,743.8,743.55,300.0,300.0, , , ,, , , , , , , 
09:36:30,0.56,1.06,0.32,1.13,0.83,0.35,0.84,0.61,1.01,1.21,5.29,2461,1453.0, , , , , , , ,743.82,743.8,100.0,2700.0, , , ,, , , , , , , 
09:36:33,0.23,0.98,-0.06,0.99,0.71,0.15,0.72,0.72,0.61,1.23,5.32,2535,1461.0, , , , , , , ,743.88,743.8,100.0,2000.0, , , ,, , , , , , , 
09:36:36,0.14,0.87,-0.09,0.99,0.67,-0.0,0.61,0.73,0.51,0.99,5.29,2601,1462.0, , , , , , , ,743.9,743.88,400.0,700.0, , , ,, , , , , , , 
09:36:39,0.24,0.99,0.03,1.01,0.51,-0.03,0.89,0.72,0.73,1.08,5.26,2465,1474.0, , , , , , , ,744.0,743.9,2900.0,300.0, , , ,, , , , , , , 
09:36:42,0.7,1.04,0.31,1.12,0.57,0.56,0.96,0.79,1.23,1.05,5.31,2397,1466.0, , , , , , , ,743.95,743.93,100.0,700.0, , , ,, , , , , , , 
09:36:45,0.42,1.02,-0.07,1.07,0.56,0.39,0.88,0.79,0.94,1.12,5.28,2470,1481.0, , , , , , , ,743.99,743.95,700.0,1300.0, , , ,, , , , , , , 
09:36:48,-0.05,0.68,-0.52,0.6,0.48,-0.0,0.5,0.83,0.38,0.93,5.38,2607,1476.0, , , , , , , ,743.99,743.95,100.0,1450.0, , , ,, , , , , , , 
09:36:51,-0.65,0.17,-1.23,-0.06,0.47,-0.58,0.14,0.77,-0.15,0.41,5.42,2793,1471.0, , , , , , , ,744.0,743.99,7200.0,100.0, , , ,, , , , , , , 
09:36:54,-0.49,0.27,-0.92,0.25,0.43,-0.48,0.19,0.69,-0.07,0.37,5.56,2604,1559.0, , , , , , , ,744.0,743.99,100.0,300.0, , , ,, , , , , , , 
09:36:57,-0.32,0.46,-0.63,0.31,0.05,-0.59,0.49,0.31,0.25,0.58,5.4,2753,1550.0, , , , , , , ,744.43,744.0,600.0,1100.0, , , ,, , , , , , , 
09:37:00,-0.08,0.3,-0.41,0.19,0.01,-0.41,0.17,0.24,0.6,0.53,5.46,2630,1556.0, , , , , , , ,744.43,744.0,300.0,1900.0, , , ,, , , , , , , 
09:37:03,-0.4,0.18,-0.91,0.02,-0.07,-0.61,0.07,0.2,0.33,0.47,5.58,2763,1615.0, , , , , , , ,744.5,743.98,400.0,100.0, , , ,, , , , , , , 
09:37:06,-0.79,-0.0,-1.16,-0.22,-0.49,-0.75,-0.05,-0.16,-0.46,0.27,5.3,2996,1626.0, , , , , , , ,744.55,744.5,100.0,600.0, , , ,, , , , , , , 
09:37:09,-0.96,-0.19,-1.42,-0.53,-0.52,-0.82,-0.28,-0.24,-0.65,0.23,5.4,2862,1626.0,-1000.0,744.55,744.55,-1000.0,0.0,523.51,0.7,744.56,744.55,100.0,900.0, ,2018-05-29 09:37:09,2018-05-29 09:37:09.740000,, , ,FILLED,743739.4154122809,743215.9087212923,2018-05-29 09:37:09.740000,2018-05-29 09:37:11.716000
09:37:12,-0.85,-0.18,-1.24,-0.4,-0.55,-0.85,-0.32,-0.33,-0.47,0.18,5.38,2689,1637.0, , , , , , , ,744.6,744.5,1800.0,100.0, , , ,, , , , , , , 
09:37:15,-0.96,-0.14,-1.38,-0.39,-0.34,-0.95,-0.21,-0.15,-0.54,0.19,5.77,2753,1652.0, , , , , , , ,744.44,744.3,2800.0,1100.0, , , ,, , , , , , , 
09:37:18,-0.89,-0.15,-1.28,-0.41,-0.29,-0.92,-0.21,-0.19,-0.46,0.16,5.87,2677,1657.0, , , , , , , ,744.44,744.3,700.0,1200.0, , , ,, , , , , , , 
09:37:21,-1.03,-0.24,-1.37,-0.52,-0.31,-0.99,-0.22,-0.12,-0.73,0.02,5.95,3078,1666.0, , , , , , , ,744.4,744.3,400.0,1100.0, , , ,, , , , , , , 
09:37:24,-1.02,-0.33,-1.48,-0.58,-0.42,-0.91,-0.36,-0.21,-0.68,-0.05,5.96,2703,1673.0, , , , , , , ,744.5,744.47,800.0,1000.0, , , ,, , , , , , , 
09:37:27,-0.98,-0.22,-1.46,-0.58,-0.36,-0.96,-0.18,-0.14,-0.52,0.09,5.91,2843,1667.0, , , , , , , ,744.5,744.47,300.0,900.0, , , ,, , , , , , , 
09:37:30,-0.97,-0.25,-1.37,-0.54,-0.32,-0.94,-0.28,-0.12,-0.6,0.08,5.89,2660,1673.0, , , , , , , ,744.55,744.47,1000.0,100.0, , , ,, , , , , , , 
09:37:33,-1.05,-0.3,-1.34,-0.59,0.18,-1.04,-0.34,0.26,-0.76,0.03,6.32,2889,1686.0, , , , , , , ,744.47,744.0,1500.0,2100.0, , , ,, , , , , , , 
09:37:36,-0.93,-0.33,-1.23,-0.57,0.26,-0.82,-0.44,0.24,-0.75,0.03,6.33,2691,1685.0, , , , , , , ,744.47,744.01,800.0,200.0, , , ,, , , , , , , 
09:37:39,-0.96,-0.38,-1.42,-0.75,-0.12,-1.05,-0.5,-0.25,-0.41,0.11,6.0,2876,1714.0, , , , , , , ,744.69,744.47,482.0,100.0, , , ,, , , , , , , 
09:37:42,-0.9,-0.34,-1.29,-0.55,0.37,-0.95,-0.56,0.18,-0.47,0.1,6.51,2867,1729.0, , , , , , , ,744.5,744.0,100.0,200.0, , , ,, , , , , , , 
09:37:45,-0.65,-0.08,-0.95,-0.39,0.25,-0.82,-0.28,-0.02,-0.17,0.43,6.4,2594,1733.0, , , , , , , ,744.75,744.0,100.0,118.0, , , ,, , , , , , , 
09:37:48,-0.47,-0.07,-0.88,-0.49,0.34,-0.76,-0.17,0.0,0.23,0.45,6.53,2798,1734.0, , , , , , , ,744.47,744.2,100.0,1118.0, , , ,, , , , , , , 
09:37:51,-0.86,-0.29,-1.37,-0.76,0.29,-0.9,-0.42,-0.02,-0.31,0.32,6.48,2669,1754.0, , , , , , , ,744.5,744.2,5000.0,1018.0, , , ,, , , , , , , 
09:37:54,-0.82,-0.34,-1.28,-0.73,0.24,-0.96,-0.49,-0.09,-0.22,0.19,6.48,2655,1757.0, , , , , , , ,744.46,744.2,700.0,103.0, , , ,, , , , , , , 
09:37:57,-0.56,0.04,-0.78,-0.31,0.29,-0.8,-0.07,0.03,-0.11,0.51,6.74,2878,1756.0, , , , , , , ,744.46,744.0,100.0,2503.0, , , ,, , , , , , , 
09:38:00,-0.19,0.2,-0.5,-0.16,0.4,-0.43,0.2,0.2,0.36,0.57,6.91,2685,1758.0, , , , , , , ,744.2,744.0,100.0,1803.0, , , ,, , , , , , , 
09:38:03,-0.36,0.19,-0.88,-0.41,0.23,-0.41,0.23,0.04,0.19,0.74,6.72,2951,1759.0, , , , , , , ,744.44,744.0,100.0,1303.0, , , ,, , , , , , , 
09:38:06,-0.32,0.13,-0.75,-0.3,0.25,-0.32,0.12,0.14,0.12,0.58,6.71,2660,1759.0, , , , , , , ,744.44,744.0,100.0,5103.0, , , ,, , , , , , , 
09:38:09,-0.08,0.26,-0.42,-0.15,0.36,-0.14,0.17,0.36,0.3,0.74,6.67,2473,1760.0, , , , , , , ,744.2,744.01,100.0,1000.0, , , ,, , , , , , , 
09:38:12,-0.18,0.18,-0.61,-0.22,0.21,-0.29,0.13,0.38,0.38,0.63,6.53,2944,1803.0, , , , , , , ,744.3,744.0,100.0,11603.0, , , ,, , , , , , , 
09:38:15,-0.6,-0.14,-1.09,-0.53,0.21,-0.61,-0.16,0.56,-0.11,0.29,6.44,2762,1832.0, , , , , , , ,744.2,744.0,600.0,8403.0, , , ,, , , , , , , 
09:38:18,-0.43,-0.13,-0.86,-0.4,0.17,-0.38,-0.12,0.66,-0.05,0.13,6.25,3041,1878.0, , , , , , , ,744.2,744.0,300.0,17103.0, , , ,, , , , , , , 
09:38:21,-0.22,0.07,-0.46,-0.3,0.02,-0.54,-0.01,0.59,0.33,0.51,5.85,3681,2003.0, , , , , , , ,744.5,744.0,11100.0,12602.0, , , ,, , , , , , , 
09:38:24,0.05,0.19,-0.22,-0.09,0.41,-0.31,0.05,1.15,0.68,0.62,5.92,3895,2080.0, , , , , , , ,744.05,744.0,600.0,11600.0, , , ,, , , , , , , 
09:38:27,0.18,0.39,-0.12,0.12,0.12,-0.04,0.32,1.07,0.71,0.75,5.34,3758,2085.0, , , , , , , ,744.38,744.2,100.0,800.0, , , ,, , , , , , , 
09:38:30,0.37,0.59,0.04,0.18,0.17,0.03,0.6,1.32,1.06,1.0,5.28,3789,2093.0, , , , , , , ,744.4,744.2,200.0,100.0, , , ,, , , , , , , 
09:38:33,0.65,0.93,0.39,0.54,-0.03,0.25,0.9,1.36,1.31,1.34,5.01,4496,2092.0, , , , , , , ,744.5,744.4,1100.0,900.0, , , ,, , , , , , , 
09:38:36,0.93,1.1,0.71,0.79,-0.05,0.53,1.2,1.5,1.55,1.31,4.98,3552,2089.0,600.0,744.52,744.52,600.0,600.0, ,-1.34,744.52,744.4,200.0,1900.0, ,2018-05-29 09:38:36,2018-05-29 09:38:36.650000,, , ,FILLED, , ,2018-05-29 09:38:36.650000,2018-05-29 09:38:38.529000
09:38:39,1.18,1.44,0.95,1.29,-0.17,1.16,1.5,1.52,1.43,1.53,5.03,3542,2082.0,600.0,744.55,744.55,600.0,1200.0, ,-1.22,744.55,744.5,100.0,1500.0, ,2018-05-29 09:38:39,2018-05-29 09:38:39.659000,, , ,FILLED, , ,2018-05-29 09:38:39.659000,2018-05-29 09:38:41.583000
09:38:42,1.21,1.41,0.94,1.17,-0.2,1.23,1.58,1.6,1.46,1.48,5.02,3265,2079.0,600.0,744.57,744.57,500.0,1700.0, ,-1.24,744.57,744.5,100.0,1048.0, ,2018-05-29 09:38:42,2018-05-29 09:38:42.638000,, , ,CANCELED, , ,2018-05-29 09:38:42.638000,2018-05-29 09:38:46.260000
09:38:45,1.11,1.33,0.89,1.09,-0.3,1.05,1.53,1.7,1.39,1.37,5.16,3213,2067.0, , , , , , , ,744.6,744.57,100.0,900.0, , , ,, , , , , , , 
09:38:48,0.92,1.26,0.64,0.92,-0.34,0.79,1.51,1.9,1.33,1.34,5.28,3086,2067.0, , , , , , , ,744.6,744.58,400.0,100.0, , , ,, , , , , , , 
09:38:51,0.77,1.2,0.53,0.98,-0.41,0.61,1.36,2.02,1.17,1.26,5.23,3141,2053.0, , , , , , , ,744.68,744.6,700.0,100.0, , , ,, , , , , , , 
09:38:54,0.34,0.72,0.03,0.56,-0.26,0.31,0.99,2.53,0.67,0.6,5.46,3036,2062.0, , , , , , , ,744.5,744.41,7452.0,100.0, , , ,, , , , , , , 
09:38:57,-0.18,0.38,-0.4,0.22,-0.13,-0.14,0.45,2.88,0.0,0.45,5.46,2931,2054.0, , , , , , , ,744.5,744.2,6652.0,200.0, , , ,, , , , , , , 
09:39:00,-0.16,0.32,-0.32,0.17,-0.1,-0.28,0.43,3.07,0.13,0.37,5.4,2955,2046.0, , , , , , , ,744.46,744.2,900.0,200.0, , , ,, , , , , , , 
09:39:03,-0.56,0.11,-0.89,0.05,-0.25,-0.65,0.05,3.13,-0.13,0.24,5.21,3148,2104.0, , , , , , , ,744.46,744.4,600.0,100.0, , , ,, , , , , , , 
09:39:06,-0.46,0.09,-0.86,-0.07,-0.15,-0.68,-0.01,3.28,0.15,0.34,5.21,3105,2088.0, , , , , , , ,744.45,744.41,400.0,1100.0, , , ,, , , , , , , 
09:39:09,-0.62,-0.04,-0.94,-0.21,-0.06,-0.71,-0.19,3.51,-0.19,0.26,5.28,2831,2073.0, , , , , , , ,744.44,744.41,800.0,600.0, , , ,, , , , , , , 
09:39:12,-0.47,0.02,-0.84,-0.15,0.27,-0.57,-0.06,3.85,-0.0,0.29,5.64,2971,2072.0, , , , , , , ,744.44,744.01,800.0,200.0, , , ,, , , , , , , 
09:39:15,-0.56,0.15,-0.77,-0.05,0.49,-0.52,0.19,4.04,-0.37,0.3,5.79,2760,2069.0, , , , , , , ,744.2,744.1,100.0,2200.0, , , ,, , , , , , , 
09:39:18,-0.31,0.19,-0.62,-0.07,0.46,-0.32,0.25,4.01,-0.0,0.39,5.72,2676,2057.0, , , , , , , ,744.38,744.1,2400.0,2100.0, , , ,, , , , , , , 
09:39:21,0.05,0.4,-0.16,0.1,0.54,0.07,0.62,4.04,0.23,0.48,5.63,3283,2040.0, , , , , , , ,744.38,744.2,2400.0,800.0, , , ,, , , , , , , 
09:39:24,0.47,0.69,0.02,0.4,0.66,0.47,0.89,4.18,0.92,0.78,5.43,2695,2082.0, , , , , , , ,744.39,744.38,100.0,200.0, , , ,, , , , , , , 
09:39:27,0.62,0.88,0.23,0.59,0.92,0.66,1.08,4.35,0.97,0.98,5.36,2736,2072.0, , , , , , , ,744.42,744.39,200.0,1100.0, , , ,, , , , , , , 
09:39:30,1.17,1.07,0.62,0.8,1.15,1.2,1.3,4.46,1.68,1.11,5.38,3142,2077.0,600.0,744.46,744.46,600.0,2300.0, ,-1.36,744.46,744.39,1000.0,400.0, ,2018-05-29 09:39:30,2018-05-29 09:39:30.604000,, , ,FILLED, , ,2018-05-29 09:39:30.604000,2018-05-29 09:39:31.494000
09:39:33,1.38,1.34,0.72,1.17,1.34,1.4,1.7,4.47,2.04,1.14,5.38,2680,2068.0,600.0,744.48,744.48,600.0,2900.0, ,-1.25,744.48,744.46,200.0,100.0, ,2018-05-29 09:39:33,2018-05-29 09:39:33.609000,, , ,FILLED, , ,2018-05-29 09:39:33.610000,2018-05-29 09:39:35.522000
09:39:36,1.68,1.58,0.96,1.38,1.59,1.78,1.98,4.6,2.31,1.39,5.58,2582,2070.0,600.0,744.4,744.4,600.0,3500.0, ,-1.32,744.4,744.39,300.0,600.0, ,2018-05-29 09:39:36,2018-05-29 09:39:36.610000,, , ,FILLED, , ,2018-05-29 09:39:36.610000,2018-05-29 09:39:38.049000
09:39:39,1.45,1.42,0.69,1.21,1.68,1.58,1.7,4.64,2.08,1.35,5.69,2611,2063.0,600.0,744.41,744.41,600.0,4100.0, ,-1.29,744.41,744.4,1400.0,125.0, ,2018-05-29 09:39:39,2018-05-29 09:39:39.600000,, , ,FILLED, , ,2018-05-29 09:39:39.600000,2018-05-29 09:39:40.584000
09:39:42,1.33,1.28,0.63,1.03,1.92,1.25,1.53,4.82,2.12,1.27,5.84,2646,2068.0, , , , , , , ,744.41,744.2,300.0,25.0, , , ,, , , , , , , 
09:39:45,1.11,1.16,0.44,0.82,1.92,1.18,1.45,4.67,1.73,1.22,5.69,2491,2056.0, , , , , , , ,744.44,744.41,175.0,400.0, , , ,, , , , , , , 
09:39:48,0.91,1.11,0.31,0.87,2.29,0.83,1.39,4.94,1.59,1.06,5.88,2496,2054.0, , , , , , , ,744.39,744.2,300.0,125.0, , , ,, , , , , , , 
09:39:51,0.87,1.09,0.34,0.83,2.47,0.86,1.38,5.0,1.41,1.06,5.88,2411,2043.0, , , , , , , ,744.41,744.2,100.0,425.0, , , ,, , , , , , , 
09:39:54,1.0,1.1,0.44,0.79,2.74,0.95,1.42,5.15,1.6,1.08,5.76,2220,2028.0, , , , , , , ,744.4,744.2,400.0,525.0, , , ,, , , , , , , 
09:39:57,1.04,1.19,0.48,0.79,3.15,1.05,1.6,5.49,1.57,1.17,5.88,2283,2023.0, , , , , , , ,744.2,744.11,75.0,300.0, , , ,, , , , , , , 
09:40:00,0.95,1.06,0.28,0.64,3.17,0.81,1.43,5.42,1.76,1.12,5.68,2321,2022.0, , , , , , , ,744.4,744.1,300.0,1225.0, , , ,, , , , , , , 
09:40:03,0.71,0.85,0.18,0.43,3.31,0.56,1.06,5.5,1.4,1.04,5.54,2167,2015.0, , , , , , , ,744.39,744.2,200.0,200.0, , , ,, , , , , , , 
09:40:06,0.73,0.8,0.23,0.42,3.48,0.51,1.02,5.63,1.44,0.97,5.57,2377,2011.0, , , , , , , ,744.46,744.1,1000.0,376.0, , , ,, , , , , , , 
09:40:09,0.73,0.85,0.11,0.43,3.45,0.61,1.11,5.52,1.46,1.01,5.32,2346,2029.0, , , , , , , ,744.48,744.46,600.0,2400.0, , , ,, , , , , , , 
09:40:12,0.78,0.91,0.18,0.58,3.52,0.53,1.12,5.5,1.65,1.02,5.26,2177,2015.0, , , , , , , ,744.48,744.46,300.0,5200.0, , , ,, , , , , , , 
09:40:15,1.21,1.28,0.5,1.0,3.58,1.14,1.53,5.61,2.0,1.33,5.14,2512,2087.0, , , , , , , ,744.5,744.48,1552.0,200.0, , , ,, , , , , , , 
09:40:18,1.63,1.67,0.92,1.48,3.47,1.39,1.94,5.51,2.58,1.6,4.86,3075,2174.0,600.0,744.68,744.68,600.0,4700.0, ,-1.05,744.68,744.6,400.0,100.0, ,2018-05-29 09:40:18,2018-05-29 09:40:18.603000,, , ,FILLED, , ,2018-05-29 09:40:18.603000,2018-05-29 09:40:20.042000
09:40:21,2.01,1.75,1.26,1.59,3.42,1.99,2.08,5.42,2.79,1.58,4.65,2922,2177.0,600.0,744.8,744.8,600.0,5300.0, ,-0.98,744.8,744.69,569.0,500.0, ,2018-05-29 09:40:21,2018-05-29 09:40:21.604000,, , ,FILLED, , ,2018-05-29 09:40:21.604000,2018-05-29 09:40:24.559000
09:40:24,1.86,1.72,1.22,1.84,3.5,1.82,1.85,5.42,2.55,1.47,4.44,3385,2281.0,600.0,745.0,745.0,600.0,5900.0, ,-0.93,745.0,744.77,12852.0,1231.0, ,2018-05-29 09:40:24,2018-05-29 09:40:24.618000,, , ,FILLED, , ,2018-05-29 09:40:24.618000,2018-05-29 09:40:25.639000
09:40:27,2.18,2.22,1.84,2.45,3.23,2.37,2.31,4.89,2.32,1.9,3.97,3981,2406.0,100.0,745.3,745.3,100.0,6000.0, ,-0.41,745.3,745.17,2600.0,1600.0, ,2018-05-29 09:40:27,2018-05-29 09:40:27.600000,, , ,FILLED, , ,2018-05-29 09:40:27.600000,2018-05-29 09:40:28.593000
09:40:30,2.22,2.43,1.86,2.67,3.04,2.49,2.46,4.57,2.32,2.16,3.64,3964,2419.0, , , , , , , ,745.5,745.47,600.0,900.0, , , ,, , , , , , , 
09:40:33,2.24,2.3,1.79,2.49,3.04,2.65,2.41,4.57,2.27,2.01,3.54,3799,2402.0, , , , , , , ,745.55,745.51,200.0,600.0, , , ,, , , , , , , 
09:40:36,2.17,2.13,1.61,2.4,2.96,2.34,2.25,4.47,2.56,1.74,3.38,3661,2386.0, , , , , , , ,745.68,745.55,100.0,500.0, , , ,, , , , , , , 
09:40:39,2.06,2.02,1.65,2.3,2.93,2.25,2.1,4.5,2.29,1.66,3.29,3876,2376.0, , , , , , , ,745.76,745.6,100.0,1000.0, , , ,, , , , , , , 
09:40:42,1.84,1.96,1.49,2.19,2.82,2.01,1.83,4.42,2.03,1.85,3.01,3600,2356.0, , , , , , , ,745.81,745.77,100.0,200.0, , , ,, , , , , , , 
09:40:45,1.54,1.56,1.16,1.76,2.75,1.71,1.42,4.42,1.75,1.51,2.8,3586,2338.0, , , , , , , ,745.88,745.81,100.0,1300.0, , , ,, , , , , , , 
09:40:48,1.76,1.87,1.58,2.23,2.53,1.91,1.67,4.17,1.78,1.7,2.37,4702,2450.0, , , , , , , ,746.17,746.0,100.0,3500.0, , , ,, , , , , , , 
09:40:51,2.35,2.04,1.86,2.22,2.34,2.58,2.03,3.88,2.61,1.87,2.03,4150,2434.0, , , , , , , ,746.38,746.18,100.0,100.0, , , ,, , , , , , , 
09:40:54,2.16,2.09,1.78,2.15,2.38,2.45,2.11,3.75,2.25,2.0,1.98,3431,2416.0, , , , , , , ,746.43,746.28,100.0,1300.0, , , ,, , , , , , , 
09:40:57,2.09,1.96,1.65,1.85,2.15,2.36,2.29,3.5,2.25,1.74,1.46,3358,2406.0, , , , , , , ,746.67,746.6,100.0,900.0, , , ,, , , , , , , 
09:41:00,1.77,1.87,1.65,1.96,2.12,1.98,1.84,3.4,1.67,1.81,1.42,3316,2420.0, , , , , , , ,746.8,746.6,200.0,3700.0, , , ,, , , , , , , 
09:41:03,1.59,1.74,1.36,1.72,2.17,1.87,1.67,3.29,1.55,1.84,1.23,3305,2429.0, , , , , , , ,746.87,746.67,100.0,3000.0, , , ,, , , , , , , 
09:41:06,1.27,1.54,1.07,1.69,2.06,1.61,1.38,3.06,1.13,1.55,0.79,3204,2423.0, , , , , , , ,746.99,746.87,200.0,1400.0, , , ,, , , , , , , 
09:41:09,1.35,1.46,1.08,1.56,1.99,1.64,1.32,2.63,1.33,1.5,0.59,3793,2542.0, , , , , , , ,747.17,747.02,100.0,1200.0, , , ,, , , , , , , 
09:41:12,1.32,1.65,1.07,1.85,1.6,1.53,1.43,2.21,1.37,1.68,0.15,3848,2578.0, , , , , , , ,747.38,747.33,100.0,300.0, , , ,, , , , , , , 
09:41:15,0.95,1.33,0.65,1.3,2.26,1.13,1.14,2.56,1.05,1.55,0.65,4404,2682.0, , , , , , , ,746.99,746.97,358.0,200.0, , , ,, , , , , , , 
09:41:18,0.61,0.99,0.35,1.14,2.08,0.77,0.56,2.09,0.72,1.27,0.43,4186,2676.0, , , , , , , ,747.38,747.0,58.0,9900.0, , , ,, , , , , , , 
09:41:21,0.67,0.88,0.43,0.93,1.89,0.77,0.61,1.65,0.81,1.11,0.31,4367,2692.0, , , , , , , ,747.56,747.18,100.0,1842.0, , , ,, , , , , , , 
09:41:24,0.45,0.86,0.37,0.86,1.72,0.36,0.5,1.05,0.63,1.2,-0.11,4067,2673.0, , , , , , , ,747.77,747.5,200.0,1000.0, , , ,, , , , , , , 
09:41:27,0.1,0.43,0.02,0.56,1.46,0.19,0.1,0.65,0.09,0.63,-0.4,3969,2666.0, , , , , , , ,747.79,747.78,100.0,100.0, , , ,, , , , , , , 
09:41:30,-0.19,0.28,-0.11,0.57,1.48,-0.13,-0.06,0.59,-0.33,0.33,-0.29,4351,2654.0, , , , , , , ,747.79,747.78,100.0,200.0, , , ,, , , , , , , 
09:41:33,-0.19,0.23,-0.13,0.52,1.52,-0.19,-0.04,0.52,-0.25,0.21,-0.27,3611,2634.0, , , , , , , ,747.8,747.79,300.0,1300.0, , , ,, , , , , , , 
09:41:36,-0.24,0.24,-0.12,0.58,1.5,-0.39,-0.03,0.46,-0.19,0.18,-0.15,3988,2717.0, , , , , , , ,747.86,747.79,900.0,800.0, , , ,, , , , , , , 
09:41:39,-0.38,0.11,-0.39,0.27,1.56,-0.57,-0.11,0.53,-0.17,0.19,-0.2,4067,2723.0, , , , , , , ,747.95,747.79,100.0,400.0, , , ,, , , , , , , 
09:41:42,-0.44,0.07,-0.54,0.19,1.51,-0.57,-0.17,0.41,-0.2,0.18,-0.34,3988,2723.0, , , , , , , ,747.97,747.95,4200.0,900.0, , , ,, , , , , , , 
09:41:45,-0.33,0.04,-0.52,0.13,1.64,-0.5,-0.21,0.68,0.03,0.2,-0.27,3949,2741.0, , , , , , , ,747.97,747.86,2900.0,100.0, , , ,, , , , , , , 
09:41:48,-0.06,0.51,-0.3,0.59,1.81,-0.16,0.06,0.9,0.27,0.88,-0.27,4478,2866.0, , , , , , , ,747.9,747.79,100.0,400.0, , , ,, , , , , , , 
09:41:51,0.15,0.87,-0.03,0.68,1.35,0.02,0.42,0.48,0.45,1.5,-0.54,4826,2861.0, , , , , , , ,748.29,748.05,200.0,700.0, , , ,, , , , , , , 
09:41:54,0.31,0.89,0.05,0.86,1.31,0.24,0.46,0.46,0.66,1.36,-0.49,4292,2851.0, , , , , , , ,748.3,748.05,100.0,900.0, , , ,, , , , , , , 
09:41:57,0.45,0.8,0.07,0.8,1.21,0.38,0.39,0.1,0.89,1.21,-0.7,4218,2826.0, , , , , , , ,748.38,748.29,100.0,1100.0, , , ,, , , , , , , 
09:42:00,0.34,0.97,0.13,0.84,1.29,0.06,0.51,0.11,0.83,1.55,-0.3,4169,2851.0, , , , , , , ,748.28,748.26,200.0,500.0, , , ,, , , , , , , 
09:42:03,0.53,1.03,0.41,1.03,1.17,0.5,0.46,-0.05,0.66,1.59,-0.17,4090,2830.0, , , , , , , ,748.41,748.29,200.0,500.0, , , ,, , , , , , , 
09:42:06,0.36,1.06,0.35,1.1,0.84,0.21,0.48,-0.38,0.52,1.58,-0.28,4235,2885.0, , , , , , , ,748.9,748.29,400.0,100.0, , , ,, , , , , , , 
09:42:09,0.42,1.02,0.54,0.89,0.53,0.33,0.6,-0.41,0.39,1.57,-0.11,4147,2861.0, , , , , , , ,748.9,748.43,400.0,300.0, , , ,, , , , , , , 
09:42:12,0.4,1.07,0.48,0.94,0.41,0.22,0.56,-0.37,0.51,1.7,-0.1,3873,2845.0, , , , , , , ,748.9,748.5,1300.0,100.0, , , ,, , , , , , , 
09:42:15,0.05,0.86,-0.1,0.77,0.83,-0.05,0.31,0.26,0.3,1.51,0.52,3960,2856.0, , , , , , , ,748.28,748.26,1400.0,200.0, , , ,, , , , , , , 
09:42:18,-0.18,0.75,-0.15,0.65,-0.36,-0.46,0.19,-0.7,0.07,1.42,-0.43,4475,2982.0, , , , , , , ,749.05,749.0,100.0,1400.0, , , ,, , , , , , , 
09:42:21,0.03,0.87,0.08,0.65,-0.49,-0.3,0.17,-0.65,0.31,1.79,-0.34,4373,2983.0, , , , , , , ,748.99,748.95,100.0,700.0, , , ,, , , , , , , 
09:42:24,-0.12,0.67,-0.35,0.44,-0.56,-0.53,-0.06,-0.57,0.51,1.65,-0.14,4413,2988.0, , , , , , , ,748.9,748.8,3100.0,100.0, , , ,, , , , , , , 
09:42:27,-0.48,0.38,-0.65,0.23,-0.78,-0.84,-0.32,-0.61,0.05,1.22,-0.11,4364,2986.0, , , , , , , ,748.9,748.8,1200.0,600.0, , , ,, , , , , , , 
09:42:30,-0.6,0.19,-0.7,0.22,-0.83,-0.83,-0.26,-0.56,-0.26,0.62,-0.1,4237,2982.0, , , , , , , ,748.9,748.8,500.0,398.0, , , ,, , , , , , , 
09:42:33,-0.44,0.4,-0.53,0.46,-1.13,-0.77,-0.13,-0.74,-0.02,0.87,-0.29,4433,3027.0, , , , , , , ,749.05,749.0,100.0,1600.0, , , ,, , , , , , , 
09:42:36,-0.04,0.75,-0.31,0.73,-1.15,-0.38,0.14,-0.63,0.59,1.39,-0.26,4662,3053.0, , , , , , , ,749.05,749.0,100.0,600.0, , , ,, , , , , , , 
09:42:39,-0.38,0.28,-0.64,0.18,-0.84,-0.49,-0.19,-0.35,-0.01,0.84,0.06,4313,3047.0, , , , , , , ,749.0,748.8,200.0,100.0, , , ,, , , , , , , 
09:42:42,-0.38,0.36,-0.37,0.36,-1.27,-0.69,-0.03,-0.75,-0.07,0.74,-0.13,4954,3055.0, , , , , , , ,749.24,749.2,100.0,3900.0, , , ,, , , , , , , 
09:42:45,-0.24,0.4,-0.42,0.37,-1.06,-0.35,0.05,-0.75,0.05,0.79,0.08,4941,3046.0, , , , , , , ,749.24,749.2,400.0,5200.0, , , ,, , , , , , , 
09:42:48,-0.5,0.2,-0.71,0.2,-0.94,-0.82,-0.25,-0.73,0.05,0.66,0.24,4329,3069.0, , , , , , , ,749.24,749.2,600.0,200.0, , , ,, , , , , , , 
09:42:51,-0.69,0.09,-0.7,0.08,-0.79,-0.97,-0.31,-0.6,-0.41,0.51,0.55,4932,3046.0, , , , , , , ,749.2,749.05,500.0,900.0, , , ,, , , , , , , 
09:42:54,-0.73,0.15,-0.82,0.05,-0.83,-0.98,-0.2,-0.74,-0.38,0.6,0.6,4953,3035.0, , , , , , , ,749.24,749.05,200.0,500.0, , , ,, , , , , , , 
09:42:57,-0.67,0.09,-0.88,-0.06,-0.94,-1.0,-0.22,-0.78,-0.15,0.56,0.64,4035,3040.0, , , , , , , ,749.2,749.05,200.0,100.0, , , ,, , , , , , , 
09:43:00,-0.68,0.08,-0.85,0.02,-1.64,-1.12,-0.19,-1.47,-0.07,0.4,0.08,3648,3018.0, , , , , , , ,749.66,749.5,200.0,100.0, , , ,, , , , , , , 
09:43:03,-0.54,0.17,-0.73,0.11,-1.05,-0.99,-0.05,-0.91,0.11,0.45,0.69,3558,3004.0, , , , , , , ,749.2,749.0,623.0,700.0, , , ,, , , , , , , 
09:43:06,-0.44,0.2,-0.59,0.16,-1.05,-0.8,0.0,-0.89,0.09,0.44,0.72,3446,2977.0, , , , , , , ,749.2,749.0,923.0,6900.0, , , ,, , , , , , , 
09:43:09,-0.46,0.16,-0.67,0.11,-0.99,-0.72,0.04,-0.89,-0.01,0.35,0.83,3347,2976.0, , , , , , , ,749.2,749.0,100.0,5000.0, , , ,, , , , , , , 
09:43:12,-0.79,-0.21,-1.17,-0.35,-0.7,-0.91,-0.48,-0.74,-0.29,0.19,1.13,3495,3005.0,-3000.0,748.98,0.0,-0.0,6000.0, , ,749.0,748.9,423.0,600.0, ,2018-05-29 09:43:12,2018-05-29 09:43:12.611000,, , ,CANCELED, , ,2018-05-29 09:43:12.611000,2018-05-29 09:43:16.321000
09:43:15,-1.22,-0.61,-1.64,-0.83,-0.57,-1.31,-0.87,-0.76,-0.72,-0.11,1.23,4423,2996.0,-3000.0,748.88,748.88,-1800.0,4200.0, ,4.57,748.89,748.88,700.0,100.0, ,2018-05-29 09:43:15,2018-05-29 09:43:16.321000,, , ,CANCELED, , ,2018-05-29 09:43:16.322000,2018-05-29 09:43:19.348000
09:43:18,-1.14,-0.58,-1.41,-0.65,-0.18,-1.22,-0.88,-0.51,-0.81,-0.21,1.5,3385,2997.0,-3000.0,748.86,0.0,-0.0,4200.0, , ,748.88,748.39,1500.0,74.0, ,2018-05-29 09:43:18,2018-05-29 09:43:19.348000,, , ,CANCELED, , ,2018-05-29 09:43:19.348000,2018-05-29 09:43:22.370000
09:43:21,-0.95,-0.46,-1.39,-0.62,-0.08,-0.9,-0.77,-0.44,-0.57,0.01,1.67,3300,2986.0,-3000.0,748.78,0.0,-0.0,4200.0, , ,748.8,748.29,8335.0,3974.0, ,2018-05-29 09:43:21,2018-05-29 09:43:22.370000,, , ,CANCELED, , ,2018-05-29 09:43:22.370000,2018-05-29 09:43:24.910000
09:43:24,-0.97,-0.42,-1.47,-0.7,0.11,-0.86,-0.6,-0.2,-0.58,0.03,1.85,3221,2960.0,-3000.0,748.37,748.37,-100.0,4100.0, ,4.01,748.39,748.29,100.0,3774.0, ,2018-05-29 09:43:24,2018-05-29 09:43:24.911000,, , ,CANCELED, , ,2018-05-29 09:43:24.911000,2018-05-29 09:43:27.913000
09:43:27,-1.05,-0.43,-1.58,-0.59,0.28,-0.86,-0.56,0.02,-0.7,-0.12,2.04,3515,2983.0,-3000.0,748.35,0.0,-0.0,4100.0, , ,748.37,748.0,2900.0,29674.0, ,2018-05-29 09:43:27,2018-05-29 09:43:27.914000,, , ,CANCELED, , ,2018-05-29 09:43:27.914000,2018-05-29 09:43:30.948000
09:43:30,-0.89,-0.38,-1.49,-0.48,0.56,-0.55,-0.45,0.26,-0.62,-0.2,2.33,3331,2958.0,-3000.0,748.0,748.0,-3000.0,1100.0, ,3.75,748.01,748.0,100.0,29474.0, ,2018-05-29 09:43:30,2018-05-29 09:43:30.948000,, , ,FILLED, , ,2018-05-29 09:43:30.948000,2018-05-29 09:43:31.832000
09:43:33,-1.06,-0.47,-1.55,-0.86,0.12,-0.99,-0.57,-0.28,-0.64,0.02,1.81,4354,3188.0,-1100.0,748.37,748.37,-1100.0,0.0,17148.53,3.84,748.39,748.37,2200.0,600.0, ,2018-05-29 09:43:33,2018-05-29 09:43:33.613000,, , ,FILLED,4485139.748713683,4467991.223472652,2018-05-29 09:43:33.613000,2018-05-29 09:43:35.357000
09:43:36,-0.93,-0.19,-1.17,-0.51,0.55,-0.86,-0.55,-0.01,-0.75,0.49,2.27,5522,3239.0, , , , , , , ,748.29,748.0,300.0,12474.0, , , ,, , , , , , , 
09:43:39,-0.89,-0.11,-1.1,-0.47,0.66,-0.97,-0.38,-0.01,-0.59,0.51,2.27,4961,3276.0, , , , , , , ,748.29,748.0,200.0,10374.0, , , ,, , , , , , , 
09:43:42,-0.55,0.16,-0.84,-0.36,0.35,-0.7,-0.02,-0.47,-0.11,0.86,1.94,5760,3345.0, , , , , , , ,748.78,748.0,1000.0,9474.0, , , ,, , , , , , , 
09:43:45,-0.24,0.28,-0.78,-0.3,0.36,-0.62,0.1,-0.6,0.67,1.04,1.82,4947,3374.0, , , , , , , ,748.78,748.0,900.0,4574.0, , , ,, , , , , , , 
09:43:48,-0.16,0.43,-0.73,-0.07,-0.12,-0.61,0.22,-1.22,0.87,1.16,1.24,4911,3348.0, , , , , , , ,748.78,748.75,800.0,400.0, , , ,, , , , , , , 
09:43:51,0.03,0.67,-0.5,0.06,0.19,-0.39,0.4,-0.99,0.98,1.55,1.47,4484,3331.0, , , , , , , ,748.78,748.29,800.0,1100.0, , , ,, , , , , , , 
09:43:54,-0.04,0.64,-0.5,0.12,0.19,-0.45,0.34,-0.82,0.83,1.45,1.58,4367,3300.0, , , , , , , ,748.5,748.39,200.0,200.0, , , ,, , , , , , , 
09:43:57,0.2,0.69,-0.16,0.44,0.26,-0.27,0.44,-0.83,1.04,1.2,1.59,4335,3311.0, , , , , , , ,748.39,748.29,300.0,800.0, , , ,, , , , , , , 
09:44:00,0.27,0.93,-0.13,0.48,0.18,-0.16,0.63,-0.78,1.11,1.7,1.42,4207,3307.0, , , , , , , ,748.39,748.29,100.0,400.0, , , ,, , , , , , , 
09:44:03,0.35,0.93,-0.19,0.38,0.18,-0.12,0.72,-0.81,1.36,1.68,1.57,4897,3296.0, , , , , , , ,748.29,748.28,4200.0,3500.0, , , ,, , , , , , , 
09:44:06,0.21,0.86,-0.3,0.31,0.19,-0.26,0.53,-1.02,1.21,1.74,1.67,4202,3289.0, , , , , , , ,748.29,748.28,2100.0,3500.0, , , ,, , , , , , , 
09:44:09,0.42,0.82,-0.17,0.27,0.12,-0.13,0.61,-1.07,1.55,1.59,1.7,4076,3281.0, , , , , , , ,748.39,748.29,300.0,100.0, , , ,, , , , , , , 
09:44:12,0.46,1.03,-0.07,0.34,-0.18,-0.16,0.85,-1.42,1.62,1.89,1.58,4320,3309.0, , , , , , , ,748.76,748.29,100.0,100.0, , , ,, , , , , , , 
09:44:15,0.71,1.12,0.17,0.48,-0.29,-0.06,0.97,-1.44,2.01,1.91,1.54,4973,3284.0, , , , , , , ,748.77,748.3,200.0,900.0, , , ,, , , , , , , 
09:44:18,0.9,1.35,0.39,0.55,-0.25,0.3,1.08,-1.25,2.01,2.42,1.49,3789,3260.0,600.0,748.59,748.59,600.0,600.0, ,-1.56,748.59,748.3,1100.0,700.0, ,2018-05-29 09:44:18,2018-05-29 09:44:18.615000,, , ,FILLED, , ,2018-05-29 09:44:18.615000,2018-05-29 09:44:19.364000
09:44:21,1.06,1.29,0.33,0.7,-0.38,0.47,1.11,-1.2,2.38,2.07,1.29,3621,3238.0,600.0,748.59,748.59,600.0,1200.0, ,-1.43,748.59,748.4,500.0,100.0, ,2018-05-29 09:44:21,2018-05-29 09:44:21.615000,, , ,FILLED, , ,2018-05-29 09:44:21.615000,2018-05-29 09:44:22.441000
09:44:24,1.06,1.41,0.48,0.86,-0.34,0.54,1.34,-1.21,2.17,2.03,1.07,3370,3214.0,600.0,748.5,748.5,600.0,1800.0, ,-1.39,748.5,748.4,500.0,100.0, ,2018-05-29 09:44:24,2018-05-29 09:44:24.626000,, , ,FILLED, , ,2018-05-29 09:44:24.626000,2018-05-29 09:44:26
09:44:27,1.08,1.52,0.39,0.87,-0.14,0.68,1.57,-1.07,2.19,2.11,0.93,3748,3215.0,600.0,748.3,748.3,300.0,2100.0, ,-1.49,748.3,748.29,100.0,800.0, ,2018-05-29 09:44:27,2018-05-29 09:44:27.622000,, , ,CANCELED, , ,2018-05-29 09:44:27.622000,2018-05-29 09:44:31.364000
09:44:30,0.9,1.42,0.26,0.67,-0.19,0.54,1.37,-1.03,1.9,2.23,0.61,3310,3201.0, , , , , , , ,748.38,748.3,300.0,1100.0, , , ,, , , , , , , 
09:44:33,0.66,1.05,0.05,0.44,-0.6,0.28,0.84,-1.38,1.67,1.89,-0.05,3911,3206.0, , , , , , , ,748.66,748.59,300.0,1000.0, , , ,, , , , , , , 
09:44:36,0.51,0.85,-0.0,0.39,-0.65,0.06,0.6,-1.22,1.46,1.55,-0.21,3151,3180.0, , , , , , , ,748.66,748.59,300.0,600.0, , , ,, , , , , , , 
09:44:39,0.58,0.9,-0.0,0.47,-0.66,0.17,0.79,-1.21,1.58,1.45,-0.3,3175,3171.0, , , , , , , ,748.66,748.59,200.0,300.0, , , ,, , , , , , , 
09:44:42,0.76,1.07,0.25,0.66,-0.86,0.41,0.87,-1.29,1.62,1.67,-0.53,3251,3145.0, , , , , , , ,748.7,748.66,900.0,3600.0, , , ,, , , , , , , 
09:44:45,0.92,1.02,0.35,0.72,-0.99,0.6,0.79,-1.29,1.81,1.56,-0.41,4081,3133.0, , , , , , , ,748.7,748.66,600.0,2100.0, , , ,, , , , , , , 
09:44:48,0.66,0.98,0.11,0.57,-1.06,0.25,0.77,-1.35,1.64,1.6,-0.39,3238,3164.0, , , , , , , ,748.71,748.59,300.0,500.0, , , ,, , , , , , , 
09:44:51,0.63,0.98,0.11,0.54,-1.2,0.2,0.83,-1.23,1.58,1.59,-0.46,3142,3138.0, , , , , , , ,748.71,748.66,300.0,190.0, , , ,, , , , , , , 
09:44:54,0.68,1.03,0.14,0.54,-1.15,0.29,0.87,-1.17,1.62,1.68,-0.47,2951,3110.0, , , , , , , ,748.71,748.66,100.0,290.0, , , ,, , , , , , , 
09:44:57,0.68,1.06,0.04,0.5,-0.8,0.38,1.08,-0.69,1.63,1.59,-0.18,2868,3094.0, , , , , , , ,748.35,748.3,153.0,400.0, , , ,, , , , , , , 
09:45:00,0.24,0.73,-0.29,0.11,-0.92,-0.01,0.84,-0.54,1.02,1.25,-0.34,3138,3069.0, , , , , , , ,748.59,748.3,100.0,600.0, , , ,, , , , , , , 
09:45:03,0.17,0.79,-0.17,0.19,-1.02,-0.01,0.93,-0.3,0.68,1.25,-0.41,3023,3075.0, , , , , , , ,748.6,748.3,563.0,200.0, , , ,, , , , , , , 
09:45:06,0.07,0.78,-0.29,0.12,-1.24,-0.04,0.81,-0.08,0.53,1.4,-0.49,2729,3062.0, , , , , , , ,748.5,748.4,200.0,100.0, , , ,, , , , , , , 
09:45:09,0.08,0.73,-0.36,0.14,-1.14,0.03,0.69,0.27,0.57,1.37,-0.42,2732,3038.0, , , , , , , ,748.49,748.28,63.0,2099.0, , , ,, , , , , , , 
09:45:12,-0.11,0.55,-0.55,0.02,-1.31,-0.41,0.41,0.25,0.62,1.22,-0.63,2666,3045.0, , , , , , , ,748.6,748.28,6600.0,436.0, , , ,, , , , , , , 
09:45:15,-0.44,0.12,-0.78,-0.31,-1.11,-0.82,-0.02,0.49,0.27,0.7,-0.53,2821,3024.0, , , , , , , ,748.3,748.28,200.0,136.0, , , ,, , , , , , , 
09:45:18,-0.48,0.04,-0.82,-0.23,-0.85,-0.78,-0.19,0.73,0.17,0.54,-0.49,2400,3006.0, , , , , , , ,748.28,748.02,164.0,100.0, , , ,, , , , , , , 
09:45:21,-0.38,0.1,-0.92,-0.3,-0.72,-0.6,-0.12,0.77,0.39,0.71,-0.7,2453,2993.0, , , , , , , ,748.28,748.01,100.0,136.0, , , ,, , , , , , , 
09:45:24,-0.46,0.04,-0.95,-0.37,-0.94,-0.86,-0.18,0.65,0.42,0.69,-1.03,2719,3015.0, , , , , , , ,748.5,748.01,100.0,100.0, , , ,, , , , , , , 
09:45:27,-0.54,0.0,-0.9,-0.36,-0.98,-0.92,-0.21,0.72,0.2,0.59,-1.16,2551,3019.0, , , , , , , ,748.44,748.01,100.0,80.0, , , ,, , , , , , , 
09:45:30,-0.54,0.15,-0.92,-0.2,-0.79,-0.77,-0.14,0.82,0.06,0.79,-1.12,2554,3002.0, , , , , , , ,748.31,748.01,520.0,600.0, , , ,, , , , , , , 
09:45:33,-0.14,0.33,-0.77,-0.05,-0.74,-0.4,0.07,0.89,0.76,0.97,-1.11,2436,2993.0, , , , , , , ,748.28,748.02,100.0,1300.0, , , ,, , , , , , , 
09:45:36,-0.33,0.18,-0.8,-0.13,-0.57,-0.59,-0.08,0.93,0.42,0.75,-1.09,2589,2977.0, , , , , , , ,748.27,748.01,100.0,100.0, , , ,, , , , , , , 
09:45:39,-0.37,0.07,-0.87,-0.08,-0.52,-0.59,-0.06,1.14,0.33,0.36,-1.01,2746,2957.0, , , , , , , ,748.2,748.0,100.0,4010.0, , , ,, , , , , , , 
09:45:42,-0.23,0.36,-0.72,0.06,-0.58,-0.37,0.21,1.31,0.39,0.83,-1.0,2536,2970.0, , , , , , , ,748.27,748.02,100.0,400.0, , , ,, , , , , , , 
09:45:45,-0.12,0.43,-0.65,-0.01,-0.06,-0.55,0.15,2.04,0.83,1.14,-0.25,2697,2981.0, , , , , , , ,747.8,747.71,1390.0,200.0, , , ,, , , , , , , 
09:45:48,-0.16,0.38,-0.6,0.09,-0.15,-0.41,0.16,2.2,0.52,0.9,0.01,2635,2983.0, , , , , , , ,747.8,747.71,390.0,400.0, , , ,, , , , , , , 
09:45:51,-0.42,0.22,-0.83,-0.23,0.01,-0.63,0.04,2.38,0.21,0.84,0.26,2418,2958.0, , , , , , , ,747.8,747.71,390.0,200.0, , , ,, , , , , , , 
09:45:54,-0.59,0.08,-0.91,-0.33,-0.12,-0.81,-0.19,2.27,-0.06,0.78,0.24,2819,2956.0, , , , , , , ,748.0,747.8,7400.0,1110.0, , , ,, , , , , , , 
09:45:57,-0.38,0.29,-0.76,-0.04,-0.12,-0.64,-0.04,2.27,0.25,0.94,0.26,2423,2948.0, , , , , , , ,748.0,747.8,6400.0,610.0, , , ,, , , , , , , 
09:46:00,-0.37,0.29,-0.72,0.14,0.94,-0.53,-0.02,3.08,0.13,0.74,1.04,4519,2969.0, , , , , , , ,747.68,747.0,8.0,24610.0, , , ,, , , , , , , 
09:46:03,-0.23,0.26,-0.64,0.1,0.43,-0.38,0.02,2.3,0.33,0.66,0.29,2992,2950.0, , , , , , , ,748.0,747.8,6900.0,200.0, , , ,, , , , , , , 
09:46:06,-0.26,0.2,-0.58,-0.08,1.05,-0.54,-0.06,2.72,0.33,0.74,0.68,2800,2933.0, , , , , , , ,747.8,747.4,100.0,88.0, , , ,, , , , , , , 
09:46:09,-0.35,0.18,-0.8,0.09,1.79,-0.6,-0.25,3.32,0.34,0.71,1.14,3018,2924.0, , , , , , , ,747.49,747.0,700.0,24108.0, , , ,, , , , , , , 
09:46:12,-0.03,0.59,-0.24,0.73,1.64,-0.22,0.21,3.21,0.38,0.84,0.9,2680,2918.0, , , , , , , ,747.8,747.0,1212.0,29708.0, , , ,, , , , , , , 
09:46:15,-0.03,0.49,-0.37,0.39,1.42,-0.28,0.19,2.96,0.57,0.9,0.61,2155,2893.0, , , , , , , ,747.8,747.4,1112.0,100.0, , , ,, , , , , , , 
09:46:18,0.12,0.56,-0.16,0.37,1.47,-0.01,0.27,2.89,0.53,1.02,0.61,2134,2868.0, , , , , , , ,747.8,747.4,1912.0,200.0, , , ,, , , , , , , 
09:46:21,0.41,0.67,0.07,0.47,1.7,0.26,0.38,3.13,0.9,1.15,0.79,2060,2866.0, , , , , , , ,747.8,747.1,1312.0,493.0, , , ,, , , , , , , 
09:46:24,0.31,0.6,-0.12,0.39,1.32,0.16,0.37,2.64,0.89,1.02,0.37,2320,2844.0, , , , , , , ,747.8,747.71,912.0,200.0, , , ,, , , , , , , 
09:46:27,0.48,0.62,0.1,0.44,1.82,0.31,0.44,3.1,1.01,0.99,0.83,2124,2822.0, , , , , , , ,747.79,747.01,100.0,5400.0, , , ,, , , , , , , 
09:46:30,0.55,0.81,0.15,0.51,1.91,0.45,0.59,3.2,1.06,1.32,0.9,1999,2800.0, , , , , , , ,747.7,747.01,100.0,6400.0, , , ,, , , , , , , 
09:46:33,0.51,0.8,0.02,0.44,1.4,0.35,0.62,2.63,1.16,1.33,0.38,2104,2806.0, , , , , , , ,747.8,747.73,500.0,100.0, , , ,, , , , , , , 
09:46:36,0.47,0.77,-0.0,0.55,1.31,0.32,0.5,2.66,1.08,1.25,0.26,2051,2789.0, , , , , , , ,747.9,747.8,400.0,2500.0, , , ,, , , , , , , 
09:46:39,0.66,0.84,0.2,0.69,1.41,0.54,0.62,2.62,1.23,1.21,0.2,2321,2779.0, , , , , , , ,747.98,747.8,100.0,900.0, , , ,, , , , , , , 
09:46:42,0.55,0.96,0.22,0.72,2.37,0.32,0.65,3.34,1.1,1.51,0.8,2012,2793.0, , , , , , , ,747.68,747.02,300.0,4900.0, , , ,, , , , , , , 
09:46:45,0.43,0.9,0.16,0.61,2.04,0.2,0.59,2.67,0.93,1.49,0.07,2004,2781.0, , , , , , , ,747.8,747.71,200.0,100.0, , , ,, , , , , , , 
09:46:48,0.36,0.91,0.11,0.74,2.06,0.03,0.61,2.46,0.96,1.37,-0.2,1979,2764.0, , , , , , , ,748.0,747.71,11500.0,100.0, , , ,, , , , , , , 
09:46:51,0.84,1.38,0.53,1.18,2.58,0.73,1.11,2.71,1.26,1.84,0.01,2107,2785.0,600.0,747.71,747.71,600.0,2700.0, ,-2.3,747.71,747.5,300.0,400.0, ,2018-05-29 09:46:51,2018-05-29 09:46:51.626000,, , ,FILLED, , ,2018-05-29 09:46:51.626000,2018-05-29 09:46:53.497000
09:46:54,0.88,1.6,0.59,1.16,2.33,0.74,1.29,2.37,1.31,2.36,-0.45,2274,2772.0, , , , , , , ,748.0,747.71,9500.0,100.0, , , ,, , , , , , , 
09:46:57,1.45,1.86,0.75,1.54,2.25,1.7,1.68,2.15,1.89,2.35,-0.6,2206,2776.0,600.0,748.0,748.0,600.0,3300.0, ,-1.75,748.0,747.85,5300.0,200.0, ,2018-05-29 09:46:57,2018-05-29 09:46:57.639000,, , ,FILLED, , ,2018-05-29 09:46:57.639000,2018-05-29 09:46:58.567000
09:47:00,1.66,2.09,0.92,1.79,2.36,1.88,2.0,2.04,2.17,2.47,-0.71,2437,2786.0,600.0,748.0,748.0,600.0,3900.0, ,-1.83,748.0,747.75,2400.0,200.0, ,2018-05-29 09:47:00,2018-05-29 09:47:00.624000,, , ,FILLED, , ,2018-05-29 09:47:00.624000,2018-05-29 09:47:01.663000
09:47:03,1.81,2.32,1.08,1.93,1.47,2.04,2.51,1.26,2.33,2.53,-1.73,2418,2825.0,600.0,748.54,748.54,500.0,4400.0, ,-0.87,748.54,748.5,100.0,2180.0, ,2018-05-29 09:47:03,2018-05-29 09:47:03.617000,, , ,CANCELED, , ,2018-05-29 09:47:03.617000,2018-05-29 09:47:06.965000
09:47:06,1.72,2.44,1.02,2.06,1.43,1.87,2.42,1.29,2.27,2.86,-1.9,2608,2832.0,600.0,748.6,748.6,600.0,5000.0, ,-0.87,748.6,748.54,2000.0,200.0, ,2018-05-29 09:47:06,2018-05-29 09:47:06.965000,, , ,FILLED, , ,2018-05-29 09:47:06.965000,2018-05-29 09:47:07.684000
09:47:09,1.88,2.6,1.23,2.25,1.52,2.05,2.65,1.37,2.37,2.89,-2.02,2457,2825.0,600.0,748.65,748.65,600.0,5600.0, ,-0.92,748.65,748.54,100.0,292.0, ,2018-05-29 09:47:09,2018-05-29 09:47:09.612000,, , ,FILLED, , ,2018-05-29 09:47:09.612000,2018-05-29 09:47:12.236000
09:47:12,1.75,2.52,1.18,2.18,1.53,1.66,2.66,1.41,2.4,2.71,-2.1,2524,2814.0,400.0,748.66,748.66,300.0,5900.0, ,-0.79,748.66,748.65,100.0,100.0, ,2018-05-29 09:47:12,2018-05-29 09:47:12.626000,, , ,CANCELED, , ,2018-05-29 09:47:12.626000,2018-05-29 09:47:16.045000
09:47:15,1.69,2.49,1.29,2.12,1.5,1.78,2.71,1.34,1.99,2.64,-2.05,2774,2794.0,100.0,748.7,748.7,100.0,6000.0, ,-0.78,748.7,748.67,900.0,100.0, ,2018-05-29 09:47:15,2018-05-29 09:47:16.045000,, , ,FILLED, , ,2018-05-29 09:47:16.045000,2018-05-29 09:47:16.807000
09:47:18,1.57,2.47,1.38,2.12,1.41,1.51,2.57,1.15,1.83,2.74,-2.02,2285,2781.0, , , , , , , ,748.71,748.7,300.0,2100.0, , , ,, , , , , , , 
09:47:21,1.67,2.61,1.46,2.19,1.41,1.71,2.77,0.96,1.85,2.86,-1.98,2247,2772.0, , , , , , , ,748.78,748.7,500.0,2000.0, , , ,, , , , , , , 
09:47:24,1.39,2.21,0.96,1.68,1.32,1.43,2.45,0.68,1.78,2.51,-1.92,2251,2748.0, , , , , , , ,748.78,748.7,300.0,300.0, , , ,, , , , , , , 
09:47:27,1.22,2.04,0.9,1.56,1.24,1.26,2.36,0.26,1.49,2.21,-2.0,2110,2728.0, , , , , , , ,748.8,748.78,2500.0,1900.0, , , ,, , , , , , , 
09:47:30,1.28,1.99,1.0,1.59,1.28,1.45,2.2,0.01,1.37,2.18,-1.83,2403,2732.0, , , , , , , ,748.8,748.78,1200.0,400.0, , , ,, , , , , , , 
09:47:33,1.21,1.79,0.78,1.53,1.25,1.52,1.84,-0.28,1.32,2.0,-1.75,2152,2707.0, , , , , , , ,748.8,748.79,1200.0,400.0, , , ,, , , , , , , 
09:47:36,1.28,1.9,1.02,1.63,1.3,1.49,2.14,-0.53,1.32,1.92,-1.75,2119,2711.0, , , , , , , ,748.9,748.83,1300.0,300.0, , , ,, , , , , , , 
09:47:39,1.41,1.89,1.08,1.55,1.29,1.52,2.26,-0.65,1.62,1.86,-1.69,2334,2700.0, , , , , , , ,748.9,748.86,100.0,200.0, , , ,, , , , , , , 
09:47:42,1.55,2.0,1.15,1.71,0.79,1.75,2.19,-1.28,1.76,2.09,-2.26,2493,2771.0, , , , , , , ,749.49,749.01,49.0,300.0, , , ,, , , , , , , 
09:47:45,1.46,2.1,1.28,1.82,0.34,1.63,2.35,-1.49,1.47,2.13,-2.68,2437,2751.0, , , , , , , ,749.5,749.49,7900.0,451.0, , , ,, , , , , , , 
09:47:48,1.44,2.18,1.26,1.94,0.26,1.48,2.47,-1.52,1.6,2.14,-2.77,2468,2746.0, , , , , , , ,749.5,749.49,5800.0,451.0, , , ,, , , , , , , 
09:47:51,1.46,2.26,1.31,2.13,0.36,1.67,2.38,-1.36,1.39,2.27,-2.67,2937,2782.0, , , , , , , ,749.5,749.22,127.0,1200.0, , , ,, , , , , , , 
09:47:54,1.3,2.2,1.26,1.98,-0.21,1.3,2.16,-1.93,1.35,2.45,-3.3,3553,2933.0, , , , , , , ,750.0,749.56,76959.0,2100.0, , , ,, , , , , , , 
09:47:57,0.93,1.91,1.04,1.74,-0.31,0.79,1.7,-2.1,0.97,2.29,-3.35,3601,2981.0, , , , , , , ,750.0,749.52,71059.0,500.0, , , ,, , , , , , , 
09:48:00,0.8,1.6,1.09,1.5,-0.14,0.56,1.4,-1.75,0.75,1.9,-2.94,4144,3082.0, , , , , , , ,749.52,749.5,5400.0,200.0, , , ,, , , , , , , 
09:48:03,0.61,1.43,0.85,1.45,-0.06,0.49,1.3,-1.82,0.49,1.53,-2.87,4098,3093.0, , , , , , , ,749.52,749.5,1400.0,4800.0, , , ,, , , , , , , 
09:48:06,0.54,1.32,0.63,1.25,-0.21,0.59,1.27,-2.16,0.39,1.44,-3.05,3957,3080.0, , , , , , , ,749.9,749.5,800.0,4900.0, , , ,, , , , , , , 
09:48:09,0.33,1.04,0.36,0.98,-0.29,0.24,1.01,-2.34,0.39,1.13,-2.99,4223,3090.0, , , , , , , ,749.9,749.76,200.0,100.0, , , ,, , , , , , , 
09:48:12,0.4,1.0,0.43,0.92,-0.21,0.49,1.13,-2.54,0.28,0.94,-2.97,4042,3067.0, , , , , , , ,749.98,749.76,100.0,100.0, , , ,, , , , , , , 
09:48:15,0.27,0.74,0.29,0.93,-0.14,0.33,0.71,-2.53,0.19,0.58,-2.79,3806,3042.0, , , , , , , ,749.99,749.6,300.0,300.0, , , ,, , , , , , , 
09:48:18,0.3,0.59,0.34,0.69,-0.26,0.46,0.65,-2.63,0.09,0.43,-2.58,3427,3015.0, , , , , , , ,749.9,749.6,300.0,300.0, , , ,, , , , , , , 
09:48:21,0.08,0.43,0.16,0.58,-0.23,0.13,0.42,-2.67,-0.07,0.28,-2.34,3477,2993.0, , , , , , , ,749.66,749.6,100.0,100.0, , , ,, , , , , , , 
09:48:24,0.05,0.48,0.16,0.52,-0.99,0.03,0.59,-3.35,-0.04,0.33,-2.74,3443,2999.0, , , , , , , ,750.0,749.99,60065.0,500.0, , , ,, , , , , , , 
09:48:27,0.24,0.6,0.23,0.6,-0.74,0.24,0.8,-2.91,0.24,0.39,-2.05,3846,3040.0, , , , , , , ,749.55,749.53,100.0,100.0, , , ,, , , , , , , 
09:48:30,0.04,0.45,-0.03,0.49,-1.2,0.11,0.5,-3.17,0.03,0.36,-2.25,3414,3021.0, , , , , , , ,749.8,749.6,1300.0,100.0, , , ,, , , , , , , 
09:48:33,-0.19,0.23,-0.13,0.27,-1.56,-0.08,0.17,-3.25,-0.36,0.26,-2.33,3422,3024.0, , , , , , , ,749.98,749.53,2100.0,200.0, , , ,, , , , , , , 
09:48:36,-0.07,0.34,-0.08,0.29,-1.96,-0.13,0.35,-3.51,-0.01,0.36,-2.58,3706,3072.0, , , , , , , ,750.0,749.9,53465.0,977.0, , , ,, , , , , , , 
09:48:39,0.08,0.39,0.05,0.28,-2.08,0.01,0.48,-3.47,0.19,0.39,-2.58,3724,3076.0, , , , , , , ,750.0,749.9,51588.0,300.0, , , ,, , , , , , , 
09:48:42,-0.04,0.26,-0.22,0.21,-1.94,0.02,0.17,-3.12,0.09,0.39,-2.14,3431,3052.0, , , , , , , ,749.8,749.68,4000.0,100.0, , , ,, , , , , , , 
09:48:45,-0.29,0.01,-0.39,0.0,-1.8,-0.27,-0.17,-2.88,-0.21,0.22,-1.96,3355,3040.0, , , , , , , ,749.8,749.66,2600.0,95.0, , , ,, , , , , , , 
09:48:48,-0.43,-0.09,-0.43,-0.1,-1.66,-0.4,-0.27,-2.45,-0.46,0.1,-1.62,3395,3015.0, , , , , , , ,749.65,749.55,107.0,200.0, , , ,, , , , , , , 
09:48:51,-0.44,-0.15,-0.5,-0.2,-1.81,-0.5,-0.25,-2.34,-0.32,0.01,-1.52,3175,3005.0, , , , , , , ,749.8,749.6,1507.0,100.0, , , ,, , , , , , , 
09:48:54,-0.39,0.0,-0.54,-0.05,-1.57,-0.37,-0.06,-1.91,-0.27,0.11,-1.18,3164,3005.0, , , , , , , ,749.52,749.5,200.0,4300.0, , , ,, , , , , , , 
09:48:57,-0.54,-0.16,-0.76,-0.26,-2.01,-0.4,-0.33,-2.15,-0.45,0.11,-1.33,3226,3018.0, , , , , , , ,749.9,749.5,607.0,2100.0, , , ,, , , , , , , 
09:49:00,-0.67,-0.26,-0.8,-0.38,-1.34,-0.66,-0.44,-1.45,-0.55,0.04,-0.52,3475,3026.0,-3000.0,749.48,749.48,-3000.0,3000.0, ,-0.08,749.5,748.9,200.0,200.0, ,2018-05-29 09:49:00,2018-05-29 09:49:00.673000,, , ,FILLED, , ,2018-05-29 09:49:00.673000,2018-05-29 09:49:04.114000
09:49:03,-0.44,-0.07,-0.74,-0.16,-1.42,-0.25,-0.08,-1.46,-0.33,0.04,-0.56,3214,3013.0, , , , , , , ,749.46,748.96,400.0,200.0, , , ,, , , , , , , 
09:49:06,-0.25,0.14,-0.53,-0.09,-2.21,-0.23,0.19,-2.19,-0.01,0.33,-1.41,5872,3535.0, , , , , , , ,750.0,749.49,23925.0,1700.0, , , ,, , , , , , , 
09:49:09,-0.08,0.35,-0.44,0.15,-2.57,-0.04,0.16,-2.53,0.23,0.73,-1.79,6039,3554.0, , , , , , , ,750.0,749.99,23125.0,299.0, , , ,, , , , , , , 
09:49:12,-0.04,0.53,-0.3,0.44,-2.05,-0.09,0.27,-1.92,0.25,0.89,-1.33,5561,3522.0, , , , , , , ,749.52,749.5,1.0,100.0, , , ,, , , , , , , 
09:49:15,0.02,0.45,-0.34,0.27,-2.25,0.07,0.19,-2.04,0.34,0.87,-1.41,5265,3490.0, , , , , , , ,749.66,749.52,1.0,100.0, , , ,, , , , , , , 
09:49:18,-0.27,0.2,-0.4,0.07,-2.5,-0.35,0.1,-2.14,-0.05,0.42,-1.58,5354,3466.0, , , , , , , ,749.8,749.52,700.0,100.0, , , ,, , , , , , , 
09:49:21,-0.39,0.11,-0.54,0.16,-2.49,-0.41,-0.11,-1.93,-0.24,0.29,-1.58,5125,3490.0, , , , , , , ,749.49,749.48,100.0,1900.0, , , ,, , , , , , , 
09:49:24,-0.13,0.26,-0.1,0.42,-2.18,-0.26,0.12,-1.44,-0.04,0.24,-1.29,5203,3496.0, , , , , , , ,749.45,748.78,2800.0,1900.0, , , ,, , , , , , , 
09:49:27,-0.18,0.13,-0.27,0.18,-1.85,-0.31,0.02,-0.96,0.03,0.18,-1.2,5100,3481.0, , , , , , , ,748.78,748.7,1600.0,100.0, , , ,, , , , , , , 
09:49:30,-0.26,0.15,-0.24,0.38,-1.72,-0.32,-0.07,-0.77,-0.21,0.14,-1.22,5115,3454.0, , , , , , , ,748.7,748.51,15.0,100.0, , , ,, , , , , , , 
09:49:33,-0.21,0.06,-0.15,0.05,-1.9,-0.25,-0.02,-0.93,-0.23,0.15,-1.52,4622,3421.0, , , , , , , ,748.77,748.7,500.0,1385.0, , , ,, , , , , , , 
09:49:36,0.03,0.45,-0.14,0.32,-1.25,0.06,0.69,-0.29,0.16,0.32,-1.03,4433,3416.0, , , , , , , ,748.51,748.01,1100.0,2400.0, , , ,, , , , , , , 
09:49:39,0.37,0.76,0.18,0.52,-1.27,0.43,1.01,-0.35,0.49,0.76,-1.14,4225,3390.0, , , , , , , ,748.51,748.08,400.0,1000.0, , , ,, , , , , , , 
09:49:42,0.3,0.75,-0.09,0.5,-1.19,0.55,0.9,-0.45,0.43,0.84,-1.15,3975,3361.0, , , , , , , ,748.5,748.08,300.0,500.0, , , ,, , , , , , , 
09:49:45,0.44,0.77,0.12,0.45,-0.96,0.65,0.96,-0.64,0.56,0.89,-1.0,3860,3332.0, , , , , , , ,748.5,748.08,300.0,100.0, , , ,, , , , , , , 
09:49:48,0.18,0.75,-0.17,0.36,-1.16,0.24,1.0,-1.23,0.46,0.9,-1.23,4043,3367.0, , , , , , , ,748.75,748.51,100.0,1000.0, , , ,, , , , , , , 
09:49:51,0.15,0.72,-0.15,0.51,-0.36,0.2,0.86,-0.82,0.4,0.79,-0.45,3790,3345.0, , , , , , , ,748.44,748.0,100.0,2000.0, , , ,, , , , , , , 
09:49:54,0.29,0.83,0.03,0.77,-0.2,0.44,0.92,-0.95,0.4,0.82,-0.38,3644,3315.0, , , , , , , ,748.44,748.02,100.0,3000.0, , , ,, , , , , , , 
09:49:57,0.5,0.99,0.37,0.78,-0.21,0.65,1.08,-1.03,0.48,1.11,-0.5,3681,3288.0, , , , , , , ,748.48,748.02,900.0,3100.0, , , ,, , , , , , , 
09:50:00,0.37,0.97,0.28,0.8,0.09,0.49,0.94,-0.93,0.35,1.17,-0.23,3409,3281.0, , , , , , , ,748.08,748.02,200.0,800.0, , , ,, , , , , , , 
09:50:03,0.35,0.88,0.3,0.67,-0.18,0.49,0.88,-1.38,0.25,1.08,-0.58,3517,3258.0, , , , , , , ,748.48,748.02,400.0,600.0, , , ,, , , , , , , 
09:50:06,0.27,0.92,0.19,0.79,0.09,0.43,0.92,-1.19,0.19,1.04,-0.19,3305,3240.0, , , , , , , ,748.08,748.0,200.0,1700.0, , , ,, , , , , , , 
09:50:09,0.28,0.85,0.2,0.62,0.13,0.43,0.83,-1.22,0.23,1.11,-0.02,3873,3227.0, , , , , , , ,748.0,747.99,2000.0,200.0, , , ,, , , , , , , 
09:50:12,0.18,0.75,0.08,0.51,0.1,0.32,0.76,-1.22,0.13,0.97,-0.0,3002,3198.0, , , , , , , ,748.0,747.99,1900.0,73.0, , , ,, , , , , , , 
09:50:15,0.18,0.69,0.13,0.55,0.28,0.24,0.72,-0.94,0.17,0.8,0.3,3000,3171.0, , , , , , , ,747.99,747.7,27.0,200.0, , , ,, , , , , , , 
09:50:18,0.09,0.68,-0.02,0.64,0.41,0.13,0.7,-0.74,0.15,0.71,0.42,3283,3163.0, , , , , , , ,747.99,747.51,100.0,100.0, , , ,, , , , , , , 
09:50:21,0.18,0.8,0.03,0.7,0.69,0.34,0.8,-0.36,0.17,0.9,0.71,4081,3144.0, , , , , , , ,748.0,747.05,1900.0,100.0, , , ,, , , , , , , 
09:50:24,0.11,0.8,0.07,0.8,0.87,0.24,0.78,-0.09,0.04,0.8,0.92,3102,3114.0, , , , , , , ,747.71,747.05,1000.0,100.0, , , ,, , , , , , , 
09:50:27,0.13,0.77,0.05,0.8,1.0,0.31,0.77,0.02,0.02,0.75,1.07,3378,3085.0, , , , , , , ,747.51,747.05,100.0,100.0, , , ,, , , , , , , 
09:50:30,0.02,0.79,-0.1,0.93,1.03,0.06,0.7,0.21,0.08,0.72,1.14,2664,3081.0, , , , , , , ,747.51,747.0,100.0,24108.0, , , ,, , , , , , , 
09:50:33,0.47,1.16,0.44,1.21,0.9,0.76,1.19,0.15,0.2,1.08,1.02,2421,3064.0, , , , , , , ,747.7,747.05,100.0,100.0, , , ,, , , , , , , 
09:50:36,0.75,1.34,0.71,1.37,0.92,1.13,1.26,0.26,0.4,1.38,1.04,2522,3041.0, , , , , , , ,747.7,747.01,100.0,200.0, , , ,, , , , , , , 
09:50:39,0.7,1.27,0.49,1.28,1.0,1.18,1.3,0.43,0.42,1.24,1.14,2172,3016.0, , , , , , , ,747.51,747.07,100.0,2500.0, , , ,, , , , , , , 
09:50:42,0.56,1.24,0.45,1.25,0.79,0.8,1.25,0.26,0.44,1.21,1.02,2093,2994.0, , , , , , , ,747.65,747.07,500.0,1900.0, , , ,, , , , , , , 
09:50:45,0.55,1.27,0.37,1.24,0.3,0.89,1.29,-0.12,0.38,1.28,0.61,1975,2965.0, , , , , , , ,747.65,747.51,500.0,200.0, , , ,, , , , , , , 
09:50:48,0.29,1.39,0.03,1.46,-0.46,0.59,1.39,-0.84,0.24,1.31,-0.22,2045,2960.0, , , , , , , ,748.1,748.0,27.0,10000.0, , , ,, , , , , , , 
09:50:51,0.33,1.36,0.19,1.44,-0.59,0.55,1.29,-0.93,0.25,1.36,-0.43,2173,2932.0, , , , , , , ,748.1,748.01,27.0,1300.0, , , ,, , , , , , , 
09:50:54,0.36,1.43,0.16,1.64,-0.78,0.63,1.23,-1.07,0.28,1.43,-0.69,2365,2908.0, , , , , , , ,748.2,748.01,2100.0,873.0, , , ,, , , , , , , 
09:50:57,0.33,1.38,0.37,1.56,-0.84,0.46,1.15,-1.14,0.16,1.43,-0.77,1800,2881.0, , , , , , , ,748.2,748.01,2100.0,873.0, , , ,, , , , , , , 
09:51:00,0.38,1.37,0.34,1.5,-1.01,0.53,1.24,-1.07,0.28,1.39,-0.77,1885,2852.0, , , , , , , ,748.2,748.01,2100.0,873.0, , , ,, , , , , , , 
09:51:03,0.39,1.31,0.37,1.39,-1.25,0.44,1.22,-1.05,0.37,1.32,-0.74,2198,2834.0, , , , , , , ,748.2,748.1,2000.0,300.0, , , ,, , , , , , , 
09:51:06,0.25,1.25,0.05,1.33,-1.27,0.24,1.18,-0.92,0.45,1.23,-0.6,1889,2832.0, , , , , , , ,748.2,748.0,100.0,9873.0, , , ,, , , , , , , 
09:51:09,0.38,1.21,0.29,1.31,-1.31,0.57,1.09,-0.64,0.28,1.23,-0.48,1606,2808.0, , , , , , , ,748.1,748.03,100.0,1700.0, , , ,, , , , , , , 
09:51:12,0.35,1.14,0.1,1.09,-1.31,0.44,1.0,-0.57,0.52,1.31,-0.48,1701,2797.0, , , , , , , ,748.1,748.03,1900.0,200.0, , , ,, , , , , , , 
09:51:15,0.21,0.83,0.1,0.93,-1.21,0.13,0.6,-0.47,0.42,0.97,-0.54,1572,2779.0, , , , , , , ,748.1,748.0,1300.0,9832.0, , , ,, , , , , , , 
09:51:18,0.13,0.74,0.08,0.85,-1.14,-0.04,0.58,-0.31,0.37,0.78,-0.61,1619,2752.0, , , , , , , ,748.1,748.0,2400.0,9932.0, , , ,, , , , , , , 
09:51:21,-0.01,0.6,0.02,0.64,-1.07,-0.13,0.4,-0.23,0.09,0.75,-0.68,1760,2752.0, , , , , , , ,748.1,748.0,2000.0,7632.0, , , ,, , , , , , , 
09:51:24,-0.16,0.47,-0.01,0.51,-0.94,-0.35,0.36,-0.08,-0.13,0.55,-0.56,1877,2744.0, , , , , , , ,748.01,748.0,100.0,5632.0, , , ,, , , , , , , 
09:51:27,-0.32,0.29,-0.19,0.17,-0.97,-0.38,0.24,-0.01,-0.4,0.45,-0.57,1860,2739.0, , , , , , , ,748.03,748.0,100.0,3932.0, , , ,, , , , , , , 
09:51:30,-0.43,0.19,-0.24,0.13,-0.81,-0.58,0.18,-0.01,-0.47,0.26,-0.59,1675,2725.0, , , , , , , ,748.03,748.01,100.0,100.0, , , ,, , , , , , , 
09:51:33,-0.5,0.17,-0.28,0.15,-0.78,-0.63,0.18,-0.08,-0.57,0.2,-0.73,5758,2707.0, , , , , , , ,748.1,748.04,1500.0,200.0, , , ,, , , , , , , 
09:51:36,-0.52,0.16,-0.21,0.05,-0.7,-0.73,0.18,-0.08,-0.61,0.24,-0.86,1673,2686.0, , , , , , , ,748.1,748.04,1500.0,100.0, , , ,, , , , , , , 
09:51:39,-0.63,-0.07,-0.44,-0.21,-0.52,-0.68,-0.04,0.01,-0.76,0.04,-0.83,1300,2677.0, , , , , , , ,748.01,748.0,300.0,1732.0, , , ,, , , , , , , 
09:51:42,-0.66,-0.28,-0.49,-0.29,-0.58,-0.81,-0.27,0.2,-0.67,-0.27,-0.88,1339,2672.0,-3000.0,747.98,747.98,-100.0,2900.0, ,-0.7,748.0,747.98,168.0,100.0, ,2018-05-29 09:51:42,2018-05-29 09:51:42.640000,, , ,CANCELED, , ,2018-05-29 09:51:42.640000,2018-05-29 09:51:46.335000
09:51:45,-0.56,-0.29,-0.43,-0.3,-0.33,-0.78,-0.25,0.71,-0.49,-0.34,-0.6,1408,2659.0,-2900.0,747.92,0.0,-0.0,2900.0, , ,747.94,747.52,219.0,700.0, ,2018-05-29 09:51:45,2018-05-29 09:51:46.336000,, , ,CANCELED, , ,2018-05-29 09:51:46.336000,2018-05-29 09:51:49.356000
09:51:48,-0.47,-0.22,-0.48,-0.22,-0.12,-0.73,-0.15,1.16,-0.21,-0.29,-0.36,1747,2639.0,-2900.0,747.9,0.0,-0.0,2900.0, , ,747.92,747.11,2900.0,500.0, ,2018-05-29 09:51:48,2018-05-29 09:51:49.356000,, , ,CANCELED, , ,2018-05-29 09:51:49.356000,2018-05-29 09:51:51.873000
09:51:51,-0.64,-0.34,-0.64,-0.48,-0.33,-0.83,-0.33,1.27,-0.45,-0.22,-0.55,1546,2617.0,-2900.0,747.63,747.63,-300.0,2600.0, ,-0.96,747.65,747.56,200.0,100.0, ,2018-05-29 09:51:51,2018-05-29 09:51:51.873000,, , ,CANCELED, , ,2018-05-29 09:51:51.873000,2018-05-29 09:51:55.388000
09:51:54,-0.76,-0.37,-0.65,-0.39,-0.39,-1.15,-0.46,1.39,-0.46,-0.25,-0.61,1333,2595.0,-2600.0,747.61,0.0,-0.0,2600.0, , ,747.63,747.56,2600.0,94.0, ,2018-05-29 09:51:54,2018-05-29 09:51:55.388000,, , ,CANCELED, , ,2018-05-29 09:51:55.388000,2018-05-29 09:51:57.913000
09:51:57,-0.76,-0.34,-0.71,-0.38,-0.14,-1.05,-0.43,1.79,-0.52,-0.22,-0.26,1204,2574.0,-2600.0,747.59,0.0,-0.0,2600.0, , ,747.61,747.11,2600.0,500.0, ,2018-05-29 09:51:57,2018-05-29 09:51:57.913000,, , ,CANCELED, , ,2018-05-29 09:51:57.913000,2018-05-29 09:52:01.436000
09:52:00,-0.87,-0.25,-0.8,-0.33,-0.06,-1.23,-0.27,1.95,-0.57,-0.14,-0.16,1131,2555.0,-2600.0,747.57,0.0,-0.0,2600.0, , ,747.59,747.11,2600.0,600.0, ,2018-05-29 09:52:00,2018-05-29 09:52:01.436000,, , ,CANCELED, , ,2018-05-29 09:52:01.436000,2018-05-29 09:52:03.939000
09:52:03,-0.77,-0.23,-0.8,-0.36,0.36,-0.93,-0.24,2.27,-0.59,-0.1,0.2,1347,2540.0,-2600.0,747.09,747.09,-1500.0,1100.0, ,-1.23,747.1,747.09,200.0,100.0, ,2018-05-29 09:52:03,2018-05-29 09:52:03.939000,, , ,CANCELED, , ,2018-05-29 09:52:03.939000,2018-05-29 09:52:06.962000
09:52:06,-0.67,-0.14,-0.71,-0.24,0.45,-0.83,-0.13,2.15,-0.48,-0.04,0.22,1204,2531.0, , , , , , , ,747.09,747.07,1100.0,1900.0, , , ,, , , , , , , 
09:52:09,-0.6,-0.0,-0.64,-0.16,0.68,-0.76,-0.01,2.1,-0.41,0.15,0.16,1136,2508.0, , , , , , , ,747.09,747.07,100.0,1800.0, , , ,, , , , , , , 
09:52:12,-0.57,0.06,-0.55,-0.1,0.75,-0.7,0.1,1.92,-0.47,0.17,0.01,1089,2484.0, , , , , , , ,747.09,747.07,200.0,1800.0, , , ,, , , , , , , 
09:52:15,-0.41,0.05,-0.51,-0.09,0.82,-0.38,0.04,1.92,-0.34,0.21,-0.12,1570,2468.0, , , , , , , ,747.11,747.07,200.0,1600.0, , , ,, , , , , , , 
09:52:18,-0.48,0.13,-0.54,0.05,0.66,-0.55,0.11,1.53,-0.36,0.22,-0.66,1125,2455.0, , , , , , , ,747.57,747.09,1700.0,100.0, , , ,, , , , , , , 
09:52:21,-0.54,0.18,-0.46,0.1,0.78,-0.65,0.16,1.34,-0.51,0.27,-0.96,1030,2435.0, , , , , , , ,747.5,747.09,500.0,100.0, , , ,, , , , , , , 
09:52:24,-0.46,0.31,-0.46,0.28,0.86,-0.49,0.23,1.14,-0.42,0.43,-1.27,1016,2413.0, , , , , , , ,747.5,747.09,500.0,200.0, , , ,, , , , , , , 
09:52:27,-0.33,0.45,-0.32,0.42,0.94,-0.25,0.28,0.71,-0.4,0.65,-1.56,1154,2395.0, , , , , , , ,747.5,747.11,400.0,100.0, , , ,, , , , , , , 
09:52:30,-0.34,0.52,-0.46,0.46,0.98,-0.33,0.41,0.55,-0.22,0.69,-1.66,1024,2380.0, , , , , , , ,747.5,747.05,400.0,300.0, , , ,, , , , , , , 
09:52:33,-0.38,0.59,-0.41,0.51,0.3,-0.32,0.5,-0.26,-0.4,0.75,-2.33,1196,2392.0, , , , , , , ,748.0,747.57,1100.0,1900.0, , , ,, , , , , , , 
09:52:36,-0.14,0.7,-0.1,0.67,0.57,-0.08,0.71,-0.13,-0.26,0.73,-2.05,1260,2386.0, , , , , , , ,747.6,747.57,300.0,632.0, , , ,, , , , , , , 
09:52:39,-0.04,0.76,0.03,0.74,0.62,0.1,0.72,-0.15,-0.25,0.81,-1.99,1121,2370.0, , , , , , , ,747.6,747.5,300.0,3032.0, , , ,, , , , , , , 
09:52:42,-0.09,0.67,-0.05,0.71,0.78,-0.07,0.59,-0.16,-0.14,0.69,-2.01,1096,2349.0, , , , , , , ,747.6,747.5,400.0,2732.0, , , ,, , , , , , , 
09:52:45,-0.25,0.53,-0.19,0.62,0.98,-0.24,0.41,0.01,-0.31,0.56,-1.99,1305,2348.0, , , , , , , ,747.57,747.5,200.0,532.0, , , ,, , , , , , , 
09:52:48,-0.12,0.56,-0.08,0.61,1.45,-0.2,0.56,0.55,-0.09,0.5,-1.7,1217,2336.0, , , , , , , ,747.5,747.1,68.0,200.0, , , ,, , , , , , , 
09:52:51,-0.06,0.53,-0.07,0.56,1.69,-0.13,0.55,0.78,0.01,0.49,-1.71,1073,2314.0, , , , , , , ,747.5,747.1,1268.0,200.0, , , ,, , , , , , , 
09:52:54,-0.12,0.37,-0.1,0.38,1.78,-0.3,0.36,0.86,0.04,0.36,-1.74,1052,2295.0, , , , , , , ,747.5,747.1,968.0,200.0, , , ,, , , , , , , 
09:52:57,-0.1,0.41,-0.05,0.46,1.85,-0.27,0.32,0.75,0.01,0.45,-1.84,1317,2296.0, , , , , , , ,747.55,747.09,768.0,300.0, , , ,, , , , , , , 
09:53:00,0.08,0.58,0.12,0.51,2.31,0.01,0.57,1.06,0.12,0.65,-1.61,1201,2282.0, , , , , , , ,747.09,747.08,100.0,100.0, , , ,, , , , , , , 
09:53:03,-0.01,0.53,-0.02,0.5,1.7,-0.06,0.46,0.39,0.04,0.63,-2.29,1130,2265.0, , , , , , , ,747.55,747.5,268.0,2000.0, , , ,, , , , , , , 
09:53:06,-0.15,0.44,-0.16,0.39,1.56,-0.28,0.36,0.5,-0.02,0.57,-2.36,1086,2248.0, , , , , , , ,747.55,747.5,268.0,1586.0, , , ,, , , , , , , 
09:53:09,-0.13,0.4,-0.12,0.37,1.51,-0.27,0.26,0.6,0.01,0.55,-2.47,1085,2231.0, , , , , , , ,747.55,747.5,268.0,1086.0, , , ,, , , , , , , 
09:53:12,-0.14,0.52,-0.14,0.46,0.98,-0.17,0.53,0.29,-0.09,0.59,-2.92,1097,2232.0, , , , , , , ,748.0,747.55,568.0,100.0, , , ,, , , , , , , 
09:53:15,-0.14,0.64,-0.08,0.61,1.04,-0.13,0.67,0.43,-0.21,0.63,-3.0,1262,2216.0, , , , , , , ,748.0,747.5,468.0,876.0, , , ,, , , , , , , 
09:53:18,-0.11,0.67,-0.1,0.72,0.97,-0.04,0.74,0.42,-0.18,0.54,-3.08,1047,2198.0, , , , , , , ,748.0,747.5,268.0,776.0, , , ,, , , , , , , 
09:53:21,0.17,0.87,0.31,0.9,0.39,0.25,0.95,0.06,-0.05,0.77,-3.46,1163,2204.0, , , , , , , ,748.01,748.0,100.0,10432.0, , , ,, , , , , , , 
09:53:24,0.19,0.89,0.37,0.84,0.18,0.24,1.02,0.08,-0.05,0.81,-3.51,1110,2187.0, , , , , , , ,748.01,748.0,100.0,10132.0, , , ,, , , , , , , 
09:53:27,0.04,0.61,0.15,0.61,-0.22,0.08,0.66,0.1,-0.12,0.57,-3.58,1059,2168.0, , , , , , , ,748.01,748.0,200.0,3732.0, , , ,, , , , , , , 
09:53:30,-0.25,0.38,-0.06,0.44,-0.42,-0.36,0.48,0.14,-0.34,0.23,-3.71,1101,2147.0, , , , , , , ,748.01,748.0,200.0,3632.0, , , ,, , , , , , , 
09:53:33,-0.28,0.41,-0.08,0.42,-0.58,-0.3,0.48,0.15,-0.46,0.32,-3.84,1381,2169.0, , , , , , , ,748.03,748.01,500.0,200.0, , , ,, , , , , , , 
09:53:36,-0.39,0.42,-0.19,0.4,-0.69,-0.51,0.55,0.17,-0.46,0.32,-3.83,1173,2152.0, , , , , , , ,748.01,748.0,100.0,332.0, , , ,, , , , , , , 
09:53:39,-0.57,0.17,-0.41,0.17,-0.77,-0.7,0.21,0.15,-0.61,0.13,-3.88,1324,2151.0, , , , , , , ,748.03,748.01,600.0,1332.0, , , ,, , , , , , , 
09:53:42,-0.67,0.1,-0.39,0.07,-0.79,-0.89,0.09,0.14,-0.72,0.13,-3.88,1247,2136.0, , , , , , , ,748.03,748.01,400.0,932.0, , , ,, , , , , , , 
09:53:45,-0.76,0.02,-0.5,0.02,-1.29,-0.95,0.01,-0.63,-0.84,0.04,-4.49,1312,2154.0, , , , , , , ,748.51,748.5,100.0,1900.0, , , ,, , , , , , , 
09:53:48,-0.61,0.17,-0.37,0.2,-1.06,-0.72,0.23,-0.83,-0.74,0.07,-4.54,1475,2135.0, , , , , , , ,748.51,748.5,100.0,1700.0, , , ,, , , , , , , 
09:53:51,-0.72,0.08,-0.59,0.19,-0.83,-0.83,0.09,-1.04,-0.76,-0.04,-4.55,1379,2121.0, , , , , , , ,748.51,748.5,100.0,1000.0, , , ,, , , , , , , 
09:53:54,-0.57,0.14,-0.43,0.28,-1.04,-0.77,0.17,-1.51,-0.51,-0.03,-4.85,1367,2107.0, , , , , , , ,748.75,748.7,200.0,2278.0, , , ,, , , , , , , 
09:53:57,-0.43,0.23,-0.28,0.26,-1.22,-0.58,0.27,-1.68,-0.44,0.16,-4.94,1264,2092.0, , , , , , , ,748.88,748.7,100.0,1978.0, , , ,, , , , , , , 
09:54:00,-0.54,0.25,-0.42,0.38,-1.22,-0.69,0.25,-1.68,-0.52,0.11,-4.94,1215,2079.0, , , , , , , ,748.88,748.7,100.0,1378.0, , , ,, , , , , , , 
09:54:03,-0.28,0.37,-0.1,0.53,-1.5,-0.46,0.42,-1.79,-0.29,0.17,-5.13,1141,2059.0, , , , , , , ,748.99,748.88,100.0,3700.0, , , ,, , , , , , , 
09:54:06,-0.37,0.35,-0.23,0.32,-1.0,-0.54,0.49,-1.33,-0.34,0.23,-4.71,1636,2129.0, , , , , , , ,748.7,748.6,422.0,100.0, , , ,, , , , , , , 
09:54:09,-0.73,0.08,-0.45,0.18,-0.54,-0.8,0.01,-0.91,-0.94,0.06,-4.38,1804,2152.0, , , , , , , ,748.5,748.26,900.0,100.0, , , ,, , , , , , , 
09:54:12,-1.12,-0.04,-0.89,0.1,-0.88,-1.11,-0.08,-1.27,-1.37,-0.15,-4.66,1713,2140.0, , , , , , , ,748.7,748.6,722.0,300.0, , , ,, , , , , , , 
09:54:15,-1.03,-0.11,-0.8,0.03,-0.39,-1.05,-0.28,-0.96,-1.25,-0.08,-4.21,1643,2132.0, , , , , , , ,748.7,748.03,422.0,200.0, , , ,, , , , , , , 
09:54:18,-1.02,-0.16,-0.86,-0.08,-0.89,-1.07,-0.33,-1.51,-1.14,-0.07,-4.61,1579,2118.0, , , , , , , ,748.75,748.7,100.0,378.0, , , ,, , , , , , , 
09:54:21,-1.13,-0.36,-0.95,-0.19,-0.14,-1.12,-0.56,-0.81,-1.33,-0.32,-3.66,1590,2114.0,-1100.0,748.28,0.0,-0.0,1100.0, , ,748.3,748.01,3800.0,1032.0, ,2018-05-29 09:54:21,2018-05-29 09:54:21.634000,, , ,CANCELED, , ,2018-05-29 09:54:21.634000,2018-05-29 09:54:24.976000
09:54:24,-0.98,-0.26,-0.72,-0.03,0.17,-0.96,-0.31,-0.48,-1.25,-0.45,-3.17,1583,2105.0,-1100.0,747.99,747.99,-31.0,1069.0, ,-1.04,748.01,747.88,1968.0,100.0, ,2018-05-29 09:54:24,2018-05-29 09:54:24.976000,, , ,CANCELED, , ,2018-05-29 09:54:24.976000,2018-05-29 09:54:27.978000
09:54:27,-0.82,-0.04,-0.62,0.11,0.45,-0.76,0.01,-0.22,-1.09,-0.22,-2.58,1540,2087.0, , , , , , , ,747.99,747.5,1069.0,400.0, , , ,, , , , , , , 
09:54:30,-0.65,-0.11,-0.69,-0.03,0.79,-0.46,-0.09,0.08,-0.79,-0.21,-2.0,1629,2092.0, , , , , , , ,747.91,747.12,200.0,100.0, , , ,, , , , , , , 
09:54:33,-0.67,-0.0,-0.55,0.0,0.78,-0.76,0.04,-0.04,-0.72,-0.05,-1.84,1616,2076.0, , , , , , , ,748.0,747.11,2400.0,200.0, , , ,, , , , , , , 
09:54:36,-0.88,0.04,-0.85,0.05,0.78,-0.92,-0.02,-0.16,-0.88,0.11,-1.73,1452,2059.0, , , , , , , ,748.0,747.11,2100.0,200.0, , , ,, , , , , , , 
09:54:39,-0.84,0.11,-0.75,0.16,1.08,-0.8,-0.03,0.08,-0.97,0.2,-1.41,1382,2039.0, , , , , , , ,747.5,747.15,100.0,200.0, , , ,, , , , , , , 
09:54:42,-0.73,0.16,-0.66,0.28,1.06,-0.64,0.02,0.01,-0.89,0.17,-1.6,1395,2022.0, , , , , , , ,747.5,747.15,100.0,100.0, , , ,, , , , , , , 
09:54:45,-0.85,0.17,-0.77,0.25,0.69,-0.79,0.09,-0.31,-0.98,0.17,-1.88,1378,2007.0, , , , , , , ,747.96,747.07,2300.0,100.0, , , ,, , , , , , , 
09:54:48,-0.93,0.29,-0.96,0.48,-0.16,-0.85,0.11,-1.02,-1.0,0.28,-2.56,1600,2055.0, , , , , , , ,748.01,748.0,368.0,1800.0, , , ,, , , , , , , 
09:54:51,-0.85,0.28,-0.87,0.35,-0.37,-0.77,0.18,-1.08,-0.89,0.32,-2.58,1527,2039.0, , , , , , , ,748.01,748.0,268.0,1400.0, , , ,, , , , , , , 
09:54:54,-0.78,0.2,-0.83,0.2,-0.55,-0.61,0.17,-1.16,-0.89,0.22,-2.55,1506,2023.0, , , , , , , ,748.01,748.0,268.0,1000.0, , , ,, , , , , , , 
09:54:57,-0.93,0.16,-0.86,0.24,-0.3,-0.85,0.16,-0.78,-1.07,0.07,-2.21,1519,2015.0, , , , , , , ,748.01,747.5,268.0,2000.0, , , ,, , , , , , , 
09:55:00,-0.94,0.11,-0.74,0.19,-0.3,-0.88,0.09,-0.7,-1.21,0.06,-2.18,1739,2012.0, , , , , , , ,748.0,747.5,900.0,1532.0, , , ,, , , , , , , 
09:55:03,-0.91,0.07,-0.95,0.08,-0.56,-0.86,0.07,-1.03,-0.92,0.07,-2.56,1618,2012.0, , , , , , , ,748.02,748.01,200.0,300.0, , , ,, , , , , , , 
09:55:06,-0.75,0.22,-0.67,0.39,-0.13,-0.84,0.1,-0.67,-0.75,0.17,-2.05,1492,1997.0, , , , , , , ,748.0,747.5,800.0,1208.0, , , ,, , , , , , , 
09:55:09,-0.76,0.22,-0.65,0.39,-0.5,-0.81,0.08,-1.17,-0.82,0.18,-2.58,1454,1991.0, , , , , , , ,748.1,748.05,200.0,3000.0, , , ,, , , , , , , 
09:55:12,-0.76,0.12,-0.59,0.15,-0.5,-0.89,-0.05,-1.31,-0.78,0.27,-2.67,1553,1975.0, , , , , , , ,748.1,748.05,200.0,100.0, , , ,, , , , , , , 
09:55:15,-0.61,0.27,-0.42,0.34,-0.56,-0.73,0.13,-1.44,-0.69,0.35,-2.77,1408,1957.0, , , , , , , ,748.1,748.04,100.0,2900.0, , , ,, , , , , , , 
09:55:18,-0.5,0.3,-0.46,0.39,-0.64,-0.47,0.2,-1.64,-0.57,0.32,-2.92,1283,1941.0, , , , , , , ,748.1,748.04,100.0,2500.0, , , ,, , , , , , , 
09:55:21,-0.52,0.26,-0.33,0.35,-0.65,-0.53,0.2,-1.94,-0.7,0.25,-2.98,1382,1949.0, , , , , , , ,748.04,748.02,1700.0,1000.0, , , ,, , , , , , , 
09:55:24,-0.72,0.17,-0.45,0.28,-0.59,-0.79,0.03,-2.25,-0.92,0.19,-3.07,1502,1936.0, , , , , , , ,748.04,748.02,1400.0,800.0, , , ,, , , , , , , 
09:55:27,-0.63,0.25,-0.43,0.3,-0.75,-0.7,0.16,-2.68,-0.75,0.28,-3.33,1431,1940.0, , , , , , , ,748.19,748.1,700.0,900.0, , , ,, , , , , , , 
09:55:30,-0.7,0.22,-0.43,0.23,-0.74,-0.8,0.17,-2.79,-0.89,0.27,-3.29,1632,1979.0, , , , , , , ,748.19,748.06,600.0,500.0, , , ,, , , , , , , 
09:55:33,-0.95,0.05,-0.68,0.14,-0.8,-0.96,-0.05,-2.79,-1.22,0.05,-3.33,1561,1960.0, , , , , , , ,748.19,748.06,600.0,400.0, , , ,, , , , , , , 
09:55:36,-0.87,0.06,-0.54,0.24,-0.96,-0.93,-0.07,-2.8,-1.14,0.03,-3.35,1514,1947.0, , , , , , , ,748.19,748.1,500.0,800.0, , , ,, , , , , , , 
09:55:39,-0.61,0.2,-0.42,0.21,-1.02,-0.52,0.22,-2.79,-0.88,0.18,-3.37,1613,1934.0, , , , , , , ,748.19,748.1,200.0,500.0, , , ,, , , , , , , 
09:55:42,-0.67,0.16,-0.36,0.32,-1.06,-0.68,0.03,-2.79,-0.96,0.12,-3.34,1421,1918.0, , , , , , , ,748.16,748.1,100.0,300.0, , , ,, , , , , , , 
09:55:45,-0.7,0.07,-0.42,0.26,-1.05,-0.66,-0.02,-2.71,-1.02,-0.03,-3.29,1379,1907.0, , , , , , , ,748.1,748.04,100.0,100.0, , , ,, , , , , , , 
09:55:48,-0.75,0.03,-0.41,0.29,-0.73,-0.8,-0.1,-2.35,-1.05,-0.09,-3.0,1847,1958.0, , , , , , , ,748.0,747.58,3300.0,100.0, , , ,, , , , , , , 
09:55:51,-0.68,0.05,-0.36,0.27,-0.47,-0.71,0.03,-2.04,-0.96,-0.16,-2.73,1606,1942.0, , , , , , , ,747.58,747.51,46.0,100.0, , , ,, , , , , , , 
09:55:54,-0.68,0.05,-0.37,0.18,-0.49,-0.72,0.08,-2.02,-0.95,-0.12,-2.78,1540,1928.0, , , , , , , ,747.51,747.5,100.0,1406.0, , , ,, , , , , , , 
09:55:57,-0.7,-0.01,-0.4,0.09,-0.49,-0.78,0.04,-2.13,-0.93,-0.15,-2.84,1458,1910.0, , , , , , , ,747.58,747.5,300.0,1406.0, , , ,, , , , , , , 
09:56:00,-0.9,-0.06,-0.58,-0.04,-0.42,-1.04,-0.1,-2.22,-1.08,-0.02,-2.84,1728,1894.0, , , , , , , ,747.58,747.5,200.0,1406.0, , , ,, , , , , , , 
09:56:03,-0.97,-0.13,-0.56,-0.06,-0.4,-1.14,-0.23,-2.31,-1.22,-0.11,-2.88,1359,1876.0, , , , , , , ,747.58,747.5,200.0,1406.0, , , ,, , , , , , , 
09:56:06,-0.9,-0.04,-0.69,-0.04,-0.69,-1.04,-0.08,-2.67,-0.96,-0.01,-3.21,1434,1860.0, , , , , , , ,747.94,747.58,300.0,500.0, , , ,, , , , , , , 
09:56:09,-0.88,0.04,-0.74,0.07,-0.75,-1.0,-0.1,-2.78,-0.91,0.13,-3.25,1265,1842.0, , , , , , , ,747.94,747.58,200.0,600.0, , , ,, , , , , , , 
09:56:12,-0.77,0.14,-0.53,0.15,-0.86,-1.0,0.1,-2.88,-0.78,0.18,-3.31,1468,1827.0, , , , , , , ,747.9,747.58,600.0,400.0, , , ,, , , , , , , 
09:56:15,-0.66,0.19,-0.43,0.22,-0.73,-0.75,0.17,-2.73,-0.81,0.19,-3.1,1152,1815.0, , , , , , , ,747.58,747.51,800.0,1000.0, , , ,, , , , , , , 
09:56:18,-0.73,0.17,-0.47,0.18,-0.94,-0.91,0.16,-2.8,-0.81,0.16,-3.18,1141,1799.0, , , , , , , ,747.58,747.51,1100.0,900.0, , , ,, , , , , , , 
09:56:21,-0.62,0.16,-0.38,0.19,-1.29,-0.79,0.11,-2.84,-0.7,0.2,-3.25,1110,1785.0, , , , , , , ,747.58,747.51,700.0,1000.0, , , ,, , , , , , , 
09:56:24,-0.54,0.19,-0.35,0.23,-1.6,-0.69,0.16,-2.9,-0.57,0.19,-3.28,1105,1778.0, , , , , , , ,747.58,747.51,200.0,1100.0, , , ,, , , , , , , 
09:56:27,-0.59,0.19,-0.42,0.25,-2.1,-0.63,0.14,-3.17,-0.71,0.18,-3.52,1115,1769.0, , , , , , , ,747.9,747.51,500.0,1000.0, , , ,, , , , , , , 
09:56:30,-0.6,0.15,-0.39,0.18,-2.02,-0.6,0.1,-3.08,-0.83,0.16,-3.32,1141,1777.0, , , , , , , ,747.58,747.5,100.0,6.0, , , ,, , , , , , , 
09:56:33,-0.66,0.05,-0.44,0.05,-1.96,-0.74,-0.06,-3.15,-0.79,0.16,-3.29,1815,1766.0, , , , , , , ,747.51,747.5,500.0,200.0, , , ,, , , , , , , 
09:56:36,-0.69,0.1,-0.41,0.09,-1.75,-0.89,0.02,-2.96,-0.76,0.18,-3.11,1434,1761.0, , , , , , , ,747.51,747.2,1000.0,100.0, , , ,, , , , , , , 
09:56:39,-0.66,0.09,-0.31,0.07,-1.68,-0.87,0.01,-2.94,-0.79,0.19,-3.08,1146,1751.0, , , , , , , ,747.5,747.13,100.0,200.0, , , ,, , , , , , , 
09:56:42,-0.58,0.12,-0.38,0.11,-1.75,-0.67,0.01,-2.98,-0.67,0.25,-3.17,1132,1736.0, , , , , , , ,747.5,747.2,100.0,100.0, , , ,, , , , , , , 
09:56:45,-0.61,0.1,-0.45,0.01,-1.7,-0.73,-0.01,-2.9,-0.66,0.31,-3.22,1041,1720.0, , , , , , , ,747.5,747.12,2200.0,1200.0, , , ,, , , , , , , 
09:56:48,-0.76,0.05,-0.57,-0.04,-1.51,-0.92,-0.06,-2.74,-0.79,0.24,-3.13,1077,1705.0, , , , , , , ,747.2,747.11,100.0,400.0, , , ,, , , , , , , 
09:56:51,-0.75,0.02,-0.46,-0.07,-1.52,-0.95,-0.05,-2.75,-0.84,0.2,-3.23,1009,1691.0, , , , , , , ,747.2,747.11,100.0,500.0, , , ,, , , , , , , 
09:56:54,-0.65,0.11,-0.45,0.1,-1.55,-0.92,0.04,-2.76,-0.59,0.18,-3.29,1047,1705.0, , , , , , , ,747.2,747.11,100.0,500.0, , , ,, , , , , , , 
09:56:57,-0.58,0.16,-0.4,0.09,-1.54,-0.75,0.2,-2.67,-0.61,0.2,-3.33,1266,1706.0, , , , , , , ,747.11,747.07,200.0,100.0, , , ,, , , , , , , 
09:57:00,-0.63,0.14,-0.47,0.06,-1.88,-0.78,0.1,-2.93,-0.64,0.26,-3.73,1087,1697.0, , , , , , , ,747.45,747.12,100.0,200.0, , , ,, , , , , , , 
09:57:03,-0.79,0.06,-0.64,0.04,-2.08,-0.88,-0.07,-3.05,-0.85,0.21,-4.09,1340,1742.0, , , , , , , ,747.45,747.3,100.0,100.0, , , ,, , , , , , , 
09:57:06,-0.85,-0.05,-0.7,-0.13,-1.96,-0.89,-0.1,-2.8,-0.96,0.08,-4.16,1556,1785.0, , , , , , , ,747.45,747.0,100.0,49487.0, , , ,, , , , , , , 
09:57:09,-0.91,-0.19,-0.8,-0.23,-1.9,-0.94,-0.3,-2.67,-1.0,-0.06,-3.88,1518,1771.0, , , , , , , ,747.2,747.0,500.0,49387.0, , , ,, , , , , , , 
09:57:12,-1.24,-0.52,-1.27,-0.7,-2.02,-1.3,-0.6,-2.59,-1.14,-0.26,-3.75,2938,2048.0,-1000.0,747.18,747.18,-400.0,669.0, ,-1.23,747.2,747.0,500.0,20787.0, ,2018-05-29 09:57:12,2018-05-29 09:57:12.644000,, , ,CANCELED, , ,2018-05-29 09:57:12.644000,2018-05-29 09:57:16.445000
09:57:15,-1.84,-0.91,-1.89,-1.12,-1.93,-1.94,-1.05,-2.31,-1.7,-0.57,-3.48,4345,2240.0,-1200.0,746.88,0.0,-0.0,669.0, , ,747.0,746.88,2513.0,100.0, ,2018-05-29 09:57:15,2018-05-29 09:57:16.445000,, , ,CANCELED, , ,2018-05-29 09:57:16.445000,2018-05-29 09:57:19.481000
09:57:18,-1.77,-1.0,-1.76,-1.16,-1.86,-1.82,-1.18,-2.1,-1.73,-0.65,-3.29,3668,2222.0,-1200.0,746.8,0.0,-0.0,669.0, , ,746.88,746.8,5700.0,100.0, ,2018-05-29 09:57:18,2018-05-29 09:57:19.481000,, , ,CANCELED, , ,2018-05-29 09:57:19.481000,2018-05-29 09:57:21.994000
09:57:21,-1.75,-0.82,-1.75,-0.84,-1.44,-1.73,-0.94,-1.44,-1.78,-0.68,-3.07,3502,2204.0,-1200.0,746.38,0.0,-0.0,669.0, , ,746.6,746.38,400.0,200.0, ,2018-05-29 09:57:21,2018-05-29 09:57:21.994000,, , ,CANCELED, , ,2018-05-29 09:57:21.994000,2018-05-29 09:57:25.517000
09:57:24,-1.51,-0.61,-1.31,-0.81,-0.9,-1.69,-0.38,-0.64,-1.55,-0.64,-2.7,3448,2193.0,-600.0,746.06,0.0,-0.0,669.0, , ,746.08,746.02,500.0,100.0, ,2018-05-29 09:57:24,2018-05-29 09:57:25.517000,, , ,CANCELED, , ,2018-05-29 09:57:25.517000,2018-05-29 09:57:28.044000
09:57:27,-1.56,-0.57,-1.46,-0.7,-0.91,-1.62,-0.48,-0.27,-1.6,-0.54,-2.71,3482,2204.0,-600.0,746.0,746.0,-600.0,69.0,-6145.95,-1.37,746.02,746.0,1700.0,14400.0, ,2018-05-29 09:57:27,2018-05-29 09:57:28.044000,, , ,FILLED,4484464.275232744,4490610.229336273,2018-05-29 09:57:28.044000,2018-05-29 09:57:29.327000
09:57:30,-1.45,-0.5,-1.15,-0.61,-1.04,-1.74,-0.29,0.01,-1.45,-0.58,-2.73,3650,2244.0, , , , , , , ,746.02,746.0,200.0,8300.0, , , ,, , , , , , , 
09:57:33,-1.05,-0.16,-0.79,-0.26,-1.23,-1.32,0.13,0.15,-1.06,-0.36,-2.89,3445,2240.0, , , , , , , ,746.1,746.03,300.0,4000.0, , , ,, , , , , , , 
09:57:36,-1.23,-0.13,-1.15,-0.25,-1.23,-1.33,-0.01,0.27,-1.21,-0.13,-3.08,3481,2244.0, , , , , , , ,746.1,746.03,300.0,1424.0, , , ,, , , , , , , 
09:57:39,-1.12,-0.14,-0.96,-0.26,-1.27,-0.98,-0.15,0.28,-1.42,-0.0,-3.23,3310,2237.0, , , , , , , ,746.1,746.03,200.0,24.0, , , ,, , , , , , , 
09:57:42,-1.1,-0.14,-1.0,-0.19,-1.25,-0.96,-0.25,0.11,-1.35,0.01,-3.3,3294,2247.0, , , , , , , ,746.1,746.0,300.0,5024.0, , , ,, , , , , , , 
09:57:45,-1.07,-0.28,-0.87,-0.23,-1.16,-0.99,-0.41,0.14,-1.33,-0.21,-3.28,3245,2244.0, , , , , , , ,746.01,746.0,100.0,3524.0, , , ,, , , , , , , 
09:57:48,-1.09,-0.3,-0.98,-0.28,-1.26,-1.03,-0.56,0.05,-1.27,-0.04,-3.38,3365,2242.0, , , , , , , ,746.1,746.0,200.0,1824.0, , , ,, , , , , , , 
09:57:51,-1.11,-0.24,-0.93,-0.15,-1.23,-1.03,-0.44,0.09,-1.36,-0.13,-3.37,3075,2227.0, , , , , , , ,746.03,746.0,200.0,1424.0, , , ,, , , , , , , 
09:57:54,-1.04,-0.15,-0.87,-0.06,-1.23,-0.85,-0.42,0.11,-1.4,0.02,-3.47,3117,2217.0, , , , , , , ,746.02,746.01,100.0,100.0, , , ,, , , , , , , 
09:57:57,-0.82,0.1,-0.55,0.18,-1.1,-0.83,-0.04,0.27,-1.09,0.17,-3.44,3282,2204.0, , , , , , , ,746.0,745.82,576.0,1000.0, , , ,, , , , , , , 
09:58:00,-0.71,0.15,-0.42,0.16,-1.0,-0.71,0.09,0.38,-0.99,0.19,-3.38,2734,2192.0, , , , , , , ,745.85,745.82,100.0,800.0, , , ,, , , , , , , 
09:58:03,-0.6,0.23,-0.36,0.19,-0.89,-0.49,0.29,0.46,-0.94,0.21,-3.3,2713,2183.0, , , , , , , ,745.82,745.7,900.0,200.0, , , ,, , , , , , , 
09:58:06,-0.56,0.23,-0.35,0.22,-0.84,-0.48,0.28,0.6,-0.84,0.19,-3.39,2585,2163.0, , , , , , , ,745.82,745.7,900.0,200.0, , , ,, , , , , , , 
09:58:09,-0.62,0.2,-0.4,0.2,-0.78,-0.62,0.21,0.62,-0.84,0.2,-3.34,2453,2144.0, , , , , , , ,745.82,745.55,1000.0,400.0, , , ,, , , , , , , 
09:58:12,-0.57,0.23,-0.35,0.22,-0.46,-0.68,0.2,0.76,-0.68,0.26,-3.2,2419,2132.0, , , , , , , ,745.52,745.5,200.0,300.0, , , ,, , , , , , , 
09:58:15,-0.43,0.36,-0.26,0.27,-0.26,-0.44,0.45,0.79,-0.58,0.36,-3.12,2910,2137.0, , , , , , , ,745.42,745.4,100.0,7800.0, , , ,, , , , , , , 
09:58:18,-0.2,0.56,0.01,0.42,-0.18,-0.33,0.8,0.65,-0.29,0.46,-3.16,2376,2139.0, , , , , , , ,745.42,745.4,100.0,7600.0, , , ,, , , , , , , 
09:58:21,-0.11,0.55,0.07,0.43,-0.07,-0.19,0.67,0.45,-0.22,0.55,-3.24,2297,2123.0, , , , , , , ,745.53,745.4,200.0,7376.0, , , ,, , , , , , , 
09:58:24,-0.26,0.49,-0.14,0.34,0.24,-0.35,0.54,0.45,-0.3,0.58,-3.1,2615,2194.0, , , , , , , ,745.4,745.39,2724.0,100.0, , , ,, , , , , , , 
09:58:27,-0.36,0.36,-0.41,0.29,0.77,-0.25,0.4,0.56,-0.41,0.39,-2.88,2539,2179.0, , , , , , , ,745.39,745.1,100.0,500.0, , , ,, , , , , , , 
09:58:30,-0.44,0.29,-0.38,0.2,1.06,-0.39,0.28,0.58,-0.56,0.39,-2.81,2562,2189.0, , , , , , , ,745.4,745.05,8779.0,14900.0, , , ,, , , , , , , 
09:58:33,-0.11,0.45,-0.18,0.47,1.48,0.13,0.39,0.76,-0.28,0.51,-2.61,2474,2171.0, , , , , , , ,745.1,745.05,100.0,14600.0, , , ,, , , , , , , 
09:58:36,-0.1,0.51,-0.21,0.5,1.63,0.06,0.47,0.78,-0.15,0.54,-2.55,2355,2152.0, , , , , , , ,745.06,745.05,100.0,14495.0, , , ,, , , , , , , 
09:58:39,-0.1,0.53,-0.24,0.46,1.4,0.19,0.51,0.54,-0.26,0.6,-2.76,2448,2168.0, , , , , , , ,745.4,745.05,7279.0,11495.0, , , ,, , , , , , , 
09:58:42,-0.14,0.55,-0.12,0.34,1.35,0.05,0.59,0.68,-0.36,0.71,-2.61,2419,2159.0, , , , , , , ,745.19,745.05,200.0,10995.0, , , ,, , , , , , , 
09:58:45,-0.09,0.51,-0.1,0.41,1.38,0.11,0.49,0.7,-0.27,0.62,-2.52,2387,2160.0, , , , , , , ,745.1,745.07,200.0,100.0, , , ,, , , , , , , 
09:58:48,-0.11,0.59,-0.07,0.43,1.26,0.02,0.59,0.53,-0.28,0.75,-2.58,2513,2183.0, , , , , , , ,745.19,745.1,200.0,1300.0, , , ,, , , , , , , 
09:58:51,-0.08,0.64,0.01,0.51,1.35,0.07,0.67,0.58,-0.31,0.74,-2.48,2531,2178.0, , , , , , , ,745.1,745.05,300.0,5395.0, , , ,, , , , , , , 
09:58:54,0.1,0.79,0.17,0.65,1.37,0.24,0.86,0.47,-0.12,0.87,-2.46,2449,2167.0, , , , , , , ,745.1,745.05,200.0,13795.0, , , ,, , , , , , , 
09:58:57,0.25,0.91,0.38,0.72,1.39,0.32,1.02,0.45,0.05,1.0,-2.31,2548,2162.0, , , , , , , ,745.1,745.05,100.0,12895.0, , , ,, , , , , , , 
09:59:00,0.18,0.92,0.29,0.7,1.3,0.14,1.02,0.36,0.12,1.03,-2.25,2334,2151.0, , , , , , , ,745.19,745.1,200.0,500.0, , , ,, , , , , , , 
09:59:03,0.09,0.84,0.13,0.67,1.38,0.15,0.99,0.42,-0.0,0.86,-2.01,2508,2177.0, , , , , , , ,745.1,745.05,700.0,11695.0, , , ,, , , , , , , 
09:59:06,0.06,0.8,0.26,0.7,1.52,-0.01,0.95,0.37,-0.05,0.76,-1.81,2425,2170.0, , , , , , , ,745.1,745.06,800.0,500.0, , , ,, , , , , , , 
09:59:09,0.1,0.78,0.19,0.65,1.24,0.1,0.97,0.14,0.01,0.73,-2.0,2530,2200.0, , , , , , , ,745.4,745.05,4379.0,16095.0, , , ,, , , , , , , 
09:59:12,0.14,0.8,0.24,0.68,1.36,0.15,0.94,0.28,0.03,0.78,-1.86,2523,2204.0, , , , , , , ,745.06,745.05,100.0,14795.0, , , ,, , , , , , , 
09:59:15,0.2,0.83,0.21,0.77,0.95,0.34,0.96,-0.1,0.04,0.75,-2.2,2425,2185.0, , , , , , , ,745.4,745.19,3579.0,500.0, , , ,, , , , , , , 
09:59:18,0.19,0.87,0.19,0.75,0.8,0.27,1.06,-0.16,0.1,0.81,-2.35,2321,2164.0, , , , , , , ,745.39,745.19,100.0,1200.0, , , ,, , , , , , , 
09:59:21,0.23,1.01,0.2,0.99,0.47,0.35,1.13,-0.46,0.13,0.92,-2.67,2624,2182.0, , , , , , , ,745.51,745.4,100.0,1021.0, , , ,, , , , , , , 
09:59:24,0.22,0.99,0.13,0.87,0.14,0.29,1.03,-0.72,0.22,1.07,-2.9,2438,2168.0, , , , , , , ,745.75,745.51,500.0,100.0, , , ,, , , , , , , 
09:59:27,-0.01,0.9,-0.16,0.87,-0.34,0.05,0.83,-1.13,0.09,1.0,-3.35,2274,2152.0, , , , , , , ,746.0,745.82,2100.0,1000.0, , , ,, , , , , , , 
09:59:30,-0.08,0.91,-0.11,0.89,-0.81,-0.25,0.86,-1.61,0.11,0.99,-3.62,2741,2162.0, , , , , , , ,746.69,745.83,900.0,800.0, , , ,, , , , , , , 
09:59:33,-0.05,1.07,-0.13,1.11,-0.83,-0.2,0.95,-1.62,0.17,1.15,-3.54,2615,2144.0, , , , , , , ,746.69,745.83,900.0,500.0, , , ,, , , , , , , 
09:59:36,-0.09,1.06,-0.06,1.06,-0.84,-0.37,0.9,-1.66,0.16,1.22,-3.52,2062,2124.0, , , , , , , ,746.7,745.83,4500.0,400.0, , , ,, , , , , , , 
09:59:39,-0.33,0.92,-0.41,0.91,-0.88,-0.56,0.8,-1.69,-0.01,1.07,-3.44,4208,2104.0, , , , , , , ,746.7,745.87,4500.0,200.0, , , ,, , , , , , , 
09:59:42,-0.38,0.69,-0.33,0.79,-0.87,-0.47,0.51,-1.73,-0.33,0.76,-3.59,3386,2086.0, , , , , , , ,746.68,745.87,100.0,100.0, , , ,, , , , , , , 
09:59:45,-0.23,0.64,-0.03,1.03,-0.12,-0.21,0.38,-1.06,-0.46,0.5,-2.79,1704,2083.0, , , , , , , ,745.83,745.55,100.0,300.0, , , ,, , , , , , , 
09:59:48,-0.57,0.42,-0.55,0.77,-0.87,-0.54,0.2,-1.84,-0.63,0.31,-3.23,1639,2065.0, , , , , , , ,746.5,745.89,4900.0,300.0, , , ,, , , , , , , 
09:59:51,-0.79,0.28,-0.81,0.6,-0.9,-0.8,0.06,-1.94,-0.76,0.18,-3.06,1906,2102.0, , , , , , , ,746.5,745.87,4500.0,100.0, , , ,, , , , , , , 
09:59:54,-0.94,0.09,-0.81,0.18,-1.1,-0.95,0.01,-2.09,-1.06,0.07,-2.9,2107,2105.0, , , , , , , ,746.5,746.0,4500.0,58.0, , , ,, , , , , , , 
09:59:57,-0.78,0.24,-0.57,0.36,-0.45,-0.67,0.15,-1.54,-1.08,0.19,-2.24,2233,2085.0, , , , , , , ,746.0,745.5,42.0,200.0, , , ,, , , , , , , 
10:00:00,-0.8,0.22,-0.66,0.38,-1.12,-0.69,0.13,-2.35,-1.04,0.15,-3.06,1885,2084.0, , , , , , , ,746.5,746.0,4500.0,8658.0, , , ,, , , , , , , 
10:00:03,-1.02,0.13,-0.89,0.15,-1.12,-0.95,0.09,-2.55,-1.22,0.15,-3.01,2013,2093.0, , , , , , , ,746.45,746.0,100.0,5858.0, , , ,, , , , , , , 
10:00:06,-0.91,0.06,-0.5,0.27,-1.12,-0.87,0.01,-2.78,-1.35,-0.11,-2.95,1837,2074.0, , , , , , , ,746.38,746.0,100.0,5858.0, , , ,, , , , , , , 
10:00:09,-0.99,-0.12,-0.65,0.08,-1.15,-0.92,-0.22,-2.67,-1.39,-0.21,-2.76,2056,2088.0, , , , , , , ,746.37,746.0,200.0,2358.0, , , ,, , , , , , , 
10:00:12,-1.15,-0.26,-0.82,-0.01,-1.0,-1.04,-0.44,-2.28,-1.58,-0.33,-2.35,1878,2071.0, , , , , , , ,746.01,746.0,100.0,2358.0, , , ,, , , , , , , 
10:00:15,-1.23,-0.35,-0.82,0.02,-0.92,-1.1,-0.47,-2.1,-1.77,-0.59,-2.23,1924,2076.0, , , , , , , ,746.0,745.83,3042.0,100.0, , , ,, , , , , , , 
10:00:18,-1.15,-0.4,-0.76,-0.12,-0.98,-1.09,-0.53,-2.04,-1.59,-0.56,-2.17,1804,2069.0, , , , , , , ,746.0,745.8,1942.0,186.0, , , ,, , , , , , , 
10:00:21,-1.01,-0.31,-0.64,-0.09,-0.84,-0.93,-0.52,-2.06,-1.47,-0.33,-1.9,1772,2051.0, , , , , , , ,745.8,745.68,116.0,100.0, , , ,, , , , , , , 
10:00:24,-0.87,-0.22,-0.49,-0.01,-0.74,-0.84,-0.45,-2.16,-1.29,-0.21,-1.73,1682,2033.0, , , , , , , ,745.8,745.5,116.0,400.0, , , ,, , , , , , , 
10:00:27,-0.83,-0.12,-0.58,0.0,-0.78,-0.78,-0.27,-2.21,-1.14,-0.09,-1.68,1608,2013.0, , , , , , , ,745.79,745.5,100.0,400.0, , , ,, , , , , , , 
10:00:30,-0.8,-0.1,-0.68,0.0,-0.71,-0.67,-0.23,-2.17,-1.05,-0.06,-1.6,1566,1995.0, , , , , , , ,745.68,745.5,300.0,700.0, , , ,, , , , , , , 
10:00:33,-0.87,-0.07,-0.81,-0.06,-0.94,-0.75,-0.21,-2.47,-1.06,0.05,-1.8,1438,1981.0, , , , , , , ,745.8,745.7,1216.0,700.0, , , ,, , , , , , , 
10:00:36,-0.93,-0.14,-0.76,-0.08,-0.71,-0.85,-0.24,-2.41,-1.19,-0.1,-1.54,1464,1978.0, , , , , , , ,745.7,745.42,100.0,100.0, , , ,, , , , , , , 
10:00:39,-0.79,-0.03,-0.63,0.01,-0.85,-0.65,-0.06,-2.68,-1.09,-0.04,-1.62,1447,1959.0, , , , , , , ,745.8,745.5,1016.0,100.0, , , ,, , , , , , , 
10:00:42,-0.63,-0.0,-0.49,-0.01,-0.76,-0.56,-0.01,-2.63,-0.83,0.0,-1.45,1515,1940.0, , , , , , , ,745.6,745.5,100.0,200.0, , , ,, , , , , , , 
10:00:45,-0.72,0.04,-0.53,0.09,-1.14,-0.7,-0.06,-2.94,-0.92,0.09,-1.61,1587,1954.0, , , , , , , ,746.0,745.5,2658.0,100.0, , , ,, , , , , , , 
10:00:48,-0.47,0.15,-0.22,0.25,-0.86,-0.37,0.01,-2.59,-0.83,0.18,-1.13,1386,1936.0, , , , , , , ,745.5,745.43,300.0,200.0, , , ,, , , , , , , 
10:00:51,-0.38,0.17,-0.19,0.24,-0.91,-0.22,0.12,-2.57,-0.73,0.17,-0.96,2012,1922.0, , , , , , , ,745.42,745.41,2700.0,400.0, , , ,, , , , , , , 
10:00:54,-0.7,-0.02,-0.59,0.11,-0.97,-0.61,-0.25,-2.67,-0.89,0.09,-0.88,1289,1908.0, , , , , , , ,745.42,745.41,3000.0,400.0, , , ,, , , , , , , 
10:00:57,-0.7,-0.02,-0.58,0.05,-1.09,-0.59,-0.2,-2.78,-0.93,0.1,-0.85,1447,1894.0, , , , , , , ,745.42,745.41,2500.0,400.0, , , ,, , , , , , , 
10:01:00,-0.59,0.03,-0.46,0.11,-1.23,-0.44,-0.11,-2.8,-0.87,0.09,-0.76,1284,1899.0, , , , , , , ,745.42,745.4,2200.0,1121.0, , , ,, , , , , , , 
10:01:03,-0.55,0.05,-0.38,-0.01,-1.46,-0.37,0.06,-2.83,-0.9,0.09,-0.68,1248,1886.0, , , , , , , ,745.42,745.4,1900.0,821.0, , , ,, , , , , , , 
10:01:06,-0.58,0.0,-0.5,0.09,-1.58,-0.41,-0.13,-2.78,-0.84,0.05,-0.43,1530,1881.0, , , , , , , ,745.4,745.2,388.0,1800.0, , , ,, , , , , , , 
10:01:09,-0.48,0.09,-0.43,0.06,-1.48,-0.29,-0.01,-2.83,-0.71,0.22,-0.36,1286,1866.0, , , , , , , ,745.4,745.2,188.0,1600.0, , , ,, , , , , , , 
10:01:12,-0.54,0.07,-0.44,0.04,-1.33,-0.37,-0.04,-2.92,-0.8,0.2,-0.34,1369,1860.0, , , , , , , ,745.4,745.2,188.0,400.0, , , ,, , , , , , , 
10:01:15,-0.6,0.04,-0.45,-0.04,-1.08,-0.49,-0.0,-2.78,-0.85,0.15,-0.12,1495,1845.0, , , , , , , ,745.2,745.1,200.0,4800.0, , , ,, , , , , , , 
10:01:18,-0.51,0.03,-0.45,-0.03,-1.04,-0.51,-0.03,-2.81,-0.57,0.16,-0.11,1225,1830.0, , , , , , , ,745.2,745.1,100.0,4700.0, , , ,, , , , , , , 
10:01:21,-0.63,-0.02,-0.54,-0.11,-1.18,-0.64,0.0,-2.72,-0.69,0.04,0.05,1472,1882.0, , , , , , , ,745.1,745.06,100.0,600.0, , , ,, , , , , , , 
10:01:24,-0.71,-0.16,-0.53,-0.2,-1.38,-0.72,-0.19,-2.68,-0.89,-0.07,-0.04,1485,1870.0, , , , , , , ,745.1,745.05,100.0,14595.0, , , ,, , , , , , , 
10:01:27,-0.66,-0.13,-0.5,-0.15,-1.45,-0.69,-0.15,-2.64,-0.79,-0.1,-0.14,1389,1855.0, , , , , , , ,745.08,745.06,200.0,100.0, , , ,, , , , , , , 
10:01:30,-0.85,-0.33,-0.79,-0.35,-1.46,-0.89,-0.36,-2.58,-0.88,-0.26,-0.29,2225,1959.0, , , , , , , ,745.06,745.05,100.0,2095.0, , , ,, , , , , , , 
10:01:33,-1.0,-0.5,-0.82,-0.48,-1.52,-1.05,-0.59,-2.56,-1.12,-0.43,-0.52,1979,1962.0, , , , , , , ,745.05,745.03,1505.0,100.0, , , ,, , , , , , , 
10:01:36,-1.12,-0.6,-0.95,-0.6,-1.68,-1.26,-0.67,-2.5,-1.14,-0.52,-0.51,2187,1946.0, , , , , , , ,745.03,745.01,200.0,58.0, , , ,, , , , , , , 
10:01:39,-1.46,-0.79,-1.25,-0.8,-1.81,-1.59,-0.98,-2.48,-1.55,-0.59,-0.6,3039,2158.0, , , , , , , ,745.01,745.0,42.0,19335.0, , , ,, , , , , , , 
10:01:42,-1.73,-0.92,-1.75,-0.85,-1.9,-1.74,-1.17,-2.46,-1.69,-0.75,-0.57,2940,2181.0,-600.0,745.0,745.0,-135.0,-66.0, ,-1.15,745.01,745.0,200.0,15335.0, ,2018-05-29 10:01:42,2018-05-29 10:01:42.666000,, , ,CANCELED, , ,2018-05-29 10:01:42.666000,2018-05-29 10:01:46.134000
10:01:45,-1.72,-0.98,-1.6,-0.95,-1.79,-1.7,-1.24,-2.25,-1.85,-0.75,-0.47,3884,2380.0,-600.0,744.88,744.88,-500.0,-566.0, ,-1.16,744.9,744.88,1000.0,100.0, ,2018-05-29 10:01:45,2018-05-29 10:01:46.134000,, , ,CANCELED, , ,2018-05-29 10:01:46.134000,2018-05-29 10:01:49.158000
10:01:48,-1.62,-0.89,-1.42,-0.86,-1.56,-1.57,-1.08,-1.98,-1.86,-0.73,-0.34,4089,2375.0, , , , , , , ,744.88,744.51,100.0,100.0, , , ,, , , , , , , 
10:01:51,-1.42,-0.7,-1.23,-0.63,-1.59,-1.39,-0.87,-1.95,-1.62,-0.59,-0.42,3720,2366.0, , , , , , , ,744.87,744.5,500.0,10300.0, , , ,, , , , , , , 
10:01:54,-1.19,-0.46,-0.92,-0.26,-1.7,-1.37,-0.71,-1.95,-1.28,-0.39,-0.52,3558,2349.0, , , , , , , ,744.87,744.51,600.0,1000.0, , , ,, , , , , , , 
10:01:57,-1.12,-0.37,-0.92,-0.34,-1.8,-1.21,-0.52,-1.8,-1.24,-0.26,-0.59,4180,2445.0, , , , , , , ,744.87,744.51,600.0,800.0, , , ,, , , , , , , 
10:02:00,-1.05,-0.46,-0.72,-0.45,-1.39,-1.28,-0.7,-1.19,-1.15,-0.22,-0.15,3921,2453.0, , , , , , , ,744.5,744.2,3600.0,1900.0, , , ,, , , , , , , 
10:02:03,-0.96,-0.3,-0.6,-0.34,-1.28,-1.19,-0.45,-0.9,-1.11,-0.12,-0.03,4002,2487.0, , , , , , , ,744.5,744.0,3000.0,4800.0, , , ,, , , , , , , 
10:02:06,-1.01,-0.27,-0.64,-0.25,-1.0,-1.16,-0.49,-0.32,-1.21,-0.08,0.33,4147,2530.0, , , , , , , ,744.0,743.95,100.0,300.0, , , ,, , , , , , , 
10:02:09,-0.93,-0.22,-0.71,-0.21,-0.95,-0.99,-0.42,-0.22,-1.08,-0.04,0.51,4065,2526.0, , , , , , , ,744.0,743.8,1100.0,1600.0, , , ,, , , , , , , 
10:02:12,-0.69,0.04,-0.43,0.19,-2.06,-0.74,-0.23,-1.34,-0.88,0.15,-0.49,4387,2582.0, , , , , , , ,744.83,744.5,400.0,2600.0, , , ,, , , , , , , 
10:02:15,-0.52,0.33,-0.37,0.22,-2.13,-0.75,0.26,-1.36,-0.44,0.53,-0.38,4217,2588.0, , , , , , , ,744.83,744.51,400.0,900.0, , , ,, , , , , , , 
10:02:18,-0.25,0.56,-0.18,0.79,-1.46,-0.45,0.35,-0.82,-0.14,0.54,0.26,4719,2619.0, , , , , , , ,744.49,743.8,400.0,12.0, , , ,, , , , , , , 
10:02:21,-0.21,0.56,-0.09,0.77,-1.32,-0.24,0.34,-0.76,-0.3,0.56,0.3,4250,2597.0, , , , , , , ,744.17,743.9,2027.0,1112.0, , , ,, , , , , , , 
10:02:24,-0.06,0.56,-0.06,0.62,-1.18,0.05,0.37,-0.65,-0.17,0.7,0.29,3889,2577.0, , , , , , , ,744.0,743.9,1000.0,712.0, , , ,, , , , , , , 
10:02:27,0.03,0.78,-0.01,0.88,-1.25,0.15,0.77,-0.84,-0.06,0.69,0.05,3924,2567.0, , , , , , , ,744.17,743.9,1727.0,612.0, , , ,, , , , , , , 
10:02:30,0.11,0.8,0.13,0.81,-1.08,0.17,0.83,-0.52,0.04,0.76,0.15,3849,2548.0, , , , , , , ,743.98,743.9,100.0,412.0, , , ,, , , , , , , 
10:02:33,-0.12,0.75,-0.09,0.68,-1.1,-0.21,0.81,-0.45,-0.05,0.76,0.14,3653,2564.0, , , , , , , ,744.0,743.9,700.0,181.0, , , ,, , , , , , , 
10:02:36,-0.17,0.54,-0.1,0.54,-0.73,-0.35,0.47,-0.08,-0.06,0.62,0.46,3798,2552.0, , , , , , , ,743.9,743.5,519.0,400.0, , , ,, , , , , , , 
10:02:39,-0.07,0.5,-0.04,0.55,-0.42,-0.08,0.48,0.32,-0.09,0.49,0.75,3395,2530.0, , , , , , , ,743.5,743.46,300.0,100.0, , , ,, , , , , , , 
10:02:42,-0.16,0.49,-0.3,0.45,-0.41,-0.14,0.43,0.15,-0.06,0.6,0.68,3431,2512.0, , , , , , , ,743.5,743.46,100.0,100.0, , , ,, , , , , , , 
10:02:45,-0.05,0.7,0.02,0.71,-0.64,-0.14,0.65,-0.1,-0.04,0.74,0.28,3252,2502.0, , , , , , , ,743.9,743.46,619.0,100.0, , , ,, , , , , , , 
