tick_time,bid,ask,bid 20,ask 20,la 20,bid 40,ask 40,la 40,bid 100,ask 100,la 100,volume_ma,volume_ema,order,price,avePrice,trans,net,profit,profit_rate,askp0,bidp0,askv0,bidv0,is_mocked,order_time,exchange_time,orderSide,new_order_status,reason,order_status,earn,cost,order_local_time,exchange_local_time
09:30:17, , , , ,1.18, , ,-0.13, , ,5.7,700,600.0, , , , , , , ,713.98,713.0,1500.0,300.0, , , ,, , , , , , , 
09:30:20, , , , ,0.81, , ,-0.62, , ,5.17,613,598.0, , , , , , , ,713.98,713.55,2000.0,700.0, , , ,, , , , , , , 
09:30:23, , , , ,0.89, , ,-0.52, , ,5.12,613,594.0, , , , , , , ,713.88,713.55,100.0,500.0, , , ,, , , , , , , 
09:30:26, , , , ,0.7, , ,-0.48, , ,4.72,613,613.0, , , , , , , ,713.98,713.55,1700.0,500.0, , , ,, , , , , , , 
09:30:29, , , , ,0.43, , ,-0.58, , ,4.33,613,613.0, , , , , , , ,713.98,713.88,1200.0,100.0, , , ,, , , , , , , 
09:30:32, , , , ,0.41, , ,-0.32, , ,4.3,613,620.0, , , , , , , ,713.98,713.88,100.0,200.0, , , ,, , , , , , , 
09:30:35, , , , ,-1.01, , ,-1.52, , ,2.87,613,628.0, , , , , , , ,714.94,714.9,300.0,500.0, , , ,, , , , , , , 
09:30:38, , , , ,0.43, , ,0.11, , ,4.58,613,645.0, , , , , , , ,713.98,713.9,1500.0,300.0, , , ,, , , , , , , 
09:30:41, , , , ,-0.29, , ,-0.36, , ,4.22,613,661.0, , , , , , , ,714.88,713.98,100.0,300.0, , , ,, , , , , , , 
09:30:44, , , , ,0.69, , ,0.89, , ,5.25,613,664.0, , , , , , , ,713.83,713.56,400.0,700.0, , , ,, , , , , , , 
09:30:47, , , , ,-0.41, , ,0.04, , ,4.51,613,661.0, , , , , , , ,714.88,713.98,200.0,400.0, , , ,, , , , , , , 
09:30:50, , , , ,-0.48, , ,0.29, , ,4.21,613,668.0, , , , , , , ,714.88,713.98,200.0,200.0, , , ,, , , , , , , 
09:30:53, , , , ,-0.57, , ,0.54, , ,4.12,613,663.0, , , , , , , ,714.88,714.0,200.0,100.0, , , ,, , , , , , , 
09:30:56, , , , ,0.18, , ,1.81, , ,5.22,613,673.0, , , , , , , ,713.83,713.8,300.0,100.0, , , ,, , , , , , , 
09:30:59, , , , ,-0.94, , ,1.35, , ,4.21,613,674.0, , , , , , , ,714.73,714.25,510.0,100.0, , , ,, , , , , , , 
09:31:02, , , , ,0.93, , ,3.98, , ,6.23,613,687.0, , , , , , , ,713.08,713.0,1200.0,700.0, , , ,, , , , , , , 
09:31:05, , , , ,-0.39, , ,3.32, , ,4.69,613,703.0, , , , , , , ,714.68,713.08,400.0,800.0, , , ,, , , , , , , 
09:31:08, , , , ,-1.12, , ,2.82, , ,3.71,613,696.0, , , , , , , ,714.67,713.99,500.0,200.0, , , ,, , , , , , , 
09:31:11, , , , ,-1.15, , ,2.84, , ,3.46,613,690.0, , , , , , , ,714.67,713.99,400.0,200.0, , , ,, , , , , , , 
09:31:14, , , , ,-1.28, , ,3.01, , ,3.42,613,688.0, , , , , , , ,714.67,713.99,100.0,100.0, , , ,, , , , , , , 
09:31:17,-0.63,0.09,-0.93,-0.16,-1.33,-0.15,0.16,2.95,-0.82,0.27,3.25,613,681.0, , , , , , , ,714.67,714.01,400.0,200.0, , , ,, , , , , , , 
09:31:20,-0.71,0.09,-0.87,-0.03,-1.43,-0.37,0.09,3.29,-0.9,0.22,3.33,613,677.0, , , , , , , ,714.67,714.01,200.0,200.0, , , ,, , , , , , , 
09:31:23,-0.46,0.28,-0.58,0.1,-1.4,-0.07,0.41,3.44,-0.72,0.33,3.37,613,673.0, , , , , , , ,714.67,714.01,300.0,100.0, , , ,, , , , , , , 
09:31:26,-0.37,0.59,-0.52,0.01,-1.31,-0.07,0.87,3.38,-0.52,0.87,3.36,613,669.0, , , , , , , ,714.5,714.22,3100.0,100.0, , , ,, , , , , , , 
09:31:29,-0.07,0.4,-0.06,0.21,-0.69,0.37,0.59,4.07,-0.51,0.38,4.1,613,665.0, , , , , , , ,714.01,714.0,100.0,6800.0, , , ,, , , , , , , 
09:31:32,-0.06,0.48,-0.22,0.14,-0.78,0.35,0.55,3.76,-0.3,0.76,3.74,613,662.0, , , , , , , ,714.5,714.01,3100.0,200.0, , , ,, , , , , , , 
09:31:35,-0.14,0.6,-0.35,0.16,-0.63,0.14,0.75,3.94,-0.21,0.88,3.67,613,660.0, , , , , , , ,714.46,714.1,200.0,100.0, , , ,, , , , , , , 
09:31:38,-0.14,0.69,-0.23,0.27,-0.33,-0.12,0.79,4.05,-0.07,1.01,3.88,613,660.0, , , , , , , ,714.4,714.11,100.0,100.0, , , ,, , , , , , , 
09:31:41,0.07,0.7,-0.16,0.4,-0.04,0.41,0.76,4.14,-0.05,0.93,4.05,613,655.0, , , , , , , ,714.3,714.1,100.0,100.0, , , ,, , , , , , , 
09:31:44,-0.47,0.33,-0.61,0.1,0.25,-0.25,0.28,4.44,-0.55,0.6,4.33,613,698.0, , , , , , , ,714.3,714.0,300.0,2900.0, , , ,, , , , , , , 
09:31:47,-0.97,-0.13,-0.99,-0.32,0.43,-1.0,-0.13,4.65,-0.93,0.05,4.49,613,698.0, , , , , , , ,714.3,714.0,500.0,2200.0, , , ,, , , , , , , 
09:31:50,-1.24,-0.42,-1.13,-0.46,0.82,-1.35,-0.39,4.91,-1.22,-0.41,4.54,613,699.0, , , , , , , ,714.1,714.0,1000.0,1500.0, , , ,, , , , , , , 
09:31:53,-1.42,-0.63,-1.47,-0.65,1.17,-1.56,-0.66,5.27,-1.23,-0.6,4.7,613,711.0, , , , , , , ,714.0,713.99,710.0,100.0, , , ,, , , , , , , 
09:31:56,-1.58,-0.85,-1.67,-0.76,1.65,-1.76,-1.0,5.46,-1.29,-0.78,4.77,613,714.0,-500.0,713.86,713.86,-100.0,-100.0, , ,714.0,713.86,900.0,100.0, ,2018-05-25 09:31:56,2018-05-25 09:31:56.653000,, , ,CANCELED, , ,2018-05-25 09:31:56.653000,2018-05-25 09:32:00.094000
09:31:59,-1.56,-0.93,-1.52,-0.84,2.33,-1.94,-1.04,5.78,-1.21,-0.91,5.01,613,717.0,-500.0,713.79,0.0,-0.0,-100.0, , ,713.8,713.79,900.0,100.0, ,2018-05-25 09:31:59,2018-05-25 09:32:00.095000,, , ,CANCELED, , ,2018-05-25 09:32:00.095000,2018-05-25 09:32:03.120000
09:32:02,-1.52,-0.84,-1.61,-0.82,3.29,-1.73,-0.9,6.27,-1.22,-0.8,5.5,613,713.0, , , , , , , ,713.79,713.28,600.0,100.0, , , ,, , , , , , , 
09:32:05,-1.6,-0.89,-1.74,-0.97,3.8,-1.89,-0.92,6.25,-1.16,-0.79,5.5,613,710.0, , , , , , , ,713.79,713.29,200.0,100.0, , , ,, , , , , , , 
09:32:08,-1.47,-0.69,-1.62,-0.76,3.93,-1.64,-0.65,6.17,-1.17,-0.65,5.52,613,709.0, , , , , , , ,713.8,713.28,300.0,100.0, , , ,, , , , , , , 
09:32:11,-1.44,-0.7,-1.41,-0.82,4.02,-1.75,-0.53,6.1,-1.16,-0.74,5.5,613,703.0, , , , , , , ,713.7,713.28,100.0,100.0, , , ,, , , , , , , 
09:32:14,-1.29,-0.67,-1.48,-0.71,4.27,-1.39,-0.69,6.04,-1.0,-0.61,5.56,613,700.0, , , , , , , ,713.8,713.08,500.0,100.0, , , ,, , , , , , , 
09:32:17,-1.22,-0.51,-1.45,-0.61,4.57,-1.47,-0.51,6.33,-0.73,-0.4,5.92,613,696.0, , , , , , , ,713.28,713.1,300.0,100.0, , , ,, , , , , , , 
09:32:20,-1.02,-0.27,-1.21,-0.28,4.53,-1.15,-0.26,5.92,-0.71,-0.27,5.55,613,698.0, , , , , , , ,713.8,713.11,600.0,200.0, , , ,, , , , , , , 
09:32:23,-0.63,-0.02,-0.72,-0.03,5.06,-0.78,0.04,6.26,-0.39,-0.05,5.93,613,696.0, , , , , , , ,713.28,713.1,200.0,300.0, , , ,, , , , , , , 
09:32:26,-0.73,-0.05,-0.9,-0.19,4.54,-0.79,-0.01,5.76,-0.5,0.06,5.35,613,697.0, , , , , , , ,713.8,713.28,800.0,500.0, , , ,, , , , , , , 
09:32:29,-0.68,-0.03,-0.78,-0.07,4.78,-0.72,-0.12,5.8,-0.53,0.1,5.31,613,710.0, , , , , , , ,713.81,713.19,200.0,100.0, , , ,, , , , , , , 
09:32:32,-0.68,0.14,-0.6,0.2,4.35,-0.76,0.05,5.23,-0.69,0.18,4.68,613,712.0, , , , , , , ,713.86,713.81,800.0,400.0, , , ,, , , , , , , 
09:32:35,-0.24,0.56,-0.29,0.66,4.42,-0.35,0.47,4.95,-0.07,0.55,4.53,613,718.0, , , , , , , ,713.98,713.9,100.0,800.0, , , ,, , , , , , , 
09:32:38,0.23,1.17,0.4,1.19,4.34,0.11,1.27,4.73,0.19,1.06,4.3,613,718.0,100.0,714.01,0.0,0.0,-100.0, , ,714.1,713.99,800.0,200.0, ,2018-05-25 09:32:38,2018-05-25 09:32:38.664000,, , ,CANCELED, , ,2018-05-25 09:32:38.664000,2018-05-25 09:32:42.021000
09:32:41,0.92,1.61,0.82,1.36,4.08,1.19,1.89,4.25,0.76,1.58,4.15,613,720.0,500.0,714.28,0.0,0.0,-100.0, , ,714.28,714.22,100.0,100.0, ,2018-05-25 09:32:41,2018-05-25 09:32:42.021000,, , ,CANCELED, , ,2018-05-25 09:32:42.021000,2018-05-25 09:32:45.116000
09:32:44,0.97,1.78,0.78,1.71,4.03,1.13,1.81,3.7,0.99,1.83,4.16,613,722.0,700.0,714.48,0.0,0.0,-100.0, , ,714.48,714.4,1000.0,500.0, ,2018-05-25 09:32:44,2018-05-25 09:32:45.116000,, , ,CANCELED, , ,2018-05-25 09:32:45.116000,2018-05-25 09:32:48.188000
09:32:47,1.37,2.11,1.05,2.16,4.05,1.43,2.18,3.35,1.64,2.01,4.17,1149,764.0,600.0,714.65,714.65,600.0,500.0,-163.06,-2.28,714.65,714.5,100.0,1400.0, ,2018-05-25 09:32:47,2018-05-25 09:32:48.188000,, , ,FILLED,71308.28273268562,71471.33811043148,2018-05-25 09:32:48.188000,2018-05-25 09:32:50.761000
09:32:50,1.32,2.35,1.04,2.44,4.18,1.12,2.5,3.1,1.79,2.11,4.44,1333,806.0, , , , , , , ,714.86,714.28,700.0,200.0, , , ,, , , , , , , 
09:32:53,0.75,1.7,0.64,1.72,3.91,1.0,1.83,2.28,0.61,1.55,3.9,1598,828.0, , , , , , , ,714.97,714.95,1000.0,100.0, , , ,, , , , , , , 
09:32:56,0.51,1.58,0.94,1.99,3.67,0.62,1.55,1.92,-0.02,1.19,3.5,1542,853.0, , , , , , , ,715.4,715.0,400.0,100.0, , , ,, , , , , , , 
09:32:59,0.32,1.5,0.71,1.82,3.12,0.1,1.62,1.04,0.15,1.07,2.79,1719,883.0, , , , , , , ,715.98,715.4,100.0,600.0, , , ,, , , , , , , 
09:33:02,0.04,1.49,0.41,1.65,2.81,-0.17,1.88,0.27,-0.11,0.92,2.42,1655,876.0, , , , , , , ,716.0,715.98,200.0,100.0, , , ,, , , , , , , 
09:33:05,-0.11,1.2,-0.25,1.17,1.92,0.31,1.63,-0.3,-0.4,0.81,1.56,1697,877.0, , , , , , , ,717.0,716.26,200.0,100.0, , , ,, , , , , , , 
09:33:08,-0.44,1.53,-0.24,1.85,1.73,0.0,1.56,-0.04,-1.1,1.19,1.59,1719,890.0, , , , , , , ,717.3,716.1,5000.0,200.0, , , ,, , , , , , , 
09:33:11,-0.3,1.49,-0.09,1.95,2.5,0.15,1.42,1.28,-0.96,1.1,2.54,1591,890.0, , , , , , , ,716.1,716.0,1000.0,1300.0, , , ,, , , , , , , 
09:33:14,-0.43,1.06,-0.38,1.45,2.37,0.05,1.24,2.1,-0.98,0.49,2.49,1605,908.0, , , , , , , ,716.1,716.0,100.0,700.0, , , ,, , , , , , , 
09:33:17,-0.35,0.69,-0.59,0.75,0.79,0.57,1.04,0.58,-1.02,0.28,0.97,1652,908.0, , , , , , , ,717.18,717.1,100.0,400.0, , , ,, , , , , , , 
09:33:20,-0.61,0.54,-0.69,0.74,1.58,-0.04,0.73,1.26,-1.11,0.14,1.71,1527,908.0, , , , , , , ,717.0,716.1,5200.0,2200.0, , , ,, , , , , , , 
09:33:23,-0.66,0.52,-0.76,0.84,0.92,-0.27,0.59,0.52,-0.95,0.13,1.04,1641,913.0, , , , , , , ,717.0,716.99,4100.0,200.0, , , ,, , , , , , , 
09:33:26,-0.54,0.7,-0.54,1.35,1.59,-0.5,0.76,0.89,-0.59,0.0,1.74,1805,966.0, , , , , , , ,716.9,716.11,100.0,100.0, , , ,, , , , , , , 
09:33:29,-0.54,0.19,-0.47,0.27,0.82,-0.45,0.36,-0.04,-0.71,-0.08,1.04,1832,960.0, , , , , , , ,717.1,717.0,200.0,600.0, , , ,, , , , , , , 
09:33:32,-0.56,0.24,-0.54,0.45,0.66,-0.5,0.37,-0.14,-0.62,-0.09,1.08,1843,965.0, , , , , , , ,717.2,717.0,666.0,300.0, , , ,, , , , , , , 
09:33:35,-0.76,-0.06,-0.75,-0.14,0.52,-0.85,0.2,-0.18,-0.68,-0.24,1.2,1629,965.0, , , , , , , ,717.2,717.0,666.0,300.0, , , ,, , , , , , , 
09:33:38,-0.91,-0.11,-0.87,-0.14,0.39,-0.97,0.19,0.09,-0.91,-0.37,1.31,1600,963.0, , , , , , , ,717.18,717.1,100.0,100.0, , , ,, , , , , , , 
09:33:41,-0.59,0.07,-0.67,-0.01,0.07,-0.51,0.33,0.28,-0.59,-0.1,1.4,1776,997.0, , , , , , , ,717.3,717.18,3466.0,100.0, , , ,, , , , , , , 
09:33:44,-0.07,0.44,-0.32,0.47,-0.1,-0.03,0.65,0.41,0.13,0.22,1.73,1779,1012.0, , , , , , , ,717.3,717.0,966.0,200.0, , , ,, , , , , , , 
09:33:47,-0.02,0.49,-0.25,0.49,-1.09,-0.08,0.7,-0.14,0.28,0.29,1.17,1861,1031.0, , , , , , , ,718.0,717.5,1000.0,100.0, , , ,, , , , , , , 
09:33:50,0.05,0.44,-0.28,0.65,-1.35,-0.14,0.53,-0.44,0.58,0.14,1.28,1838,1034.0, , , , , , , ,718.0,717.5,300.0,100.0, , , ,, , , , , , , 
09:33:53,0.28,0.66,-0.01,0.75,-1.39,0.29,0.79,-0.28,0.57,0.43,1.53,1781,1030.0, , , , , , , ,717.86,717.31,100.0,200.0, , , ,, , , , , , , 
09:33:56,0.29,0.64,0.12,0.68,-1.89,0.08,0.77,-0.54,0.67,0.47,1.03,1727,1026.0, , , , , , , ,718.0,717.86,400.0,200.0, , , ,, , , , , , , 
09:33:59,0.22,0.45,-0.03,0.49,-2.22,0.08,0.39,-0.73,0.62,0.45,0.86,1679,1021.0, , , , , , , ,718.05,718.0,100.0,300.0, , , ,, , , , , , , 
09:34:02,0.09,0.39,-0.2,0.57,-2.72,0.0,0.44,-0.9,0.47,0.18,0.69,1637,1017.0, , , , , , , ,718.4,717.87,100.0,200.0, , , ,, , , , , , , 
09:34:05,-0.14,0.1,-0.2,0.13,-2.1,-0.11,0.2,-0.98,-0.11,-0.01,1.01,1621,1016.0, , , , , , , ,718.0,717.86,600.0,200.0, , , ,, , , , , , , 
09:34:08,-0.37,0.08,-0.22,0.12,-1.75,-0.34,0.2,-1.33,-0.56,-0.09,1.06,1556,1016.0, , , , , , , ,718.0,717.86,700.0,100.0, , , ,, , , , , , , 
09:34:11,-0.59,-0.15,-0.53,-0.27,-1.1,-0.67,0.01,-1.33,-0.57,-0.19,1.35,1878,1011.0,-500.0,717.98,717.98,-500.0,0.0,1242.48,3.48,718.0,717.51,4100.0,100.0, ,2018-05-25 09:34:11,2018-05-25 09:34:11.618000,, , ,FILLED,358599.17096078803,357356.69055215735,2018-05-25 09:34:11.618000,2018-05-25 09:34:13.001000
09:34:14,-0.92,-0.45,-0.86,-0.53,-0.27,-1.0,-0.24,-1.36,-0.89,-0.58,1.47,1568,1023.0, , , , , , , ,717.99,717.51,100.0,100.0, , , ,, , , , , , , 
09:34:17,-0.9,-0.4,-0.91,-0.49,0.0,-1.05,-0.19,-1.24,-0.74,-0.53,1.8,1552,1023.0, , , , , , , ,717.86,717.25,400.0,100.0, , , ,, , , , , , , 
09:34:20,-1.17,-0.49,-1.24,-0.72,-0.43,-1.14,-0.32,-1.46,-1.13,-0.43,1.51,1649,1030.0, , , , , , , ,717.8,717.73,500.0,100.0, , , ,, , , , , , , 
09:34:23,-1.21,-0.52,-1.39,-0.87,-0.38,-1.13,-0.44,-1.25,-1.11,-0.24,1.61,1533,1026.0, , , , , , , ,717.77,717.52,100.0,500.0, , , ,, , , , , , , 
09:34:26,-1.11,-0.45,-1.22,-0.66,-0.73,-1.13,-0.39,-1.26,-0.97,-0.3,1.54,1486,1021.0, , , , , , , ,717.8,717.52,300.0,200.0, , , ,, , , , , , , 
09:34:29,-1.09,-0.28,-1.3,-0.55,-0.68,-1.12,-0.2,-0.8,-0.86,-0.11,1.69,1393,1017.0, , , , , , , ,717.77,717.25,100.0,100.0, , , ,, , , , , , , 
09:34:32,-1.06,-0.27,-1.16,-0.52,-1.04,-1.17,-0.3,-1.15,-0.87,0.0,1.36,1371,1014.0, , , , , , , ,717.77,717.73,200.0,300.0, , , ,, , , , , , , 
09:34:35,-1.05,-0.35,-1.1,-0.5,-0.56,-1.3,-0.39,-0.66,-0.76,-0.15,1.87,1423,1024.0, , , , , , , ,717.75,717.0,100.0,600.0, , , ,, , , , , , , 
09:34:38,-1.03,-0.2,-1.13,-0.33,-0.08,-1.09,-0.07,-0.33,-0.88,-0.19,2.04,1378,1026.0, , , , , , , ,717.52,717.0,100.0,600.0, , , ,, , , , , , , 
09:34:41,-1.03,-0.15,-1.23,-0.43,0.2,-1.03,0.04,-0.28,-0.84,-0.05,1.98,1357,1020.0, , , , , , , ,717.6,717.0,100.0,600.0, , , ,, , , , , , , 
09:34:44,-0.95,-0.09,-1.12,-0.31,0.32,-0.99,0.05,0.05,-0.73,-0.01,2.07,1312,1015.0, , , , , , , ,717.25,717.18,100.0,100.0, , , ,, , , , , , , 
09:34:47,-0.87,0.19,-0.77,0.18,1.54,-0.92,0.44,1.13,-0.93,-0.06,3.01,1387,1023.0, , , , , , , ,717.0,716.1,200.0,1000.0, , , ,, , , , , , , 
09:34:50,-0.89,0.13,-1.16,0.04,0.88,-0.77,0.41,0.67,-0.72,-0.07,2.6,1327,1020.0, , , , , , , ,717.52,716.1,1100.0,1000.0, , , ,, , , , , , , 
09:34:53,-0.94,0.05,-1.23,-0.11,1.16,-0.96,0.25,1.1,-0.63,0.02,2.8,1294,1011.0, , , , , , , ,717.0,716.11,3800.0,100.0, , , ,, , , , , , , 
09:34:56,-0.92,0.06,-1.07,0.02,1.53,-0.9,0.25,1.24,-0.78,-0.09,2.8,1347,1005.0, , , , , , , ,716.8,716.1,100.0,1000.0, , , ,, , , , , , , 
09:34:59,-1.12,0.12,-1.42,-0.01,1.42,-1.07,0.36,1.24,-0.85,0.0,2.6,1350,1025.0, , , , , , , ,716.8,716.16,200.0,200.0, , , ,, , , , , , , 
09:35:02,-1.25,0.03,-1.43,0.04,1.75,-1.44,0.12,1.71,-0.88,-0.07,2.75,1343,1020.0, , , , , , , ,716.31,716.15,400.0,400.0, , , ,, , , , , , , 
09:35:05,-1.25,0.25,-1.08,0.33,2.31,-1.53,0.43,2.65,-1.15,0.01,3.54,1310,1025.0, , , , , , , ,716.11,715.03,100.0,100.0, , , ,, , , , , , , 
09:35:08,-1.55,0.17,-1.66,-0.25,-0.59,-1.69,0.63,0.1,-1.31,0.12,0.85,1820,1126.0, , , , , , , ,718.0,716.8,300.0,400.0, , , ,, , , , , , , 
09:35:11,-1.11,0.22,-1.23,-0.33,-0.97,-1.33,0.52,-0.11,-0.77,0.47,0.6,1879,1144.0, , , , , , , ,718.19,716.8,100.0,300.0, , , ,, , , , , , , 
09:35:14,-0.89,0.66,-1.18,0.29,-0.88,-1.03,0.95,0.01,-0.47,0.75,0.64,2107,1135.0, , , , , , , ,718.0,716.8,500.0,300.0, , , ,, , , , , , , 
09:35:17,-1.05,0.46,-1.25,-0.11,-1.77,-1.1,0.71,-0.73,-0.8,0.77,-0.21,2050,1131.0, , , , , , , ,717.98,717.89,1000.0,600.0, , , ,, , , , , , , 
09:35:20,-0.9,0.28,-0.9,0.16,-0.93,-0.91,0.36,0.04,-0.89,0.31,0.44,1863,1133.0, , , , , , , ,717.98,716.8,400.0,200.0, , , ,, , , , , , , 
09:35:23,-0.84,0.62,-0.52,0.97,-0.49,-1.02,0.62,0.45,-0.98,0.26,0.75,1838,1130.0, , , , , , , ,717.98,716.22,400.0,100.0, , , ,, , , , , , , 
09:35:26,-0.61,0.88,-0.69,1.09,-0.42,-0.6,1.22,0.42,-0.55,0.33,0.73,1873,1134.0, , , , , , , ,718.0,716.11,500.0,900.0, , , ,, , , , , , , 
09:35:29,-0.55,0.53,-0.6,0.51,-0.09,-0.72,0.81,0.4,-0.34,0.28,0.75,1599,1143.0, , , , , , , ,717.89,716.11,100.0,800.0, , , ,, , , , , , , 
09:35:32,-0.59,0.68,-0.52,0.96,-0.03,-0.77,0.87,0.32,-0.47,0.21,0.83,1596,1134.0, , , , , , , ,717.78,716.11,100.0,800.0, , , ,, , , , , , , 
09:35:35,-0.84,0.66,-0.87,0.66,-0.14,-1.12,0.71,0.24,-0.52,0.61,0.77,1683,1137.0, , , , , , , ,717.89,716.11,900.0,800.0, , , ,, , , , , , , 
09:35:38,-0.81,0.31,-0.94,0.24,0.12,-1.0,0.47,0.24,-0.5,0.22,0.91,1519,1129.0, , , , , , , ,717.77,716.11,100.0,800.0, , , ,, , , , , , , 
09:35:41,-1.09,-0.02,-1.1,-0.33,-1.17,-1.13,0.16,-1.0,-1.06,0.1,-0.41,1702,1141.0, , , , , , , ,717.98,717.89,1032.0,900.0, , , ,, , , , , , , 
09:35:44,-1.11,-0.01,-1.21,-0.21,-0.91,-1.18,0.06,-0.68,-0.92,0.13,-0.36,1583,1150.0, , , , , , , ,717.9,717.89,500.0,600.0, , , ,, , , , , , , 
09:35:47,-0.94,0.15,-0.86,0.22,0.51,-1.2,0.1,0.78,-0.75,0.14,0.9,1604,1158.0, , , , , , , ,717.87,716.11,200.0,200.0, , , ,, , , , , , , 
09:35:50,-1.14,0.11,-1.18,0.18,-0.7,-1.4,0.17,-0.06,-0.83,-0.03,-0.22,1572,1147.0, , , , , , , ,717.8,717.77,100.0,200.0, , , ,, , , , , , , 
09:35:53,-1.06,-0.02,-1.17,-0.06,0.38,-1.29,-0.1,0.94,-0.73,0.09,0.77,1903,1143.0, , , , , , , ,717.85,716.3,400.0,100.0, , , ,, , , , , , , 
09:35:56,-1.0,0.25,-1.07,0.36,-0.48,-1.19,0.27,0.02,-0.75,0.13,-0.08,1387,1136.0, , , , , , , ,717.77,717.6,300.0,300.0, , , ,, , , , , , , 
09:35:59,-0.98,-0.09,-0.97,-0.32,-0.37,-1.18,-0.07,0.07,-0.78,0.13,-0.01,1422,1128.0, , , , , , , ,717.77,717.5,500.0,300.0, , , ,, , , , , , , 
09:36:02,-1.08,-0.25,-1.13,-0.29,-0.23,-1.13,-0.16,0.15,-0.98,-0.3,0.01,1362,1126.0, , , , , , , ,717.73,717.5,500.0,200.0, , , ,, , , , , , , 
09:36:05,-0.87,0.23,-0.76,0.25,0.65,-1.0,0.38,1.03,-0.84,0.04,0.83,1324,1123.0, , , , , , , ,717.73,716.28,300.0,100.0, , , ,, , , , , , , 
09:36:08,-0.48,0.49,-0.56,0.63,1.17,-0.71,0.66,1.67,-0.19,0.19,1.23,1590,1122.0, , , , , , , ,717.0,716.28,400.0,100.0, , , ,, , , , , , , 
09:36:11,-0.49,0.64,-0.69,0.56,1.08,-0.67,0.74,1.71,-0.12,0.63,1.07,1379,1113.0, , , , , , , ,717.0,716.28,200.0,100.0, , , ,, , , , , , , 
09:36:14,-0.52,0.5,-0.88,0.49,0.71,-0.6,0.61,1.3,-0.08,0.41,0.56,1368,1107.0, , , , , , , ,717.5,716.3,100.0,100.0, , , ,, , , , , , , 
09:36:17,-0.67,0.44,-0.98,0.28,0.71,-0.67,0.63,1.3,-0.37,0.4,0.41,1189,1097.0, , , , , , , ,717.5,716.3,100.0,100.0, , , ,, , , , , , , 
09:36:20,-0.32,0.66,-0.54,0.63,1.68,-0.41,0.92,2.17,-0.0,0.42,1.19,1111,1092.0, , , , , , , ,716.23,716.2,200.0,100.0, , , ,, , , , , , , 
09:36:23,-0.54,0.56,-0.85,0.39,0.77,-0.63,0.83,1.23,-0.13,0.45,0.43,1080,1085.0, , , , , , , ,717.5,716.23,200.0,100.0, , , ,, , , , , , , 
09:36:26,-0.67,0.28,-1.08,0.18,0.5,-0.66,0.45,1.04,-0.27,0.22,0.09,1034,1076.0, , , , , , , ,717.5,716.5,400.0,500.0, , , ,, , , , , , , 
09:36:29,-0.66,0.39,-0.81,0.33,0.47,-0.74,0.52,1.18,-0.44,0.32,0.05,1005,1067.0, , , , , , , ,717.4,716.5,500.0,500.0, , , ,, , , , , , , 
09:36:32,-0.66,0.41,-0.78,0.35,0.36,-0.74,0.5,1.32,-0.46,0.36,0.17,993,1058.0, , , , , , , ,717.34,716.5,300.0,400.0, , , ,, , , , , , , 
09:36:35,-0.66,0.39,-0.74,0.3,0.48,-0.86,0.33,1.58,-0.38,0.54,0.01,1006,1057.0, , , , , , , ,717.34,716.32,200.0,100.0, , , ,, , , , , , , 
09:36:38,-0.53,0.48,-0.63,0.44,0.28,-0.69,0.51,1.62,-0.26,0.51,-0.12,967,1055.0, , , , , , , ,717.38,716.45,100.0,300.0, , , ,, , , , , , , 
09:36:41,-0.4,0.48,-0.58,0.33,-0.3,-0.56,0.56,1.13,-0.07,0.54,-0.83,1069,1047.0, , , , , , , ,717.48,717.38,100.0,400.0, , , ,, , , , , , , 
09:36:44,-0.38,0.56,-0.52,0.46,0.29,-0.58,0.6,1.65,-0.04,0.61,-0.6,988,1049.0, , , , , , , ,717.49,716.92,100.0,300.0, , , ,, , , , , , , 
09:36:47,-0.55,0.43,-0.52,0.22,0.17,-0.78,0.39,1.61,-0.34,0.68,-0.99,1038,1047.0, , , , , , , ,717.48,717.38,900.0,100.0, , , ,, , , , , , , 
09:36:50,-0.48,0.25,-0.52,0.19,0.54,-0.79,0.28,1.83,-0.14,0.29,-0.88,911,1038.0, , , , , , , ,717.38,717.34,200.0,100.0, , , ,, , , , , , , 
09:36:53,-0.31,0.44,-0.25,0.38,0.83,-0.58,0.59,2.13,-0.09,0.36,-0.59,933,1042.0, , , , , , , ,717.38,716.92,100.0,200.0, , , ,, , , , , , , 
09:36:56,-0.17,0.55,-0.15,0.31,0.37,-0.32,0.74,1.71,-0.04,0.61,-1.01,924,1037.0, , , , , , , ,717.48,717.4,200.0,100.0, , , ,, , , , , , , 
09:36:59,-0.15,0.6,-0.14,0.27,0.4,-0.42,0.63,1.73,0.1,0.9,-0.92,901,1029.0, , , , , , , ,717.48,717.32,200.0,100.0, , , ,, , , , , , , 
09:37:02,0.0,0.78,-0.11,0.59,0.32,-0.35,1.01,1.6,0.48,0.74,-1.09,981,1023.0, , , , , , , ,717.49,717.48,200.0,100.0, , , ,, , , , , , , 
09:37:05,0.39,0.98,0.18,0.73,0.35,0.02,1.33,1.62,0.98,0.89,-1.02,915,1021.0, , , , , , , ,717.5,717.49,1600.0,200.0, , , ,, , , , , , , 
09:37:08,0.79,1.23,0.6,1.13,0.48,0.5,1.47,1.67,1.28,1.08,-1.17,898,1028.0, , , , , , , ,717.5,717.48,300.0,100.0, , , ,, , , , , , , 
09:37:11,0.73,1.21,0.42,1.04,0.61,0.36,1.26,1.81,1.4,1.34,-1.21,911,1027.0, , , , , , , ,717.48,717.38,100.0,100.0, , , ,, , , , , , , 
09:37:14,0.89,1.22,0.31,1.02,0.82,0.65,1.32,2.17,1.7,1.32,-1.07,1005,1024.0,500.0,717.48,717.48,100.0,100.0, ,-1.85,717.48,717.0,100.0,2000.0, ,2018-05-25 09:37:14,2018-05-25 09:37:14.597000,, , ,CANCELED, , ,2018-05-25 09:37:14.597000,2018-05-25 09:37:18.118000
09:37:17,0.96,1.12,0.35,0.83,0.49,0.83,1.38,1.89,1.7,1.15,-1.64,885,1016.0,600.0,717.49,717.49,600.0,700.0, ,-1.19,717.49,717.48,1400.0,400.0, ,2018-05-25 09:37:17,2018-05-25 09:37:18.118000,, , ,FILLED, , ,2018-05-25 09:37:18.118000,2018-05-25 09:37:19.165000
09:37:20,0.91,1.15,0.32,0.89,0.4,0.63,1.38,1.9,1.78,1.19,-1.62,850,1016.0, , , , , , , ,717.49,717.48,700.0,100.0, , , ,, , , , , , , 
09:37:23,0.58,0.79,-0.05,0.49,0.41,0.38,0.85,1.88,1.4,1.04,-1.56,850,1009.0, , , , , , , ,717.48,717.42,598.0,100.0, , , ,, , , , , , , 
09:37:26,0.32,0.48,-0.19,0.38,0.71,0.14,0.67,2.12,0.99,0.39,-1.38,1043,1005.0, , , , , , , ,717.48,717.0,698.0,1700.0, , , ,, , , , , , , 
09:37:29,0.38,0.71,-0.13,0.5,0.76,0.37,0.99,2.06,0.9,0.64,-1.41,863,1007.0, , , , , , , ,717.49,717.0,798.0,1700.0, , , ,, , , , , , , 
09:37:32,0.36,0.64,-0.09,0.39,0.92,0.35,0.88,2.11,0.82,0.65,-1.56,922,1001.0, , , , , , , ,717.42,717.0,300.0,1400.0, , , ,, , , , , , , 
09:37:35,0.05,0.38,-0.39,0.08,1.33,-0.05,0.65,2.38,0.57,0.4,-1.2,1670,1001.0, , , , , , , ,717.01,717.0,100.0,800.0, , , ,, , , , , , , 
09:37:38,-0.05,0.28,-0.53,0.07,1.17,-0.2,0.38,2.06,0.57,0.38,-1.27,1005,1000.0, , , , , , , ,717.48,717.0,100.0,800.0, , , ,, , , , , , , 
09:37:41,0.07,0.33,-0.44,0.12,1.73,-0.12,0.36,2.39,0.77,0.53,-0.84,772,994.0, , , , , , , ,717.01,717.0,200.0,1000.0, , , ,, , , , , , , 
09:37:44,0.57,0.93,-0.02,0.95,1.09,0.18,0.92,1.52,1.54,0.92,-1.42,962,1021.0, , , , , , , ,717.62,717.6,100.0,5902.0, , , ,, , , , , , , 
09:37:47,1.03,1.28,0.33,1.1,1.11,0.63,1.31,1.28,2.12,1.42,-1.6,1075,1033.0,600.0,717.98,717.98,600.0,1300.0, ,-1.34,717.98,717.6,1400.0,5402.0, ,2018-05-25 09:37:47,2018-05-25 09:37:47.644000,, , ,FILLED, , ,2018-05-25 09:37:47.644000,2018-05-25 09:37:48.561000
09:37:50,1.15,1.36,0.27,1.38,1.23,0.67,1.27,1.23,2.51,1.43,-1.69,1108,1047.0,600.0,717.98,717.98,600.0,1900.0, ,-1.45,717.98,717.6,800.0,3702.0, ,2018-05-25 09:37:50,2018-05-25 09:37:50.632000,, , ,FILLED, , ,2018-05-25 09:37:50.632000,2018-05-25 09:37:51.156000
09:37:53,1.02,1.11,0.43,1.19,1.24,0.72,1.19,1.07,1.91,0.94,-1.75,1168,1048.0, , , , , , , ,717.98,717.6,100.0,3374.0, , , ,, , , , , , , 
09:37:56,1.07,1.15,0.44,1.24,1.48,0.79,1.27,1.18,1.98,0.92,-1.76,1158,1039.0, , , , , , , ,717.62,717.6,500.0,3474.0, , , ,, , , , , , , 
09:37:59,0.97,1.04,0.44,0.84,1.44,0.7,1.03,1.03,1.77,1.24,-2.1,998,1035.0, , , , , , , ,717.62,717.6,100.0,3447.0, , , ,, , , , , , , 
09:38:02,1.01,0.98,0.19,0.79,1.26,0.81,1.1,0.65,2.02,1.06,-2.51,1060,1028.0, , , , , , , ,717.86,717.6,100.0,3347.0, , , ,, , , , , , , 
09:38:05,0.87,0.71,0.17,0.57,1.03,0.73,0.86,0.26,1.71,0.7,-2.88,953,1023.0, , , , , , , ,717.98,717.86,1400.0,100.0, , , ,, , , , , , , 
09:38:08,0.78,0.92,0.17,0.92,1.34,0.63,1.01,0.39,1.54,0.82,-2.37,1084,1017.0, , , , , , , ,717.77,717.69,100.0,100.0, , , ,, , , , , , , 
09:38:11,0.82,1.01,0.18,0.84,1.04,0.46,1.09,-0.08,1.83,1.11,-2.46,1212,1047.0, , , , , , , ,717.98,717.97,900.0,100.0, , , ,, , , , , , , 
09:38:14,0.34,0.69,-0.2,0.42,1.32,-0.1,0.91,0.01,1.31,0.73,-2.17,1198,1047.0, , , , , , , ,717.93,717.77,100.0,300.0, , , ,, , , , , , , 
09:38:17,0.13,0.32,-0.28,0.23,1.5,-0.01,0.4,0.02,0.66,0.32,-2.04,1055,1047.0, , , , , , , ,717.93,717.61,200.0,500.0, , , ,, , , , , , , 
09:38:20,0.38,0.71,-0.09,0.78,1.54,0.27,0.77,-0.05,0.94,0.58,-2.09,1323,1091.0, , , , , , , ,717.88,717.61,200.0,100.0, , , ,, , , , , , , 
09:38:23,0.34,0.64,-0.16,0.4,1.5,0.11,0.53,-0.12,1.08,0.98,-2.15,1264,1085.0, , , , , , , ,717.83,717.62,200.0,800.0, , , ,, , , , , , , 
09:38:26,0.25,0.3,-0.29,0.21,1.45,0.02,0.39,-0.21,1.03,0.3,-2.09,1248,1084.0, , , , , , , ,717.83,717.62,200.0,800.0, , , ,, , , , , , , 
09:38:29,0.35,0.28,-0.16,0.23,1.29,0.14,0.35,-0.38,1.08,0.26,-2.15,1267,1079.0, , , , , , , ,717.98,717.62,1200.0,800.0, , , ,, , , , , , , 
09:38:32,0.45,0.68,-0.04,0.54,1.14,0.23,0.78,-0.52,1.18,0.72,-2.31,1236,1075.0, , , , , , , ,717.97,717.85,100.0,100.0, , , ,, , , , , , , 
09:38:35,0.76,1.07,0.28,1.08,0.94,0.56,0.93,-0.68,1.46,1.21,-2.47,1399,1105.0, , , , , , , ,718.08,718.0,100.0,1100.0, , , ,, , , , , , , 
09:38:38,1.45,1.43,0.87,1.52,0.86,1.36,1.53,-0.7,2.13,1.25,-2.44,1318,1103.0,600.0,718.2,0.0,0.0,1900.0, , ,718.2,718.0,400.0,6700.0, ,2018-05-25 09:38:38,2018-05-25 09:38:38.622000,, , ,CANCELED, , ,2018-05-25 09:38:38.622000,2018-05-25 09:38:42.426000
09:38:41,1.72,1.5,1.04,1.52,0.64,1.77,1.57,-0.85,2.36,1.42,-2.62,1390,1114.0,600.0,718.3,0.0,0.0,1900.0, , ,718.3,718.22,200.0,100.0, ,2018-05-25 09:38:41,2018-05-25 09:38:42.427000,, , ,CANCELED, , ,2018-05-25 09:38:42.427000,2018-05-25 09:38:45.453000
09:38:44,1.82,1.69,0.96,1.66,0.18,2.11,1.69,-1.3,2.4,1.73,-3.11,1415,1127.0,600.0,718.59,718.59,300.0,2200.0, ,-0.28,718.59,718.55,100.0,900.0, ,2018-05-25 09:38:44,2018-05-25 09:38:45.453000,, , ,CANCELED, , ,2018-05-25 09:38:45.453000,2018-05-25 09:38:47.993000
09:38:47,1.72,1.71,0.92,1.63,0.1,1.72,1.58,-1.41,2.52,1.91,-3.25,1433,1125.0,600.0,718.69,718.69,200.0,2400.0, ,-0.32,718.69,718.59,100.0,400.0, ,2018-05-25 09:38:47,2018-05-25 09:38:47.993000,, , ,CANCELED, , ,2018-05-25 09:38:47.993000,2018-05-25 09:38:51.020000
09:38:50,1.55,1.52,0.78,1.49,-0.29,1.43,1.54,-1.74,2.44,1.52,-3.67,1391,1122.0, , , , , , , ,718.95,718.8,200.0,200.0, , , ,, , , , , , , 
09:38:53,0.85,1.01,0.35,1.18,-0.07,1.07,0.9,-1.36,1.13,0.95,-3.16,1331,1115.0, , , , , , , ,718.66,718.56,200.0,100.0, , , ,, , , , , , , 
09:38:56,0.57,0.91,0.05,1.12,-0.2,0.84,0.84,-1.35,0.82,0.76,-3.06,1369,1124.0, , , , , , , ,718.9,718.3,100.0,600.0, , , ,, , , , , , , 
09:38:59,0.44,0.83,-0.04,0.85,-0.34,0.51,0.68,-1.34,0.85,0.96,-3.06,1316,1115.0, , , , , , , ,718.88,718.3,300.0,600.0, , , ,, , , , , , , 
09:39:02,0.21,0.46,-0.25,0.59,-0.81,0.33,0.41,-1.61,0.53,0.38,-3.34,1346,1110.0, , , , , , , ,718.9,718.66,1900.0,100.0, , , ,, , , , , , , 
09:39:05,-0.06,0.37,-0.23,0.65,-0.65,0.06,0.28,-1.35,-0.0,0.19,-3.1,1311,1106.0, , , , , , , ,718.83,718.31,100.0,200.0, , , ,, , , , , , , 
09:39:08,-0.11,0.31,-0.41,0.44,-0.94,0.09,0.29,-1.63,-0.01,0.2,-3.18,1260,1106.0, , , , , , , ,718.78,718.6,200.0,100.0, , , ,, , , , , , , 
09:39:11,-0.07,0.23,-0.52,0.19,-1.11,0.07,0.22,-1.82,0.24,0.27,-3.01,1326,1106.0, , , , , , , ,718.78,718.66,100.0,400.0, , , ,, , , , , , , 
09:39:14,0.18,0.42,-0.4,0.55,-1.49,0.23,0.25,-2.25,0.7,0.45,-3.14,1459,1140.0, , , , , , , ,718.95,718.9,300.0,200.0, , , ,, , , , , , , 
09:39:17,0.46,0.54,-0.03,0.63,-1.5,0.6,0.38,-2.33,0.82,0.61,-2.92,1367,1135.0, , , , , , , ,718.9,718.83,200.0,600.0, , , ,, , , , , , , 
09:39:20,0.24,0.46,-0.37,0.52,-1.61,0.32,0.24,-2.5,0.76,0.62,-3.01,1449,1133.0, , , , , , , ,718.9,718.83,100.0,200.0, , , ,, , , , , , , 
09:39:23,-0.12,0.18,-0.46,0.21,-1.54,-0.14,0.11,-2.19,0.24,0.23,-2.98,1337,1127.0, , , , , , , ,718.83,718.66,400.0,500.0, , , ,, , , , , , , 
09:39:26,-0.16,0.11,-0.51,0.05,-1.59,-0.19,0.19,-2.31,0.22,0.1,-3.08,1277,1121.0, , , , , , , ,718.78,718.66,200.0,100.0, , , ,, , , , , , , 
09:39:29,-0.17,0.09,-0.61,-0.12,-1.65,-0.02,0.15,-2.42,0.12,0.24,-3.29,1249,1113.0, , , , , , , ,718.78,718.66,500.0,600.0, , , ,, , , , , , , 
09:39:32,-0.51,-0.13,-0.84,-0.35,-1.64,-0.37,-0.17,-2.34,-0.31,0.13,-3.29,1232,1104.0, , , , , , , ,718.78,718.66,600.0,500.0, , , ,, , , , , , , 
09:39:35,-0.47,-0.12,-0.83,-0.28,-1.65,-0.32,-0.17,-2.66,-0.25,0.09,-3.32,1385,1121.0, , , , , , , ,718.83,718.65,200.0,400.0, , , ,, , , , , , , 
09:39:38,-0.31,-0.03,-0.58,-0.15,-1.5,-0.22,-0.0,-2.57,-0.14,0.07,-3.24,1329,1124.0, , , , , , , ,718.7,718.65,200.0,400.0, , , ,, , , , , , , 
09:39:41,-0.44,-0.09,-0.75,-0.22,-1.52,-0.29,-0.07,-2.66,-0.27,-0.0,-3.35,1277,1118.0, , , , , , , ,718.83,718.65,100.0,400.0, , , ,, , , , , , , 
09:39:44,-0.66,-0.23,-1.03,-0.41,-1.5,-0.47,-0.32,-2.7,-0.48,0.05,-3.32,1180,1107.0,-2400.0,718.76,718.76,-900.0,1500.0, ,-0.18,718.78,718.65,200.0,400.0, ,2018-05-25 09:39:44,2018-05-25 09:39:44.630000,, , ,CANCELED, , ,2018-05-25 09:39:44.630000,2018-05-25 09:39:48.216000
09:39:47,-0.71,-0.34,-1.02,-0.59,-1.45,-0.44,-0.37,-2.72,-0.67,-0.07,-3.23,1272,1113.0,-1500.0,718.74,0.0,-0.0,1500.0, , ,718.76,718.59,1500.0,1300.0, ,2018-05-25 09:39:47,2018-05-25 09:39:48.216000,, , ,CANCELED, , ,2018-05-25 09:39:48.216000,2018-05-25 09:39:51.239000
09:39:50,-0.76,-0.33,-1.09,-0.66,-1.5,-0.63,-0.38,-2.75,-0.55,0.06,-3.24,1210,1112.0,-1500.0,718.72,0.0,-0.0,1500.0, , ,718.74,718.66,1500.0,100.0, ,2018-05-25 09:39:50,2018-05-25 09:39:51.239000,, , ,CANCELED, , ,2018-05-25 09:39:51.239000,2018-05-25 09:39:54.284000
09:39:53,-0.99,-0.42,-1.22,-0.7,-1.34,-0.86,-0.59,-2.6,-0.9,0.03,-3.05,1397,1145.0,-1500.0,718.59,718.59,-100.0,1400.0, ,-0.23,718.6,718.59,400.0,200.0, ,2018-05-25 09:39:53,2018-05-25 09:39:54.284000,, , ,CANCELED, , ,2018-05-25 09:39:54.284000,2018-05-25 09:39:57.330000
09:39:56,-1.02,-0.33,-1.14,-0.68,-0.9,-0.9,-0.39,-2.17,-1.02,0.07,-2.47,1419,1142.0,-1400.0,718.53,718.53,-1200.0,200.0, ,-0.34,718.55,718.0,600.0,1200.0, ,2018-05-25 09:39:56,2018-05-25 09:39:57.331000,, , ,CANCELED, , ,2018-05-25 09:39:57.331000,2018-05-25 09:40:00.355000
09:39:59,-0.85,-0.25,-1.26,-0.61,-0.89,-0.61,-0.19,-2.12,-0.69,0.03,-2.25,1356,1144.0,-200.0,718.51,0.0,-0.0,200.0, , ,718.53,718.0,300.0,1000.0, ,2018-05-25 09:39:59,2018-05-25 09:40:00.355000,, , ,CANCELED, , ,2018-05-25 09:40:00.355000,2018-05-25 09:40:03.388000
09:40:02,-0.76,-0.32,-1.23,-0.64,-0.89,-0.54,-0.33,-2.16,-0.51,0.02,-2.02,1350,1135.0,-200.0,718.49,0.0,-0.0,200.0, , ,718.51,718.0,200.0,1100.0, ,2018-05-25 09:40:02,2018-05-25 09:40:03.388000,, , ,CANCELED, , ,2018-05-25 09:40:03.388000,2018-05-25 09:40:05.924000
09:40:05,-0.96,-0.32,-1.45,-0.58,-0.55,-0.59,-0.33,-1.73,-0.83,-0.06,-1.46,1344,1137.0,-200.0,717.99,717.99,-200.0,0.0,-586.35,-0.34,718.0,717.99,700.0,100.0, ,2018-05-25 09:40:05,2018-05-25 09:40:05.925000,, , ,FILLED,1722699.4692276747,1723285.8217622908,2018-05-25 09:40:05.925000,2018-05-25 09:40:07.570000
09:40:08,-1.02,-0.44,-1.43,-0.87,-0.54,-0.65,-0.35,-1.74,-0.98,-0.08,-1.23,1284,1134.0, , , , , , , ,717.95,717.85,500.0,400.0, , , ,, , , , , , , 
09:40:11,-1.14,-0.41,-1.41,-0.81,-0.68,-0.94,-0.33,-1.87,-1.08,-0.08,-1.24,1513,1130.0, , , , , , , ,717.95,717.85,1100.0,300.0, , , ,, , , , , , , 
09:40:14,-1.03,-0.36,-1.33,-0.66,-0.81,-0.81,-0.4,-1.97,-0.95,-0.01,-1.23,1387,1131.0, , , , , , , ,717.95,717.83,800.0,1300.0, , , ,, , , , , , , 
09:40:17,-0.95,-0.14,-1.18,-0.38,-0.75,-0.74,-0.17,-1.98,-0.94,0.13,-1.02,1461,1144.0, , , , , , , ,717.95,717.51,253.0,200.0, , , ,, , , , , , , 
09:40:20,-0.95,-0.17,-1.22,-0.41,-0.76,-0.67,-0.17,-1.79,-0.95,0.07,-0.85,1310,1136.0, , , , , , , ,717.7,717.51,200.0,100.0, , , ,, , , , , , , 
09:40:23,-0.92,-0.15,-1.07,-0.43,-0.61,-0.6,-0.02,-1.78,-1.08,0.01,-0.85,1175,1126.0, , , , , , , ,717.7,717.52,100.0,100.0, , , ,, , , , , , , 
09:40:26,-0.89,-0.21,-1.01,-0.45,-0.75,-0.67,-0.16,-1.89,-0.99,-0.02,-0.83,1177,1118.0, , , , , , , ,717.7,717.51,100.0,100.0, , , ,, , , , , , , 
09:40:29,-1.05,-0.24,-1.31,-0.49,-0.69,-0.82,-0.21,-1.74,-1.02,-0.01,-0.66,1128,1113.0, , , , , , , ,717.5,717.47,200.0,100.0, , , ,, , , , , , , 
09:40:32,-0.99,-0.21,-1.09,-0.54,-0.54,-0.84,-0.13,-1.86,-1.04,0.04,-0.58,1117,1107.0, , , , , , , ,717.45,717.41,200.0,100.0, , , ,, , , , , , , 
09:40:35,-0.53,0.13,-0.4,-0.07,-1.15,-0.38,0.44,-2.1,-0.82,0.02,-0.91,1143,1113.0, , , , , , , ,717.7,717.6,400.0,12001.0, , , ,, , , , , , , 
09:40:38,-0.05,0.6,0.13,0.56,-1.15,0.02,0.61,-1.84,-0.3,0.63,-0.92,1383,1105.0, , , , , , , ,717.7,717.6,400.0,12001.0, , , ,, , , , , , , 
09:40:41,-0.01,0.74,0.11,0.55,-1.15,0.18,0.89,-1.74,-0.33,0.78,-0.91,1158,1108.0, , , , , , , ,717.7,717.6,300.0,10701.0, , , ,, , , , , , , 
09:40:44,-0.22,0.57,-0.07,0.39,-1.19,-0.12,0.62,-1.44,-0.47,0.7,-0.89,1115,1099.0, , , , , , , ,717.65,717.6,300.0,10501.0, , , ,, , , , , , , 
09:40:47,-0.32,0.43,-0.23,0.19,-1.26,-0.1,0.55,-1.37,-0.62,0.55,-0.99,1453,1098.0, , , , , , , ,717.65,717.6,400.0,10001.0, , , ,, , , , , , , 
09:40:50,-0.07,0.57,0.09,0.43,-1.25,0.06,0.67,-1.46,-0.35,0.62,-1.08,1053,1096.0, , , , , , , ,717.65,717.6,300.0,9201.0, , , ,, , , , , , , 
09:40:53,-0.09,0.58,-0.14,0.26,-1.26,0.04,0.58,-1.54,-0.18,0.89,-1.21,1059,1088.0, , , , , , , ,717.65,717.62,100.0,100.0, , , ,, , , , , , , 
09:40:56,-0.3,0.46,-0.18,0.27,-1.28,-0.14,0.33,-1.79,-0.59,0.79,-1.26,1065,1094.0, , , , , , , ,717.65,717.62,100.0,200.0, , , ,, , , , , , , 
09:40:59,-0.41,0.36,-0.2,0.18,-1.22,-0.21,0.36,-2.1,-0.82,0.55,-1.23,1105,1099.0, , , , , , , ,717.63,717.6,100.0,6401.0, , , ,, , , , , , , 
09:41:02,-0.68,0.02,-0.5,-0.08,-1.27,-0.55,0.06,-2.35,-0.98,0.08,-1.23,1439,1113.0, , , , , , , ,717.63,717.6,100.0,4137.0, , , ,, , , , , , , 
09:41:05,-1.02,-0.17,-0.83,-0.44,-1.19,-0.98,-0.07,-2.46,-1.27,0.01,-1.19,1321,1141.0, , , , , , , ,717.63,717.6,100.0,237.0, , , ,, , , , , , , 
09:41:08,-1.1,-0.46,-1.0,-0.56,-1.24,-0.9,-0.5,-2.1,-1.42,-0.3,-1.0,1397,1137.0, , , , , , , ,717.58,717.5,800.0,300.0, , , ,, , , , , , , 
09:41:11,-0.94,-0.42,-0.78,-0.54,-1.03,-0.66,-0.37,-1.52,-1.37,-0.34,-0.55,1393,1135.0, , , , , , , ,717.58,717.01,100.0,200.0, , , ,, , , , , , , 
09:41:14,-0.8,-0.34,-0.62,-0.32,-0.99,-0.59,-0.46,-1.25,-1.2,-0.23,-0.29,1218,1125.0, , , , , , , ,717.37,717.01,200.0,200.0, , , ,, , , , , , , 
09:41:17,-0.75,-0.23,-0.68,-0.38,-1.23,-0.58,-0.2,-1.23,-0.99,-0.11,-0.16,1164,1116.0, , , , , , , ,717.37,717.0,300.0,800.0, , , ,, , , , , , , 
09:41:20,-0.92,-0.27,-0.91,-0.41,-1.06,-0.71,-0.33,-1.18,-1.15,-0.06,0.15,1120,1113.0, , , , , , , ,717.37,716.8,300.0,400.0, , , ,, , , , , , , 
09:41:23,-0.96,-0.33,-0.88,-0.5,-0.65,-0.84,-0.32,-0.86,-1.15,-0.16,0.73,1217,1107.0, , , , , , , ,717.05,716.54,100.0,100.0, , , ,, , , , , , , 
09:41:26,-1.2,-0.26,-0.94,-0.15,-1.9,-1.16,-0.34,-1.94,-1.5,-0.27,-0.2,1133,1118.0, , , , , , , ,717.62,717.6,300.0,1800.0, , , ,, , , , , , , 
09:41:29,-0.98,0.02,-0.7,0.13,-0.74,-0.78,0.02,-0.71,-1.45,-0.09,1.13,1212,1127.0, , , , , , , ,717.0,716.54,500.0,100.0, , , ,, , , , , , , 
09:41:32,-0.7,0.31,-0.43,0.59,-0.94,-0.52,0.22,-0.72,-1.16,0.13,1.28,1169,1117.0, , , , , , , ,717.0,716.54,400.0,100.0, , , ,, , , , , , , 
09:41:35,-0.63,0.38,-0.47,0.51,-1.2,-0.46,0.21,-1.03,-0.97,0.42,1.1,1186,1114.0, , , , , , , ,717.01,717.0,100.0,600.0, , , ,, , , , , , , 
09:41:38,-0.49,0.34,-0.27,0.54,-0.62,-0.3,0.18,-0.6,-0.89,0.29,1.71,1187,1114.0, , , , , , , ,717.01,716.54,100.0,100.0, , , ,, , , , , , , 
09:41:41,-0.35,0.43,-0.24,0.55,-0.52,-0.16,0.38,-0.56,-0.65,0.36,1.62,1404,1105.0, , , , , , , ,717.0,716.54,200.0,600.0, , , ,, , , , , , , 
09:41:44,-0.35,0.41,-0.28,0.35,-0.25,-0.27,0.38,-0.6,-0.51,0.49,1.42,1039,1094.0, , , , , , , ,717.0,716.54,200.0,600.0, , , ,, , , , , , , 
09:41:47,-0.65,0.26,-0.62,0.21,-0.19,-0.57,0.17,-0.67,-0.76,0.41,1.34,1040,1088.0, , , , , , , ,717.0,716.55,200.0,100.0, , , ,, , , , , , , 
09:41:50,-0.32,0.3,-0.26,0.36,0.03,-0.19,0.19,-0.45,-0.52,0.34,1.39,1012,1087.0, , , , , , , ,717.01,716.11,100.0,100.0, , , ,, , , , , , , 
09:41:53,-0.54,0.32,-0.56,0.28,-0.39,-0.45,0.23,-0.65,-0.63,0.46,1.16,977,1078.0, , , , , , , ,717.0,716.62,100.0,100.0, , , ,, , , , , , , 
09:41:56,-0.74,0.22,-0.66,0.08,-0.57,-0.65,0.19,-0.49,-0.92,0.41,1.36,932,1070.0, , , , , , , ,716.96,716.55,400.0,100.0, , , ,, , , , , , , 
09:41:59,-0.6,0.19,-0.49,0.18,-0.86,-0.56,0.12,-0.47,-0.75,0.27,1.47,888,1060.0, , , , , , , ,716.96,716.5,400.0,500.0, , , ,, , , , , , , 
09:42:02,-0.6,0.14,-0.45,0.09,-1.04,-0.62,0.17,-0.41,-0.74,0.16,1.63,1049,1049.0, , , , , , , ,716.85,716.5,100.0,500.0, , , ,, , , , , , , 
09:42:05,-0.8,0.02,-0.68,0.06,-1.11,-0.78,-0.06,-0.43,-0.93,0.07,1.85,914,1043.0, , , , , , , ,716.8,716.5,200.0,500.0, , , ,, , , , , , , 
09:42:08,-0.78,0.08,-0.56,0.1,-1.32,-0.7,0.13,-0.79,-1.08,0.02,1.6,824,1037.0, , , , , , , ,716.99,716.96,200.0,100.0, , , ,, , , , , , , 
09:42:11,-0.4,0.23,-0.24,0.29,-0.14,-0.27,0.23,0.35,-0.68,0.18,2.62,814,1040.0, , , , , , , ,716.5,716.11,600.0,100.0, , , ,, , , , , , , 
09:42:14,-0.39,0.19,-0.33,0.2,-0.02,-0.15,0.21,0.49,-0.69,0.17,2.71,944,1037.0, , , , , , , ,716.5,716.12,732.0,100.0, , , ,, , , , , , , 
09:42:17,-0.52,0.17,-0.42,0.19,-0.01,-0.37,0.06,0.65,-0.76,0.27,2.83,863,1030.0, , , , , , , ,716.5,716.12,732.0,100.0, , , ,, , , , , , , 
09:42:20,-0.39,0.25,-0.36,0.16,-0.1,-0.27,0.18,0.55,-0.55,0.4,2.83,1107,1024.0, , , , , , , ,716.5,716.12,632.0,100.0, , , ,, , , , , , , 
09:42:23,-0.38,0.33,-0.4,0.23,-0.23,-0.2,0.27,0.35,-0.54,0.48,2.79,789,1016.0, , , , , , , ,716.5,716.2,432.0,100.0, , , ,, , , , , , , 
09:42:26,-0.29,0.43,-0.28,0.34,-0.18,-0.16,0.36,0.22,-0.42,0.59,2.77,798,1007.0, , , , , , , ,716.5,716.2,300.0,200.0, , , ,, , , , , , , 
09:42:29,-0.28,0.46,-0.41,0.32,0.38,-0.21,0.41,0.52,-0.23,0.65,3.17,774,1016.0, , , , , , , ,716.0,715.98,600.0,100.0, , , ,, , , , , , , 
09:42:32,-0.48,0.33,-0.53,0.19,0.0,-0.39,0.34,0.14,-0.52,0.46,2.88,860,1013.0, , , , , , , ,716.5,716.01,400.0,100.0, , , ,, , , , , , , 
09:42:35,-0.48,0.28,-0.54,0.41,0.7,-0.43,0.22,0.82,-0.46,0.21,3.68,823,1011.0, , , , , , , ,715.95,715.58,300.0,100.0, , , ,, , , , , , , 
09:42:38,-0.46,0.39,-0.54,0.44,-0.29,-0.4,0.44,-0.29,-0.43,0.29,2.69,814,1008.0, , , , , , , ,716.62,716.5,100.0,700.0, , , ,, , , , , , , 
09:42:41,-0.6,0.44,-0.6,0.45,-0.51,-0.62,0.41,-0.58,-0.59,0.47,2.55,832,1001.0, , , , , , , ,716.98,716.5,100.0,700.0, , , ,, , , , , , , 
09:42:44,-0.37,0.53,-0.36,0.65,-0.28,-0.16,0.51,-0.29,-0.6,0.41,2.88,896,992.0, , , , , , , ,716.57,716.5,253.0,900.0, , , ,, , , , , , , 
09:42:47,-0.33,0.51,-0.27,0.66,-0.33,-0.19,0.48,-0.26,-0.53,0.39,2.88,696,983.0, , , , , , , ,716.57,716.5,253.0,900.0, , , ,, , , , , , , 
09:42:50,-0.59,0.34,-0.57,0.48,-0.71,-0.42,0.36,-0.52,-0.78,0.18,2.58,724,988.0, , , , , , , ,717.0,716.5,1300.0,47.0, , , ,, , , , , , , 
09:42:53,-0.39,0.4,-0.35,0.64,-0.23,-0.49,0.38,-0.14,-0.33,0.19,2.95,745,986.0, , , , , , , ,716.8,716.2,453.0,100.0, , , ,, , , , , , , 
09:42:56,-0.25,0.48,-0.13,0.73,0.07,-0.2,0.47,0.21,-0.44,0.25,3.14,741,977.0, , , , , , , ,716.5,716.2,200.0,100.0, , , ,, , , , , , , 
09:42:59,-0.17,0.53,-0.13,0.65,0.84,-0.18,0.48,1.21,-0.2,0.45,3.95,706,968.0, , , , , , , ,716.0,715.58,400.0,200.0, , , ,, , , , , , , 
09:43:02,-0.16,0.47,-0.18,0.52,0.81,-0.11,0.49,1.41,-0.19,0.4,4.0,778,960.0, , , , , , , ,716.0,715.59,200.0,300.0, , , ,, , , , , , , 
09:43:05,-0.37,0.32,-0.39,0.33,0.79,-0.55,0.32,1.64,-0.18,0.3,4.07,642,951.0, , , , , , , ,715.96,715.59,100.0,300.0, , , ,, , , , , , , 
09:43:08,-0.4,0.44,-0.28,0.45,0.49,-0.43,0.39,1.35,-0.47,0.48,3.76,809,963.0, , , , , , , ,716.51,715.59,1000.0,300.0, , , ,, , , , , , , 
09:43:11,-0.57,0.58,-0.65,0.61,0.07,-0.6,0.53,0.71,-0.45,0.61,3.24,712,959.0, , , , , , , ,716.51,716.5,500.0,200.0, , , ,, , , , , , , 
09:43:14,-0.52,0.57,-0.57,0.55,0.22,-0.43,0.55,0.7,-0.55,0.59,3.31,758,952.0, , , , , , , ,716.51,716.5,200.0,200.0, , , ,, , , , , , , 
09:43:17,-0.12,0.74,-0.21,0.81,0.93,-0.15,0.76,1.25,0.0,0.66,3.96,732,945.0, , , , , , , ,716.2,716.0,500.0,400.0, , , ,, , , , , , , 
09:43:20,-0.03,0.8,-0.11,0.88,0.84,-0.04,0.85,1.25,0.05,0.67,4.0,691,943.0, , , , , , , ,716.2,716.0,100.0,362.0, , , ,, , , , , , , 
09:43:23,-0.16,0.89,-0.33,0.87,0.48,-0.13,0.93,1.03,-0.01,0.87,3.83,779,936.0, , , , , , , ,716.51,716.01,200.0,100.0, , , ,, , , , , , , 
09:43:26,-0.08,0.84,-0.33,0.79,0.34,-0.06,0.86,1.05,0.16,0.88,3.92,748,929.0, , , , , , , ,716.51,716.01,200.0,200.0, , , ,, , , , , , , 
09:43:29,0.05,0.81,-0.22,0.81,0.14,-0.05,0.73,1.05,0.43,0.89,4.04,792,922.0, , , , , , , ,716.51,716.0,100.0,262.0, , , ,, , , , , , , 
09:43:32,-0.07,0.71,-0.28,0.75,0.13,-0.12,0.73,1.05,0.18,0.65,4.17,868,913.0, , , , , , , ,716.51,716.01,200.0,100.0, , , ,, , , , , , , 
09:43:35,-0.26,0.57,-0.29,0.6,0.14,-0.27,0.49,1.05,-0.21,0.62,4.27,591,905.0, , , , , , , ,716.5,716.0,100.0,200.0, , , ,, , , , , , , 
09:43:38,-0.15,0.49,-0.26,0.65,0.08,-0.12,0.38,0.97,-0.07,0.43,4.23,616,903.0, , , , , , , ,716.6,716.0,100.0,160.0, , , ,, , , , , , , 
09:43:41,-0.16,0.56,-0.31,0.68,-0.37,-0.21,0.54,0.56,0.03,0.46,3.78,589,906.0, , , , , , , ,716.99,716.2,53.0,100.0, , , ,, , , , , , , 
09:43:44,-0.04,0.69,-0.05,0.88,-0.03,-0.02,0.67,0.89,-0.05,0.51,4.15,572,897.0, , , , , , , ,716.5,716.2,200.0,100.0, , , ,, , , , , , , 
09:43:47,0.17,0.86,0.11,1.04,0.35,0.24,0.74,1.15,0.16,0.8,4.44,619,893.0, , , , , , , ,716.2,716.0,100.0,100.0, , , ,, , , , , , , 
09:43:50,0.16,0.8,0.03,0.86,0.31,0.24,0.83,0.97,0.19,0.72,4.34,585,887.0, , , , , , , ,716.31,716.0,100.0,100.0, , , ,, , , , , , , 
09:43:53,0.05,0.72,-0.14,0.72,0.07,-0.08,0.75,0.58,0.39,0.7,4.1,697,879.0, , , , , , , ,716.5,716.2,100.0,100.0, , , ,, , , , , , , 
09:43:56,-0.16,0.89,-0.41,0.91,-0.35,-0.14,1.07,-0.03,0.08,0.71,3.44,707,881.0, , , , , , , ,717.0,716.5,653.0,400.0, , , ,, , , , , , , 
09:43:59,0.19,1.01,-0.07,0.96,0.4,0.2,1.17,0.52,0.43,0.92,4.0,570,880.0, , , , , , , ,716.4,716.32,100.0,100.0, , , ,, , , , , , , 
09:44:02,0.17,0.81,0.06,0.94,0.97,0.2,0.94,0.87,0.26,0.56,4.41,705,892.0, , , , , , , ,716.2,716.01,200.0,300.0, , , ,, , , , , , , 
09:44:05,0.16,0.8,0.04,0.87,0.91,0.04,0.87,0.65,0.41,0.65,4.27,718,887.0, , , , , , , ,716.4,716.2,100.0,600.0, , , ,, , , , , , , 
09:44:08,-0.06,0.8,-0.13,0.89,0.58,-0.12,0.93,0.3,0.08,0.59,4.0,648,884.0, , , , , , , ,717.0,716.21,353.0,100.0, , , ,, , , , , , , 
09:44:11,-0.03,1.09,-0.07,0.96,0.56,0.03,1.29,0.41,-0.03,1.04,4.15,630,880.0, , , , , , , ,717.0,716.21,453.0,300.0, , , ,, , , , , , , 
09:44:14,0.09,0.98,-0.05,1.02,0.39,0.18,1.12,0.36,0.14,0.8,4.06,647,872.0, , , , , , , ,717.0,716.45,553.0,100.0, , , ,, , , , , , , 
09:44:17,0.11,1.14,0.01,0.88,0.38,0.19,1.43,0.48,0.14,1.1,4.04,693,870.0, , , , , , , ,717.0,716.45,53.0,400.0, , , ,, , , , , , , 
09:44:20,0.08,1.2,0.04,0.99,-0.04,0.19,1.55,0.23,0.02,1.06,3.61,627,866.0, , , , , , , ,717.05,717.0,953.0,600.0, , , ,, , , , , , , 
09:44:23,0.09,1.09,0.2,0.84,0.94,0.08,1.28,1.37,-0.01,1.16,4.5,708,877.0, , , , , , , ,716.45,716.22,5500.0,300.0, , , ,, , , , , , , 
09:44:26,0.08,0.77,0.08,0.86,0.94,0.16,0.84,1.58,-0.0,0.62,4.5,668,869.0, , , , , , , ,716.45,716.22,5400.0,300.0, , , ,, , , , , , , 
09:44:29,0.18,0.76,0.18,0.86,0.94,0.11,0.82,1.74,0.24,0.6,4.57,657,865.0, , , , , , , ,716.45,716.22,4900.0,300.0, , , ,, , , , , , , 
09:44:32,-0.18,0.5,-0.1,0.65,0.81,-0.29,0.67,1.76,-0.17,0.19,4.45,690,862.0, , , , , , , ,716.45,716.4,5400.0,100.0, , , ,, , , , , , , 
09:44:35,-0.22,0.48,-0.11,0.6,0.94,-0.25,0.61,2.06,-0.31,0.23,4.68,680,857.0, , , , , , , ,716.45,716.2,5200.0,1200.0, , , ,, , , , , , , 
09:44:38,-0.01,0.55,-0.01,0.72,0.94,-0.07,0.73,2.33,0.03,0.2,4.72,800,864.0, , , , , , , ,716.45,716.2,3800.0,1200.0, , , ,, , , , , , , 
09:44:41,0.24,0.73,0.11,0.81,0.94,0.28,0.87,2.24,0.32,0.5,4.71,754,862.0, , , , , , , ,716.45,716.21,3100.0,200.0, , , ,, , , , , , , 
09:44:44,0.26,0.88,0.22,0.98,0.92,0.38,1.08,2.03,0.18,0.58,4.78,791,873.0, , , , , , , ,716.45,716.21,1100.0,400.0, , , ,, , , , , , , 
09:44:47,0.5,1.16,0.28,1.03,0.82,0.73,1.44,1.96,0.48,1.01,4.8,804,872.0, , , , , , , ,716.45,716.21,1400.0,800.0, , , ,, , , , , , , 
09:44:50,0.36,0.93,0.13,0.9,0.59,0.57,1.04,1.58,0.38,0.86,4.71,808,874.0, , , , , , , ,716.45,716.4,1000.0,100.0, , , ,, , , , , , , 
09:44:53,0.34,1.02,0.1,0.84,0.48,0.51,1.21,1.69,0.42,1.02,4.73,775,867.0, , , , , , , ,716.45,716.4,900.0,100.0, , , ,, , , , , , , 
09:44:56,0.36,0.93,0.22,0.94,0.43,0.56,1.04,1.82,0.29,0.8,4.83,910,864.0, , , , , , , ,716.45,716.4,300.0,100.0, , , ,, , , , , , , 
09:44:59,0.23,1.13,0.06,1.13,0.01,0.49,1.2,1.47,0.15,1.06,4.44,812,862.0, , , , , , , ,717.0,716.45,500.0,300.0, , , ,, , , , , , , 
09:45:02,0.19,1.14,-0.06,1.14,-0.41,0.44,1.23,1.14,0.17,1.06,4.01,854,867.0, , , , , , , ,717.05,717.0,153.0,300.0, , , ,, , , , , , , 
09:45:05,0.02,1.06,-0.26,0.89,-0.37,0.16,1.23,1.33,0.17,1.06,4.0,809,858.0, , , , , , , ,717.05,717.0,153.0,300.0, , , ,, , , , , , , 
09:45:08,0.02,0.92,-0.2,0.95,-0.28,0.11,0.96,1.53,0.15,0.84,3.93,748,850.0, , , , , , , ,717.05,717.0,153.0,200.0, , , ,, , , , , , , 
09:45:11,-0.11,0.89,-0.24,0.81,-0.14,-0.01,1.02,1.66,-0.09,0.84,3.98,715,844.0, , , , , , , ,717.0,716.99,600.0,300.0, , , ,, , , , , , , 
09:45:14,0.06,0.88,-0.05,0.85,-0.01,0.23,1.09,1.75,0.01,0.71,3.98,699,839.0, , , , , , , ,717.0,716.99,300.0,400.0, , , ,, , , , , , , 
09:45:17,0.2,0.98,-0.06,0.64,0.1,0.31,1.26,1.87,0.36,1.04,3.98,778,832.0, , , , , , , ,717.0,716.99,200.0,400.0, , , ,, , , , , , , 
09:45:20,-0.04,0.68,-0.08,0.65,0.28,0.01,0.75,1.87,-0.05,0.63,4.01,700,826.0, , , , , , , ,717.0,716.99,400.0,400.0, , , ,, , , , , , , 
09:45:23,-0.13,0.56,-0.2,0.52,0.44,0.01,0.75,1.89,-0.2,0.4,4.04,620,818.0, , , , , , , ,717.0,716.99,400.0,700.0, , , ,, , , , , , , 
09:45:26,-0.04,0.69,-0.11,0.69,0.61,-0.04,0.91,1.83,0.02,0.45,4.04,624,816.0, , , , , , , ,717.05,717.0,153.0,500.0, , , ,, , , , , , , 
09:45:29,0.11,0.74,-0.02,0.53,0.78,0.14,0.92,1.72,0.21,0.75,4.02,616,810.0, , , , , , , ,717.05,717.0,153.0,700.0, , , ,, , , , , , , 
09:45:32,-0.16,0.42,-0.28,0.46,0.97,-0.22,0.5,1.85,0.02,0.29,4.04,627,811.0, , , , , , , ,717.0,716.99,4400.0,300.0, , , ,, , , , , , , 
09:45:35,-0.31,0.29,-0.28,0.45,1.12,-0.27,0.36,1.96,-0.38,0.07,4.03,922,835.0, , , , , , , ,717.0,716.99,1300.0,200.0, , , ,, , , , , , , 
09:45:38,-0.07,0.4,-0.12,0.54,1.4,-0.06,0.48,2.08,-0.04,0.18,4.03,773,830.0, , , , , , , ,717.0,716.99,1000.0,800.0, , , ,, , , , , , , 
09:45:41,0.03,0.42,-0.11,0.37,1.3,0.06,0.66,2.2,0.14,0.24,4.17,756,830.0, , , , , , , ,717.0,716.99,800.0,600.0, , , ,, , , , , , , 
09:45:44,-0.01,0.46,-0.13,0.54,1.06,-0.05,0.5,2.21,0.16,0.34,4.24,769,831.0, , , , , , , ,717.05,716.99,100.0,600.0, , , ,, , , , , , , 
09:45:47,0.02,0.39,-0.06,0.37,1.1,-0.01,0.54,2.31,0.14,0.25,4.46,804,830.0, , , , , , , ,717.05,716.84,100.0,100.0, , , ,, , , , , , , 
09:45:50,-0.04,0.26,-0.12,0.46,1.18,-0.08,0.25,2.65,0.07,0.07,4.88,732,823.0, , , , , , , ,716.84,716.58,1200.0,300.0, , , ,, , , , , , , 
09:45:53,-0.03,0.31,-0.2,0.44,1.29,-0.07,0.3,2.65,0.17,0.18,4.89,751,825.0, , , , , , , ,716.84,716.58,200.0,400.0, , , ,, , , , , , , 
09:45:56,-0.16,0.28,-0.24,0.37,1.42,-0.17,0.31,2.64,-0.06,0.15,4.89,728,819.0, , , , , , , ,716.84,716.58,100.0,400.0, , , ,, , , , , , , 
09:45:59,-0.12,0.33,-0.22,0.44,1.39,-0.13,0.33,2.56,-0.02,0.21,4.79,706,816.0, , , , , , , ,716.99,716.58,100.0,400.0, , , ,, , , , , , , 
09:46:02,-0.1,0.29,-0.14,0.38,1.58,-0.17,0.36,2.72,0.01,0.13,4.89,704,812.0, , , , , , , ,716.84,716.58,100.0,300.0, , , ,, , , , , , , 
09:46:05,-0.21,0.18,-0.36,0.26,1.76,-0.22,0.17,2.75,-0.05,0.1,4.84,728,805.0, , , , , , , ,716.84,716.59,500.0,100.0, , , ,, , , , , , , 
09:46:08,-0.3,0.13,-0.43,0.17,1.78,-0.41,0.15,2.65,-0.05,0.08,4.62,752,801.0, , , , , , , ,716.85,716.84,200.0,800.0, , , ,, , , , , , , 
09:46:11,-0.19,0.26,-0.3,0.29,1.62,-0.17,0.34,2.52,-0.11,0.16,4.46,697,807.0, , , , , , , ,717.05,716.99,200.0,200.0, , , ,, , , , , , , 
09:46:14,0.01,0.44,-0.14,0.36,1.72,0.05,0.53,2.59,0.14,0.42,4.48,710,800.0, , , , , , , ,717.05,716.99,100.0,600.0, , , ,, , , , , , , 
09:46:17,0.17,0.54,-0.07,0.4,1.79,0.25,0.71,2.63,0.34,0.5,4.47,700,799.0, , , , , , , ,717.1,717.0,800.0,300.0, , , ,, , , , , , , 
09:46:20,0.13,0.59,-0.13,0.51,1.6,0.18,0.58,2.49,0.34,0.67,4.34,699,800.0, , , , , , , ,717.2,717.17,1300.0,100.0, , , ,, , , , , , , 
09:46:23,0.24,0.89,-0.01,0.76,1.16,0.26,0.92,2.08,0.46,0.98,3.83,856,814.0, , , , , , , ,717.85,717.17,1400.0,200.0, , , ,, , , , , , , 
09:46:26,0.49,1.12,0.18,1.18,1.16,0.49,1.05,2.17,0.79,1.12,3.81,865,820.0, , , , , , , ,717.85,717.17,100.0,300.0, , , ,, , , , , , , 
09:46:29,0.58,1.34,0.11,1.21,0.85,0.68,1.27,2.09,0.96,1.53,3.75,947,816.0, , , , , , , ,718.0,717.3,2800.0,100.0, , , ,, , , , , , , 
09:46:32,0.53,1.48,0.12,1.51,0.93,0.64,1.3,2.22,0.84,1.63,3.87,774,808.0, , , , , , , ,718.0,717.3,2800.0,200.0, , , ,, , , , , , , 
09:46:35,0.71,1.73,0.28,1.6,0.64,0.74,1.57,1.9,1.11,2.02,3.57,901,829.0, , , , , , , ,718.4,717.49,100.0,200.0, , , ,, , , , , , , 
09:46:38,0.87,1.66,0.35,1.6,0.74,1.08,1.57,1.93,1.18,1.82,3.72,853,821.0,400.0,718.4,718.4,100.0,100.0, ,-2.44,718.4,717.49,100.0,400.0, ,2018-05-25 09:46:38,2018-05-25 09:46:38.650000,, , ,CANCELED, , ,2018-05-25 09:46:38.650000,2018-05-25 09:46:42.003000
09:46:41,0.75,1.63,0.23,1.44,0.17,0.92,1.64,1.19,1.09,1.82,3.04,789,814.0, , , , , , , ,718.5,718.4,100.0,400.0, , , ,, , , , , , , 
09:46:44,0.39,1.23,0.23,1.28,1.69,0.54,1.14,2.69,0.39,1.27,4.46,876,821.0, , , , , , , ,717.49,717.3,3800.0,100.0, , , ,, , , , , , , 
09:46:47,0.05,1.25,-0.02,1.37,1.76,0.16,1.16,2.7,0.01,1.21,4.3,977,844.0, , , , , , , ,717.49,717.2,900.0,100.0, , , ,, , , , , , , 
09:46:50,0.08,1.09,-0.23,1.09,1.2,0.23,1.08,2.12,0.25,1.09,3.5,1099,846.0, , , , , , , ,717.98,717.5,200.0,100.0, , , ,, , , , , , , 
09:46:53,0.14,0.87,-0.24,0.88,1.21,0.15,0.86,2.16,0.51,0.87,3.33,902,838.0, , , , , , , ,717.98,717.5,200.0,300.0, , , ,, , , , , , , 
09:46:56,0.28,1.08,-0.04,1.24,1.21,0.38,1.2,2.07,0.5,0.81,3.23,913,834.0, , , , , , , ,717.98,717.49,100.0,400.0, , , ,, , , , , , , 
09:46:59,0.03,0.91,-0.23,1.05,1.29,0.12,0.96,2.13,0.2,0.73,3.26,890,828.0, , , , , , , ,717.9,717.49,200.0,600.0, , , ,, , , , , , , 
09:47:02,0.04,0.7,-0.23,0.86,0.99,0.14,0.76,1.84,0.22,0.49,2.97,875,828.0, , , , , , , ,718.0,717.9,400.0,300.0, , , ,, , , , , , , 
09:47:05,0.12,0.84,-0.08,0.97,0.98,0.19,0.92,1.9,0.26,0.64,2.91,944,823.0, , , , , , , ,718.0,717.98,400.0,200.0, , , ,, , , , , , , 
09:47:08,0.15,0.86,-0.07,1.02,0.66,0.18,0.88,1.66,0.35,0.68,2.53,917,832.0, , , , , , , ,718.55,718.0,200.0,500.0, , , ,, , , , , , , 
09:47:11,-0.06,0.83,-0.24,0.88,0.76,-0.05,0.75,1.82,0.12,0.87,2.62,996,828.0, , , , , , , ,718.55,718.0,100.0,300.0, , , ,, , , , , , , 
09:47:14,0.13,0.77,-0.04,0.88,0.95,0.29,0.79,2.0,0.15,0.65,2.74,864,821.0, , , , , , , ,718.4,718.0,200.0,400.0, , , ,, , , , , , , 
09:47:17,0.15,0.79,-0.03,0.88,0.92,0.23,0.8,1.88,0.26,0.68,2.65,859,815.0, , , , , , , ,718.55,718.0,100.0,200.0, , , ,, , , , , , , 
09:47:20,0.23,0.82,0.03,0.9,0.54,0.25,0.77,1.44,0.4,0.79,2.21,762,809.0, , , , , , , ,718.6,718.55,900.0,100.0, , , ,, , , , , , , 
09:47:23,0.17,1.01,0.0,0.96,1.01,0.16,1.03,1.79,0.34,1.03,2.62,765,802.0, , , , , , , ,718.55,718.0,100.0,200.0, , , ,, , , , , , , 
09:47:26,0.27,0.97,0.02,1.03,1.13,0.4,0.92,1.81,0.4,0.96,2.67,739,794.0, , , , , , , ,718.5,718.01,100.0,100.0, , , ,, , , , , , , 
09:47:29,0.19,0.84,-0.03,0.83,1.25,0.27,0.89,1.9,0.33,0.79,2.75,766,787.0, , , , , , , ,718.5,718.0,100.0,200.0, , , ,, , , , , , , 
09:47:32,0.17,0.66,-0.02,0.65,1.38,0.25,0.8,1.9,0.27,0.52,2.69,630,780.0, , , , , , , ,718.5,718.01,500.0,700.0, , , ,, , , , , , , 
09:47:35,0.06,0.68,-0.07,0.64,1.09,0.09,0.8,1.61,0.15,0.6,2.27,636,777.0, , , , , , , ,718.55,718.5,100.0,300.0, , , ,, , , , , , , 
09:47:38,0.23,0.76,0.1,0.7,1.05,0.37,0.87,1.57,0.22,0.7,2.19,645,773.0, , , , , , , ,718.6,718.55,900.0,500.0, , , ,, , , , , , , 
09:47:41,0.2,0.77,0.08,0.65,1.01,0.34,0.86,1.57,0.17,0.81,2.14,628,767.0, , , , , , , ,718.6,718.55,700.0,700.0, , , ,, , , , , , , 
09:47:44,0.27,0.84,0.21,0.84,0.99,0.42,0.84,1.59,0.18,0.84,2.09,631,768.0, , , , , , , ,718.66,718.55,200.0,700.0, , , ,, , , , , , , 
09:47:47,0.21,0.87,0.21,0.8,0.85,0.19,0.79,1.54,0.23,1.02,1.96,657,769.0, , , , , , , ,718.78,718.55,400.0,300.0, , , ,, , , , , , , 
09:47:50,0.21,0.7,0.08,0.8,0.96,0.31,0.69,1.69,0.25,0.6,2.0,639,766.0, , , , , , , ,718.6,718.55,300.0,400.0, , , ,, , , , , , , 
09:47:53,0.13,0.67,0.03,0.71,0.99,0.2,0.71,1.74,0.17,0.6,1.92,663,759.0, , , , , , , ,718.59,718.55,100.0,400.0, , , ,, , , , , , , 
09:47:56,0.03,0.51,-0.09,0.48,0.83,0.02,0.51,1.75,0.16,0.53,1.78,644,759.0, , , , , , , ,718.66,718.59,2100.0,100.0, , , ,, , , , , , , 
09:47:59,-0.16,0.31,-0.18,0.35,0.82,-0.21,0.26,1.77,-0.07,0.31,1.58,691,755.0, , , , , , , ,718.66,718.6,1800.0,100.0, , , ,, , , , , , , 
09:48:02,0.1,0.57,0.01,0.59,0.86,0.12,0.49,1.75,0.16,0.62,1.14,943,768.0, , , , , , , ,718.7,718.6,100.0,200.0, , , ,, , , , , , , 
09:48:05,0.42,0.73,0.26,0.63,0.86,0.47,0.8,1.61,0.54,0.77,0.98,688,762.0, , , , , , , ,718.75,718.72,15.0,100.0, , , ,, , , , , , , 
09:48:08,0.47,0.67,0.26,0.65,1.0,0.44,0.7,1.52,0.7,0.66,0.77,758,767.0, , , , , , , ,718.77,718.73,100.0,85.0, , , ,, , , , , , , 
09:48:11,0.37,0.58,0.07,0.58,1.01,0.42,0.57,1.38,0.61,0.6,0.34,787,770.0, , , , , , , ,718.92,718.79,500.0,200.0, , , ,, , , , , , , 
09:48:14,0.49,0.56,0.21,0.62,0.95,0.55,0.54,1.24,0.71,0.51,0.14,798,774.0, , , , , , , ,718.98,718.92,300.0,600.0, , , ,, , , , , , , 
09:48:17,0.51,0.69,0.24,0.63,0.92,0.64,0.7,1.23,0.65,0.73,-0.41,752,773.0, , , , , , , ,718.99,718.94,500.0,100.0, , , ,, , , , , , , 
09:48:20,0.6,0.82,0.34,0.74,0.91,0.7,0.81,1.27,0.77,0.92,-0.75,813,770.0, , , , , , , ,718.99,718.94,100.0,400.0, , , ,, , , , , , , 
09:48:23,0.72,0.97,0.38,0.85,0.81,0.81,0.91,1.27,0.99,1.15,-0.88,841,787.0, , , , , , , ,719.0,718.96,500.0,200.0, , , ,, , , , , , , 
09:48:26,0.8,0.94,0.45,0.85,0.63,0.94,0.97,1.14,1.03,1.01,-0.96,857,785.0,400.0,719.19,0.0,0.0,100.0, , ,719.19,719.02,100.0,200.0, ,2018-05-25 09:48:26,2018-05-25 09:48:26.690000,, , ,CANCELED, , ,2018-05-25 09:48:26.690000,2018-05-25 09:48:30.233000
09:48:29,0.76,1.0,0.46,0.88,0.54,0.81,1.05,0.96,1.02,1.07,-1.11,827,780.0, , , , , , , ,719.25,719.19,100.0,500.0, , , ,, , , , , , , 
09:48:32,0.88,1.03,0.46,0.92,0.45,0.87,1.19,0.84,1.3,0.99,-1.11,792,777.0,300.0,719.34,719.34,300.0,400.0, ,-0.98,719.34,719.25,100.0,100.0, ,2018-05-25 09:48:32,2018-05-25 09:48:32.680000,, , ,FILLED, , ,2018-05-25 09:48:32.680000,2018-05-25 09:48:35.055000
09:48:35,0.79,1.03,0.39,0.94,0.45,0.83,1.24,0.73,1.16,0.9,-1.3,796,772.0, , , , , , , ,719.38,719.34,3000.0,200.0, , , ,, , , , , , , 
09:48:38,0.9,1.06,0.49,1.03,0.48,0.99,1.19,0.73,1.23,0.96,-1.48,858,768.0,600.0,719.38,719.38,600.0,1000.0, ,-1.08,719.38,719.34,2700.0,400.0, ,2018-05-25 09:48:38,2018-05-25 09:48:38.667000,, , ,FILLED, , ,2018-05-25 09:48:38.667000,2018-05-25 09:48:39.125000
09:48:41,0.89,1.15,0.48,1.02,0.55,0.99,1.38,0.94,1.19,1.06,-1.42,810,778.0, , , , , , , ,719.38,719.24,1700.0,100.0, , , ,, , , , , , , 
09:48:44,0.62,0.87,0.27,0.78,0.8,0.6,0.97,1.23,0.99,0.86,-1.23,1021,810.0, , , , , , , ,719.34,719.01,100.0,200.0, , , ,, , , , , , , 
09:48:47,0.32,0.55,0.18,0.69,0.46,0.42,0.59,0.97,0.37,0.36,-1.48,1030,810.0, , , , , , , ,719.5,719.38,100.0,500.0, , , ,, , , , , , , 
09:48:50,0.06,0.35,0.1,0.58,0.84,0.27,0.36,1.42,-0.19,0.13,-1.1,1163,818.0, , , , , , , ,719.38,719.01,400.0,100.0, , , ,, , , , , , , 
09:48:53,-0.3,0.22,-0.02,0.36,0.78,-0.23,0.29,1.33,-0.64,0.02,-1.17,1089,818.0, , , , , , , ,719.5,719.01,400.0,300.0, , , ,, , , , , , , 
09:48:56,-0.46,0.08,-0.22,0.19,0.88,-0.49,0.14,1.33,-0.66,-0.09,-1.23,977,813.0, , , , , , , ,719.5,719.01,500.0,300.0, , , ,, , , , , , , 
09:48:59,-0.55,-0.11,-0.34,-0.01,1.0,-0.59,-0.07,1.44,-0.72,-0.27,-0.96,923,809.0, , , , , , , ,719.35,719.01,100.0,300.0, , , ,, , , , , , , 
09:49:02,-0.54,-0.03,-0.4,0.07,0.98,-0.5,-0.04,1.42,-0.71,-0.12,-1.07,1130,806.0, , , , , , , ,719.38,719.02,200.0,200.0, , , ,, , , , , , , 
09:49:05,-0.53,-0.09,-0.41,-0.03,0.63,-0.55,-0.19,1.04,-0.65,-0.05,-1.5,870,801.0, , , , , , , ,719.48,719.4,100.0,100.0, , , ,, , , , , , , 
09:49:08,-0.53,-0.09,-0.47,-0.06,0.34,-0.61,-0.19,0.77,-0.5,-0.0,-1.81,864,798.0, , , , , , , ,719.7,719.5,100.0,100.0, , , ,, , , , , , , 
09:49:11,-0.54,-0.09,-0.49,-0.04,0.29,-0.57,-0.18,0.8,-0.55,-0.04,-2.09,959,795.0, , , , , , , ,719.77,719.5,100.0,200.0, , , ,, , , , , , , 
09:49:14,-0.46,0.01,-0.44,-0.02,0.27,-0.44,0.02,0.81,-0.51,0.01,-1.83,1054,790.0, , , , , , , ,719.79,719.5,100.0,200.0, , , ,, , , , , , , 
09:49:17,-0.44,0.06,-0.4,0.1,0.27,-0.5,0.05,0.84,-0.42,0.02,-1.7,860,785.0, , , , , , , ,719.8,719.5,1000.0,200.0, , , ,, , , , , , , 
09:49:20,-0.53,-0.09,-0.45,-0.08,0.41,-0.7,-0.08,1.0,-0.45,-0.13,-1.5,780,784.0, , , , , , , ,719.77,719.38,100.0,100.0, , , ,, , , , , , , 
09:49:23,-0.68,-0.29,-0.6,-0.23,0.43,-0.69,-0.38,0.95,-0.75,-0.27,-1.22,807,782.0,-1000.0,719.77,719.77,-100.0,900.0, ,-0.97,719.79,719.38,1300.0,100.0, ,2018-05-25 09:49:23,2018-05-25 09:49:23.783000,, , ,CANCELED, , ,2018-05-25 09:49:23.783000,2018-05-25 09:49:27.164000
09:49:26,-0.55,-0.14,-0.55,-0.16,0.67,-0.57,-0.16,1.11,-0.52,-0.09,-1.07,791,781.0, , , , , , , ,719.5,719.38,200.0,100.0, , , ,, , , , , , , 
09:49:29,-0.5,-0.12,-0.48,-0.1,0.37,-0.59,-0.19,0.97,-0.43,-0.08,-1.21,837,780.0, , , , , , , ,719.76,719.52,100.0,100.0, , , ,, , , , , , , 
09:49:32,-0.52,-0.11,-0.51,-0.14,0.18,-0.65,-0.11,0.91,-0.39,-0.1,-1.22,777,775.0, , , , , , , ,719.78,719.76,100.0,100.0, , , ,, , , , , , , 
09:49:35,-0.69,-0.35,-0.64,-0.24,0.39,-0.89,-0.42,1.26,-0.55,-0.39,-1.02,881,773.0,-900.0,719.69,719.69,-900.0,0.0,-419.32,-0.58,719.71,719.5,600.0,100.0, ,2018-05-25 09:49:35,2018-05-25 09:49:35.664000,, , ,FILLED,718914.4715511218,719333.79084433,2018-05-25 09:49:35.664000,2018-05-25 09:49:37.288000
09:49:38,-0.64,-0.16,-0.59,-0.17,0.25,-0.75,-0.2,1.27,-0.57,-0.12,-0.92,802,777.0, , , , , , , ,719.71,719.7,500.0,300.0, , , ,, , , , , , , 
09:49:41,-0.46,-0.0,-0.46,0.04,0.34,-0.7,-0.04,1.23,-0.23,-0.02,-0.69,789,778.0, , , , , , , ,719.75,719.73,100.0,200.0, , , ,, , , , , , , 
09:49:44,-0.28,0.08,-0.48,0.09,0.4,-0.57,0.04,1.14,0.19,0.1,-0.44,792,776.0, , , , , , , ,719.78,719.77,300.0,100.0, , , ,, , , , , , , 
09:49:47,-0.18,0.28,-0.33,0.37,0.49,-0.44,0.21,0.9,0.22,0.25,-0.08,897,796.0, , , , , , , ,719.79,719.78,200.0,200.0, , , ,, , , , , , , 
09:49:50,-0.13,0.27,-0.24,0.3,0.59,-0.37,0.22,0.66,0.21,0.31,0.08,890,796.0, , , , , , , ,719.8,719.76,1200.0,100.0, , , ,, , , , , , , 
09:49:53,-0.06,0.37,-0.09,0.46,0.52,-0.33,0.26,0.4,0.23,0.39,-0.03,908,801.0, , , , , , , ,719.87,719.81,300.0,400.0, , , ,, , , , , , , 
09:49:56,0.37,0.92,0.27,0.88,0.47,0.12,0.85,0.24,0.72,1.04,0.07,1135,845.0, , , , , , , ,719.88,719.87,300.0,1200.0, , , ,, , , , , , , 
09:49:59,0.95,1.6,0.66,1.72,0.23,1.07,1.49,-0.02,1.13,1.59,-0.14,2008,1022.0,600.0,720.1,720.1,600.0,600.0, ,-1.32,720.1,720.0,100.0,600.0, ,2018-05-25 09:49:59,2018-05-25 09:49:59.867000,, , ,FILLED, , ,2018-05-25 09:49:59.867000,2018-05-25 09:50:01.153000
09:50:02,0.38,0.9,0.29,0.84,0.52,0.35,1.02,0.33,0.49,0.85,0.16,2114,1046.0, , , , , , , ,719.88,719.81,2900.0,400.0, , , ,, , , , , , , 
09:50:05,0.07,0.62,0.14,0.6,0.47,0.08,0.71,0.32,0.0,0.55,0.26,2310,1097.0, , , , , , , ,719.88,719.81,1900.0,400.0, , , ,, , , , , , , 
09:50:08,-0.13,0.51,-0.23,0.32,0.43,-0.17,0.7,0.35,0.02,0.51,0.17,2349,1119.0, , , , , , , ,719.88,719.81,3800.0,300.0, , , ,, , , , , , , 
09:50:11,-0.37,0.33,-0.29,0.36,0.52,-0.59,0.37,0.44,-0.22,0.27,0.14,2606,1171.0, , , , , , , ,719.88,719.8,3100.0,1000.0, , , ,, , , , , , , 
09:50:14,-0.41,0.31,-0.39,0.3,0.54,-0.51,0.41,0.45,-0.33,0.22,-0.01,2720,1207.0, , , , , , , ,719.88,719.81,4300.0,400.0, , , ,, , , , , , , 
09:50:17,-0.44,0.18,-0.39,0.2,0.58,-0.59,0.23,0.46,-0.33,0.1,0.09,2944,1272.0, , , , , , , ,719.87,719.81,100.0,300.0, , , ,, , , , , , , 
09:50:20,-0.36,0.26,-0.37,0.21,0.6,-0.53,0.29,0.42,-0.17,0.27,0.14,3211,1347.0, , , , , , , ,719.88,719.84,100.0,100.0, , , ,, , , , , , , 
09:50:23,-0.22,0.34,-0.31,0.29,0.45,-0.3,0.41,0.3,-0.05,0.31,0.12,3119,1336.0, , , , , , , ,720.0,719.88,1000.0,300.0, , , ,, , , , , , , 
09:50:26,-0.43,0.24,-0.53,0.14,0.42,-0.44,0.3,0.33,-0.34,0.3,0.3,2972,1330.0, , , , , , , ,720.0,719.88,1900.0,300.0, , , ,, , , , , , , 
09:50:29,-0.45,0.17,-0.47,0.17,0.56,-0.53,0.1,0.4,-0.36,0.23,0.24,3034,1332.0, , , , , , , ,720.0,719.88,900.0,100.0, , , ,, , , , , , , 
09:50:32,-0.59,0.12,-0.51,0.11,0.86,-0.7,0.12,0.52,-0.55,0.14,0.38,2787,1328.0, , , , , , , ,719.81,719.8,500.0,1100.0, , , ,, , , , , , , 
09:50:35,-0.46,0.15,-0.52,0.13,0.84,-0.41,0.18,0.35,-0.45,0.13,0.23,2800,1329.0, , , , , , , ,720.0,719.8,800.0,1200.0, , , ,, , , , , , , 
09:50:38,-0.42,0.19,-0.43,0.14,0.99,-0.41,0.24,0.35,-0.42,0.18,0.17,2716,1328.0, , , , , , , ,720.0,719.8,1600.0,1300.0, , , ,, , , , , , , 
09:50:41,-0.42,0.1,-0.44,0.15,0.96,-0.4,0.05,0.24,-0.4,0.11,0.17,2638,1324.0, , , , , , , ,720.0,719.88,1100.0,100.0, , , ,, , , , , , , 
09:50:44,-0.39,0.21,-0.3,0.22,0.55,-0.45,0.16,-0.13,-0.43,0.24,-0.2,2538,1324.0, , , , , , , ,720.4,720.0,100.0,500.0, , , ,, , , , , , , 
09:50:47,-0.32,0.23,-0.33,0.3,0.3,-0.44,0.16,-0.19,-0.19,0.24,-0.28,2431,1317.0, , , , , , , ,720.42,720.0,100.0,200.0, , , ,, , , , , , , 
09:50:50,-0.26,0.36,-0.27,0.43,0.06,-0.49,0.33,-0.27,-0.03,0.32,-0.41,2478,1306.0, , , , , , , ,720.42,720.0,100.0,300.0, , , ,, , , , , , , 
09:50:53,-0.13,0.35,-0.13,0.44,-0.13,-0.36,0.28,-0.38,0.09,0.33,-0.65,2218,1294.0, , , , , , , ,720.43,720.01,100.0,200.0, , , ,, , , , , , , 
09:50:56,-0.11,0.52,-0.12,0.53,-0.23,-0.36,0.42,-0.43,0.14,0.62,-0.82,2099,1283.0, , , , , , , ,720.43,720.01,100.0,300.0, , , ,, , , , , , , 
09:50:59,-0.06,0.56,-0.03,0.61,-0.23,-0.35,0.34,-0.62,0.2,0.72,-0.96,2039,1275.0, , , , , , , ,720.4,720.01,100.0,300.0, , , ,, , , , , , , 
09:51:02,-0.14,0.55,-0.1,0.46,-0.17,-0.38,0.47,-1.03,0.06,0.73,-1.04,1952,1267.0, , , , , , , ,720.4,720.02,100.0,100.0, , , ,, , , , , , , 
09:51:05,-0.13,0.4,-0.1,0.36,-0.21,-0.33,0.4,-1.09,0.05,0.43,-1.1,1912,1263.0, , , , , , , ,720.45,720.0,100.0,600.0, , , ,, , , , , , , 
09:51:08,-0.12,0.43,-0.12,0.4,-0.01,-0.33,0.49,-1.1,0.1,0.41,-0.91,1969,1258.0, , , , , , , ,720.2,720.0,600.0,500.0, , , ,, , , , , , , 
09:51:11,-0.09,0.38,-0.12,0.42,0.08,-0.26,0.39,-1.39,0.1,0.33,-0.97,2075,1251.0, , , , , , , ,720.2,720.0,200.0,400.0, , , ,, , , , , , , 
09:51:14,-0.11,0.41,-0.17,0.34,-0.36,-0.18,0.49,-1.92,0.02,0.4,-1.5,1805,1253.0, , , , , , , ,720.48,720.38,100.0,300.0, , , ,, , , , , , , 
09:51:17,-0.16,0.23,-0.25,0.23,-0.18,-0.21,0.22,-2.27,-0.01,0.23,-1.38,1831,1250.0, , , , , , , ,720.4,720.2,900.0,100.0, , , ,, , , , , , , 
09:51:20,-0.2,0.2,-0.29,0.23,-0.06,-0.18,0.18,-2.47,-0.13,0.2,-1.36,1713,1244.0, , , , , , , ,720.4,720.0,400.0,600.0, , , ,, , , , , , , 
09:51:23,-0.14,0.25,-0.29,0.26,-0.12,-0.18,0.19,-2.63,0.04,0.29,-1.43,1674,1248.0, , , , , , , ,720.5,720.0,700.0,300.0, , , ,, , , , , , , 
09:51:26,-0.18,0.22,-0.31,0.19,-0.17,-0.2,0.2,-2.62,-0.04,0.28,-1.49,1638,1243.0, , , , , , , ,720.5,720.1,700.0,100.0, , , ,, , , , , , , 
09:51:29,-0.16,0.24,-0.3,0.3,0.01,-0.17,0.18,-2.5,-0.02,0.22,-1.38,1614,1240.0, , , , , , , ,720.4,720.03,100.0,100.0, , , ,, , , , , , , 
09:51:32,-0.03,0.46,-0.18,0.47,-0.56,-0.04,0.41,-2.92,0.14,0.5,-1.93,1563,1236.0, , , , , , , ,720.68,720.5,500.0,1400.0, , , ,, , , , , , , 
09:51:35,0.19,0.52,-0.03,0.54,-0.6,0.13,0.43,-3.0,0.47,0.59,-1.83,1515,1226.0, , , , , , , ,720.68,720.5,500.0,1500.0, , , ,, , , , , , , 
09:51:38,0.24,0.64,0.13,0.71,-0.68,0.26,0.64,-3.26,0.32,0.58,-1.8,1484,1222.0, , , , , , , ,720.79,720.5,200.0,1900.0, , , ,, , , , , , , 
09:51:41,0.33,0.64,0.21,0.75,-0.74,0.36,0.68,-3.27,0.42,0.5,-1.85,1415,1213.0, , , , , , , ,720.79,720.5,200.0,2000.0, , , ,, , , , , , , 
09:51:44,0.37,0.78,0.27,0.76,-0.74,0.36,0.92,-3.27,0.49,0.65,-1.73,1354,1202.0, , , , , , , ,720.79,720.5,100.0,2100.0, , , ,, , , , , , , 
09:51:47,-0.06,0.41,-0.24,0.34,-0.51,0.01,0.47,-2.85,0.05,0.42,-1.47,1467,1219.0, , , , , , , ,720.47,720.4,1100.0,300.0, , , ,, , , , , , , 
09:51:50,-0.31,0.26,-0.48,0.19,0.03,-0.18,0.32,-2.21,-0.27,0.27,-0.84,1466,1222.0, , , , , , , ,720.0,719.98,100.0,200.0, , , ,, , , , , , , 
09:51:53,-0.36,0.23,-0.58,0.25,0.01,-0.21,0.25,-2.12,-0.28,0.18,-0.6,1420,1213.0, , , , , , , ,720.0,719.88,200.0,1600.0, , , ,, , , , , , , 
09:51:56,-0.53,0.03,-0.73,-0.04,-0.33,-0.52,-0.0,-2.45,-0.35,0.13,-0.87,1369,1204.0, , , , , , , ,720.4,719.88,500.0,1700.0, , , ,, , , , , , , 
09:51:59,-0.75,-0.16,-0.92,-0.17,-0.53,-0.68,-0.2,-2.29,-0.65,-0.11,-0.81,1310,1199.0, , , , , , , ,720.39,719.88,100.0,1100.0, , , ,, , , , , , , 
09:52:02,-0.64,-0.09,-0.81,-0.01,-0.66,-0.61,-0.11,-2.1,-0.51,-0.14,-0.42,1278,1188.0, , , , , , , ,720.0,719.88,300.0,1200.0, , , ,, , , , , , , 
09:52:05,-0.74,-0.07,-0.87,-0.08,-0.94,-0.75,-0.06,-2.44,-0.6,-0.08,-0.54,1285,1180.0, , , , , , , ,720.35,719.88,100.0,1200.0, , , ,, , , , , , , 
09:52:08,-0.75,-0.12,-0.85,-0.11,-1.12,-0.72,-0.11,-2.52,-0.68,-0.15,-0.39,1253,1178.0, , , , , , , ,720.35,719.88,100.0,900.0, , , ,, , , , , , , 
09:52:11,-0.62,-0.11,-0.69,-0.1,-1.52,-0.65,-0.11,-2.88,-0.51,-0.11,-0.35,1212,1174.0, , , , , , , ,720.4,720.0,600.0,800.0, , , ,, , , , , , , 
09:52:14,-0.5,0.03,-0.51,-0.03,-1.6,-0.65,0.01,-2.59,-0.33,0.11,-0.34,1351,1167.0, , , , , , , ,720.4,720.0,400.0,800.0, , , ,, , , , , , , 
09:52:17,-0.54,0.07,-0.56,-0.1,-2.06,-0.68,0.12,-2.38,-0.37,0.19,-0.22,1144,1157.0, , , , , , , ,720.3,720.0,200.0,600.0, , , ,, , , , , , , 
09:52:20,-0.63,-0.04,-0.67,-0.13,-2.4,-0.69,0.04,-2.29,-0.52,-0.03,-0.2,1140,1147.0, , , , , , , ,720.3,720.0,200.0,600.0, , , ,, , , , , , , 
09:52:23,-0.53,-0.01,-0.58,-0.0,-2.5,-0.57,0.04,-2.0,-0.43,-0.05,-0.13,1409,1140.0, , , , , , , ,720.3,720.0,100.0,400.0, , , ,, , , , , , , 
09:52:26,-0.45,0.1,-0.55,-0.03,-2.47,-0.56,0.07,-2.12,-0.24,0.26,-0.06,2396,1135.0, , , , , , , ,720.39,720.01,100.0,100.0, , , ,, , , , , , , 
09:52:29,-0.42,0.15,-0.48,0.04,-2.46,-0.48,0.16,-1.98,-0.3,0.24,0.07,1125,1125.0, , , , , , , ,720.39,720.0,100.0,500.0, , , ,, , , , , , , 
09:52:32,-0.43,0.13,-0.51,0.04,-2.58,-0.49,0.11,-2.01,-0.28,0.25,-0.03,1301,1118.0, , , , , , , ,720.39,720.3,500.0,300.0, , , ,, , , , , , , 
09:52:35,-0.52,0.02,-0.51,-0.02,-2.17,-0.56,0.05,-1.56,-0.48,0.02,0.53,1106,1123.0, , , , , , , ,720.0,719.98,900.0,300.0, , , ,, , , , , , , 
09:52:38,-0.48,0.06,-0.53,-0.08,-2.48,-0.51,0.07,-1.45,-0.41,0.18,0.43,1341,1123.0, , , , , , , ,720.19,719.98,100.0,300.0, , , ,, , , , , , , 
09:52:41,-0.41,0.13,-0.5,-0.03,-2.64,-0.51,0.18,-1.31,-0.21,0.25,0.34,1214,1122.0, , , , , , , ,720.4,719.98,600.0,100.0, , , ,, , , , , , , 
09:52:44,-0.34,0.17,-0.43,0.06,-2.64,-0.48,0.12,-1.02,-0.12,0.33,0.43,1391,1113.0, , , , , , , ,720.4,719.98,600.0,200.0, , , ,, , , , , , , 
09:52:47,-0.38,0.07,-0.41,0.05,-2.21,-0.49,0.02,-0.34,-0.22,0.14,0.86,1426,1105.0, , , , , , , ,720.0,719.93,3100.0,100.0, , , ,, , , , , , , 
09:52:50,-0.5,-0.01,-0.64,-0.12,-2.15,-0.53,0.0,-0.15,-0.32,0.07,0.99,733,1101.0, , , , , , , ,720.0,719.89,3100.0,100.0, , , ,, , , , , , , 
09:52:53,-0.54,-0.03,-0.62,-0.2,-2.12,-0.54,0.04,-0.17,-0.45,0.07,1.06,755,1093.0, , , , , , , ,720.0,719.88,3000.0,800.0, , , ,, , , , , , , 
09:52:56,-0.54,-0.05,-0.71,-0.15,-2.17,-0.52,-0.1,-0.01,-0.4,0.09,1.11,819,1089.0, , , , , , , ,720.0,719.88,2953.0,300.0, , , ,, , , , , , , 
09:52:59,-0.66,-0.17,-0.76,-0.21,-1.81,-0.67,-0.22,0.21,-0.54,-0.09,1.34,812,1093.0,-600.0,719.79,719.79,-300.0,300.0, ,-1.61,719.8,719.79,100.0,200.0, ,2018-05-25 09:52:59,2018-05-25 09:52:59.647000,, , ,CANCELED, , ,2018-05-25 09:52:59.647000,2018-05-25 09:53:03.398000
09:53:02,-0.74,-0.1,-0.9,-0.13,-1.3,-0.74,-0.19,0.84,-0.57,0.03,1.97,870,1093.0, , , , , , , ,719.79,718.93,300.0,100.0, , , ,, , , , , , , 
09:53:05,-0.36,0.31,-0.59,0.23,-0.56,-0.33,0.57,1.75,-0.16,0.14,2.84,851,1089.0, , , , , , , ,718.93,718.61,100.0,100.0, , , ,, , , , , , , 
09:53:08,-0.86,0.08,-1.24,-0.08,-2.15,-0.8,0.15,0.18,-0.53,0.17,1.38,815,1083.0, , , , , , , ,719.88,719.8,1100.0,100.0, , , ,, , , , , , , 
09:53:11,-0.92,-0.1,-1.07,-0.19,-1.55,-0.9,-0.06,0.96,-0.79,-0.06,2.25,835,1077.0, , , , , , , ,719.88,718.61,1100.0,100.0, , , ,, , , , , , , 
09:53:14,-0.44,0.32,-0.65,0.37,-0.32,-0.45,0.44,1.79,-0.22,0.14,3.27,755,1068.0, , , , , , , ,718.61,718.5,100.0,300.0, , , ,, , , , , , , 
09:53:17,-0.11,0.56,-0.24,0.49,-0.17,-0.17,0.83,1.88,0.08,0.36,3.3,701,1059.0, , , , , , , ,718.61,718.5,100.0,200.0, , , ,, , , , , , , 
09:53:20,-0.32,0.53,-0.61,0.33,0.25,-0.3,0.71,2.29,-0.05,0.54,3.69,678,1051.0, , , , , , , ,718.62,718.02,400.0,100.0, , , ,, , , , , , , 
09:53:23,-0.07,0.6,-0.17,0.49,0.61,-0.16,1.01,2.44,0.13,0.3,3.78,672,1043.0, , , , , , , ,718.5,718.03,100.0,100.0, , , ,, , , , , , , 
09:53:26,-0.05,0.78,-0.07,0.55,0.56,-0.11,1.16,2.64,0.02,0.62,3.82,677,1035.0, , , , , , , ,718.5,718.03,100.0,100.0, , , ,, , , , , , , 
09:53:29,-0.37,0.62,-0.57,0.45,-0.05,-0.36,1.01,1.81,-0.2,0.4,3.13,663,1028.0, , , , , , , ,719.6,718.02,100.0,100.0, , , ,, , , , , , , 
09:53:32,-0.28,0.63,-0.42,0.56,0.79,-0.27,0.84,2.44,-0.15,0.49,3.93,675,1020.0, , , , , , , ,718.61,718.05,900.0,100.0, , , ,, , , , , , , 
09:53:35,-0.16,0.58,-0.13,0.5,0.44,-0.12,0.83,2.09,-0.23,0.4,3.75,644,1011.0, , , , , , , ,718.61,718.5,900.0,400.0, , , ,, , , , , , , 
09:53:38,-0.22,0.7,-0.28,0.55,1.45,-0.19,0.85,2.81,-0.2,0.71,4.64,696,1020.0, , , , , , , ,718.01,718.0,900.0,500.0, , , ,, , , , , , , 
09:53:41,-0.01,0.76,0.04,0.65,1.31,0.01,0.98,2.46,-0.1,0.65,4.33,791,1021.0, , , , , , , ,718.5,718.1,2000.0,4200.0, , , ,, , , , , , , 
09:53:44,0.22,0.87,0.13,0.85,1.61,0.47,0.95,2.45,0.04,0.82,4.36,728,1013.0, , , , , , , ,718.5,718.1,1900.0,4100.0, , , ,, , , , , , , 
09:53:47,0.13,0.87,-0.03,0.9,1.62,0.39,0.95,2.03,0.04,0.76,4.04,776,1025.0, , , , , , , ,718.61,718.5,600.0,100.0, , , ,, , , , , , , 
09:53:50,0.19,1.1,0.09,1.05,2.06,0.48,1.08,2.16,0.01,1.15,4.33,834,1018.0, , , , , , , ,718.61,718.1,600.0,4000.0, , , ,, , , , , , , 
09:53:53,0.33,1.16,0.23,1.11,2.0,0.62,1.22,1.91,0.15,1.16,4.29,738,1010.0, , , , , , , ,718.61,718.15,500.0,1500.0, , , ,, , , , , , , 
09:53:56,0.27,1.08,0.24,1.04,2.16,0.44,1.04,1.73,0.13,1.15,4.38,741,1004.0, , , , , , , ,718.61,718.15,400.0,1200.0, , , ,, , , , , , , 
09:53:59,0.34,1.17,0.36,1.05,2.17,0.49,1.23,1.58,0.19,1.23,4.47,707,995.0, , , , , , , ,718.61,718.15,300.0,1200.0, , , ,, , , , , , , 
09:54:02,0.32,1.22,0.29,0.97,1.6,0.47,1.31,0.92,0.21,1.39,3.94,645,988.0, , , , , , , ,719.0,718.61,200.0,200.0, , , ,, , , , , , , 
09:54:05,0.38,1.21,0.26,0.94,2.64,0.57,1.32,1.81,0.32,1.37,4.96,844,1014.0, , , , , , , ,718.15,718.11,1200.0,600.0, , , ,, , , , , , , 
09:54:08,0.38,1.14,0.36,0.99,2.56,0.56,1.16,1.83,0.21,1.26,5.04,808,1012.0, , , , , , , ,718.15,718.11,400.0,600.0, , , ,, , , , , , , 
09:54:11,0.36,1.13,0.3,0.98,2.52,0.58,1.2,1.77,0.18,1.22,5.1,848,1020.0, , , , , , , ,718.15,718.11,573.0,600.0, , , ,, , , , , , , 
09:54:14,0.29,1.1,0.28,0.94,2.38,0.47,1.09,1.69,0.13,1.26,5.17,1046,1014.0, , , , , , , ,718.15,718.11,273.0,800.0, , , ,, , , , , , , 
09:54:17,0.1,0.88,0.06,0.79,1.35,0.2,0.91,0.53,0.05,0.94,4.13,904,1007.0, , , , , , , ,719.36,718.5,1400.0,100.0, , , ,, , , , , , , 
09:54:20,-0.11,0.84,-0.12,0.72,1.98,-0.21,0.81,0.94,-0.0,0.99,4.67,777,998.0, , , , , , , ,718.58,718.5,1000.0,200.0, , , ,, , , , , , , 
09:54:23,0.05,0.87,0.05,0.81,2.27,0.09,0.8,1.16,0.01,0.98,4.83,833,1006.0, , , , , , , ,718.58,718.2,100.0,1227.0, , , ,, , , , , , , 
09:54:26,-0.09,0.98,-0.07,0.85,1.66,-0.21,0.98,0.36,0.0,1.09,4.0,837,998.0, , , , , , , ,719.36,718.58,1300.0,700.0, , , ,, , , , , , , 
09:54:29,0.01,0.98,-0.11,0.88,1.84,-0.06,0.96,0.59,0.21,1.1,4.26,754,988.0, , , , , , , ,719.0,718.58,200.0,900.0, , , ,, , , , , , , 
09:54:32,0.11,1.27,0.14,1.14,1.58,-0.09,1.18,0.36,0.29,1.5,3.9,759,981.0, , , , , , , ,719.3,718.58,100.0,900.0, , , ,, , , , , , , 
09:54:35,0.18,1.13,0.06,0.98,1.65,0.16,0.92,0.55,0.32,1.48,3.7,808,978.0, , , , , , , ,719.16,718.58,100.0,300.0, , , ,, , , , , , , 
09:54:38,-0.05,1.04,-0.07,0.76,1.59,-0.21,0.91,0.65,0.12,1.46,3.37,757,968.0, , , , , , , ,719.16,718.6,100.0,300.0, , , ,, , , , , , , 
09:54:41,-0.01,1.01,-0.07,0.63,0.82,-0.1,0.98,-0.23,0.13,1.41,2.17,776,973.0, , , , , , , ,719.6,719.36,100.0,200.0, , , ,, , , , , , , 
09:54:44,0.04,1.28,-0.15,0.68,0.44,-0.12,1.36,-0.47,0.4,1.79,1.6,774,974.0, , , , , , , ,719.88,719.6,100.0,200.0, , , ,, , , , , , , 
09:54:47,0.16,1.25,0.09,0.69,0.38,0.03,1.26,-0.51,0.38,1.81,1.59,780,972.0, , , , , , , ,719.88,719.6,100.0,100.0, , , ,, , , , , , , 
09:54:50,0.18,1.1,0.16,0.37,-0.03,-0.11,1.14,-0.76,0.47,1.8,1.33,782,966.0, , , , , , , ,719.98,719.88,100.0,100.0, , , ,, , , , , , , 
09:54:53,-0.01,0.88,-0.05,0.23,-0.25,-0.16,0.91,-0.59,0.19,1.49,1.33,763,956.0, , , , , , , ,719.98,719.88,200.0,100.0, , , ,, , , , , , , 
09:54:56,-0.17,0.87,-0.21,0.63,-0.05,-0.18,0.62,-0.22,-0.11,1.36,1.81,691,946.0, , , , , , , ,719.98,719.36,200.0,100.0, , , ,, , , , , , , 
09:54:59,-0.15,0.88,-0.15,0.64,-0.94,-0.1,0.69,-0.89,-0.19,1.3,1.19,760,952.0, , , , , , , ,720.38,720.0,200.0,500.0, , , ,, , , , , , , 
09:55:02,0.04,0.89,-0.05,0.37,-0.74,-0.03,0.86,-0.49,0.2,1.44,1.57,844,947.0, , , , , , , ,720.0,719.98,400.0,400.0, , , ,, , , , , , , 
09:55:05,-0.02,0.76,-0.21,0.67,-0.78,-0.06,0.49,-0.37,0.22,1.11,1.65,799,944.0, , , , , , , ,720.0,719.98,200.0,100.0, , , ,, , , , , , , 
09:55:08,-0.12,0.65,-0.22,0.26,-0.69,-0.24,0.56,-0.16,0.11,1.13,1.68,766,937.0, , , , , , , ,720.0,719.9,400.0,100.0, , , ,, , , , , , , 
09:55:11,-0.24,0.46,-0.32,0.25,-0.76,-0.36,0.36,-0.0,-0.04,0.78,1.66,691,932.0, , , , , , , ,720.0,719.9,700.0,100.0, , , ,, , , , , , , 
09:55:14,-0.4,0.32,-0.41,0.18,-0.73,-0.59,0.26,0.12,-0.21,0.52,1.68,699,929.0, , , , , , , ,719.9,719.84,200.0,100.0, , , ,, , , , , , , 
09:55:17,-0.31,0.41,-0.36,0.54,-0.41,-0.39,0.24,0.54,-0.17,0.44,1.96,725,925.0, , , , , , , ,719.9,719.3,100.0,200.0, , , ,, , , , , , , 
09:55:20,-0.36,0.33,-0.51,0.08,-1.35,-0.52,0.19,-0.26,-0.04,0.71,1.06,878,959.0, , , , , , , ,720.38,720.0,200.0,400.0, , , ,, , , , , , , 
09:55:23,-0.53,0.14,-0.61,-0.03,-1.34,-0.84,0.06,-0.19,-0.14,0.39,0.95,890,953.0, , , , , , , ,720.38,720.0,200.0,400.0, , , ,, , , , , , , 
09:55:26,-0.57,0.06,-0.59,-0.18,-1.23,-0.71,0.01,0.06,-0.42,0.34,1.02,952,951.0, , , , , , , ,720.23,720.0,100.0,300.0, , , ,, , , , , , , 
09:55:29,-0.6,0.09,-0.68,-0.15,-1.29,-0.72,0.04,0.14,-0.39,0.38,0.89,889,943.0, , , , , , , ,720.3,720.0,500.0,200.0, , , ,, , , , , , , 
09:55:32,-0.62,0.12,-0.61,-0.21,-1.1,-0.71,0.05,0.47,-0.55,0.52,1.02,828,936.0, , , , , , , ,720.0,719.99,100.0,200.0, , , ,, , , , , , , 
09:55:35,-0.63,0.13,-0.62,-0.06,-1.08,-0.7,0.05,0.45,-0.55,0.39,0.83,787,929.0, , , , , , , ,720.1,720.0,100.0,100.0, , , ,, , , , , , , 
09:55:38,-0.52,0.11,-0.6,-0.15,-0.97,-0.62,0.1,0.48,-0.34,0.39,0.7,767,923.0, , , , , , , ,720.1,720.0,100.0,200.0, , , ,, , , , , , , 
09:55:41,-0.68,0.03,-0.77,-0.16,-0.96,-0.73,0.01,0.59,-0.55,0.23,0.7,736,919.0, , , , , , , ,720.01,720.0,100.0,100.0, , , ,, , , , , , , 
09:55:44,-0.62,0.05,-0.62,-0.17,-1.04,-0.65,0.02,0.48,-0.6,0.31,0.45,744,918.0, , , , , , , ,720.3,720.0,500.0,200.0, , , ,, , , , , , , 
09:55:47,-0.55,0.07,-0.53,0.02,-0.91,-0.64,0.0,0.78,-0.46,0.19,0.61,749,915.0, , , , , , , ,720.06,719.99,100.0,100.0, , , ,, , , , , , , 
09:55:50,-0.68,-0.08,-0.7,-0.1,-0.67,-0.73,-0.09,1.1,-0.62,-0.04,0.85,732,909.0, , , , , , , ,719.89,719.84,300.0,100.0, , , ,, , , , , , , 
09:55:53,-0.53,0.04,-0.56,0.04,-0.12,-0.55,0.03,1.54,-0.47,0.05,1.24,703,902.0, , , , , , , ,719.89,719.3,300.0,200.0, , , ,, , , , , , , 
09:55:56,-0.6,0.05,-0.66,0.01,-0.02,-0.63,0.0,1.68,-0.51,0.12,1.35,695,896.0, , , , , , , ,719.89,719.17,700.0,100.0, , , ,, , , , , , , 
09:55:59,-0.78,0.04,-0.72,0.13,0.04,-0.68,-0.05,1.71,-0.94,0.05,1.39,668,889.0, , , , , , , ,719.89,719.16,1000.0,100.0, , , ,, , , , , , , 
09:56:02,-0.73,-0.02,-0.87,-0.02,0.33,-0.57,-0.13,1.92,-0.74,0.08,1.63,632,880.0, , , , , , , ,719.5,719.3,500.0,95.0, , , ,, , , , , , , 
09:56:05,-0.69,0.05,-0.67,0.01,0.45,-0.68,-0.02,1.97,-0.73,0.17,1.69,744,871.0, , , , , , , ,719.5,719.3,800.0,295.0, , , ,, , , , , , , 
09:56:08,-0.79,0.11,-0.75,0.15,0.6,-0.81,-0.03,1.98,-0.8,0.2,1.67,665,865.0, , , , , , , ,719.5,719.3,500.0,295.0, , , ,, , , , , , , 
09:56:11,-0.76,0.17,-0.76,0.13,0.49,-0.57,0.08,1.76,-0.94,0.29,1.46,603,863.0, , , , , , , ,719.89,719.3,900.0,295.0, , , ,, , , , , , , 
09:56:14,-0.57,0.25,-0.46,0.24,1.01,-0.48,0.2,2.32,-0.76,0.3,1.98,751,858.0, , , , , , , ,719.3,719.16,705.0,100.0, , , ,, , , , , , , 
09:56:17,-0.44,0.27,-0.27,0.26,1.15,-0.38,0.28,2.46,-0.66,0.26,2.12,602,855.0, , , , , , , ,719.3,719.02,205.0,300.0, , , ,, , , , , , , 
09:56:20,-0.43,0.25,-0.41,0.23,1.06,-0.47,0.19,2.4,-0.42,0.34,2.12,580,848.0, , , , , , , ,719.3,719.18,105.0,100.0, , , ,, , , , , , , 
09:56:23,-0.6,0.19,-0.43,0.22,1.13,-0.56,0.08,2.42,-0.8,0.27,2.15,606,847.0, , , , , , , ,719.3,719.18,405.0,100.0, , , ,, , , , , , , 
09:56:26,-0.5,0.19,-0.48,0.19,1.27,-0.43,0.08,2.46,-0.6,0.29,2.18,563,840.0, , , , , , , ,719.3,719.18,1305.0,100.0, , , ,, , , , , , , 
09:56:29,-0.47,0.26,-0.37,0.25,1.46,-0.42,0.21,2.58,-0.62,0.33,2.2,585,838.0, , , , , , , ,719.3,719.1,805.0,100.0, , , ,, , , , , , , 
09:56:32,-0.44,0.33,-0.39,0.25,1.57,-0.44,0.25,2.71,-0.5,0.49,2.17,855,838.0, , , , , , , ,719.3,719.1,605.0,200.0, , , ,, , , , , , , 
09:56:35,-0.27,0.41,-0.26,0.38,1.67,-0.16,0.33,2.89,-0.39,0.52,2.2,616,833.0, , , , , , , ,719.3,719.03,505.0,500.0, , , ,, , , , , , , 
09:56:38,-0.15,0.7,-0.27,0.54,1.23,-0.0,0.61,2.54,-0.17,0.94,1.69,772,846.0, , , , , , , ,719.99,719.03,905.0,500.0, , , ,, , , , , , , 
09:56:41,-0.09,0.71,-0.18,0.55,1.28,0.07,0.69,2.63,-0.17,0.9,1.7,671,846.0, , , , , , , ,719.99,719.03,1005.0,500.0, , , ,, , , , , , , 
09:56:44,0.07,0.8,0.03,0.7,1.99,0.22,0.72,3.29,-0.03,0.97,2.32,648,841.0, , , , , , , ,719.1,719.03,100.0,600.0, , , ,, , , , , , , 
09:56:47,0.13,0.83,-0.04,0.66,1.5,0.26,0.75,2.71,0.17,1.09,1.77,613,834.0, , , , , , , ,719.99,719.03,1005.0,790.0, , , ,, , , , , , , 
09:56:50,-0.14,0.67,-0.14,0.42,1.72,-0.03,0.63,2.85,-0.25,0.97,1.94,718,826.0, , , , , , , ,719.8,719.03,100.0,790.0, , , ,, , , , , , , 
09:56:53,-0.18,0.64,-0.22,0.49,1.6,-0.06,0.6,2.67,-0.27,0.85,1.81,574,820.0, , , , , , , ,719.8,719.3,100.0,500.0, , , ,, , , , , , , 
09:56:56,0.01,0.68,-0.23,0.42,1.65,0.04,0.65,2.75,0.2,0.97,1.88,540,813.0, , , , , , , ,719.8,719.3,100.0,600.0, , , ,, , , , , , , 
09:56:59,-0.2,0.62,-0.26,0.47,1.68,-0.1,0.55,2.84,-0.24,0.84,1.84,541,805.0, , , , , , , ,719.8,719.3,100.0,600.0, , , ,, , , , , , , 
09:57:02,-0.31,0.54,-0.45,0.4,1.71,-0.09,0.4,2.9,-0.38,0.82,1.87,555,798.0, , , , , , , ,719.8,719.3,300.0,600.0, , , ,, , , , , , , 
09:57:05,-0.09,0.56,-0.35,0.42,1.27,0.05,0.37,2.49,0.03,0.9,1.39,646,824.0, , , , , , , ,720.0,719.8,2205.0,100.0, , , ,, , , , , , , 
09:57:08,0.25,0.92,-0.22,0.59,1.29,0.26,0.79,2.56,0.71,1.38,1.4,746,818.0, , , , , , , ,720.0,719.8,2105.0,200.0, , , ,, , , , , , , 
09:57:11,0.3,0.97,-0.08,0.6,1.21,0.29,0.84,2.5,0.7,1.47,1.23,703,814.0, , , , , , , ,720.0,719.99,2105.0,100.0, , , ,, , , , , , , 
09:57:14,0.51,1.0,-0.04,0.57,1.26,0.45,0.76,2.57,1.12,1.67,1.2,649,806.0, , , , , , , ,720.0,719.99,2005.0,300.0, , , ,, , , , , , , 
09:57:17,0.44,0.94,-0.09,0.66,1.38,0.54,0.77,2.73,0.88,1.4,1.28,621,804.0, , , , , , , ,720.0,719.87,2005.0,400.0, , , ,, , , , , , , 
09:57:20,0.54,1.09,0.14,0.79,1.29,0.61,0.97,2.6,0.85,1.52,1.14,669,817.0, , , , , , , ,720.06,720.0,100.0,3995.0, , , ,, , , , , , , 
09:57:23,0.98,1.37,0.47,0.94,1.27,1.05,1.36,2.49,1.41,1.81,1.21,661,813.0,300.0,720.12,720.12,300.0,600.0, ,-1.41,720.12,720.01,100.0,400.0, ,2018-05-25 09:57:23,2018-05-25 09:57:23.814000,, , ,FILLED, , ,2018-05-25 09:57:23.814000,2018-05-25 09:57:27.090000
09:57:26,0.96,1.47,0.44,0.96,1.13,1.13,1.47,2.29,1.32,1.97,1.2,798,815.0, , , , , , , ,720.38,720.01,200.0,400.0, , , ,, , , , , , , 
09:57:29,0.92,1.31,0.42,0.97,1.0,0.97,1.23,2.09,1.37,1.72,1.14,697,809.0, , , , , , , ,720.38,720.3,100.0,100.0, , , ,, , , , , , , 
09:57:32,0.92,1.43,0.42,0.97,1.06,0.97,1.42,1.87,1.36,1.9,1.25,699,806.0, , , , , , , ,720.4,720.38,300.0,200.0, , , ,, , , , , , , 
09:57:35,0.91,1.43,0.53,1.02,1.19,0.91,1.29,1.58,1.29,2.0,1.36,644,799.0, , , , , , , ,720.4,720.38,300.0,100.0, , , ,, , , , , , , 
09:57:38,0.88,1.35,0.53,0.93,1.36,1.03,1.24,1.32,1.1,1.88,1.54,637,792.0, , , , , , , ,720.4,720.31,300.0,500.0, , , ,, , , , , , , 
09:57:41,0.95,1.42,0.64,1.02,1.32,1.1,1.49,0.82,1.11,1.74,1.49,685,796.0, , , , , , , ,720.5,720.4,200.0,100.0, , , ,, , , , , , , 
09:57:44,1.2,1.49,0.75,0.97,1.23,1.29,1.6,0.48,1.55,1.9,1.44,673,793.0,300.0,720.61,720.573,300.0,900.0, ,-1.06,720.61,720.48,100.0,100.0, ,2018-05-25 09:57:44,2018-05-25 09:57:44.679000,, , ,FILLED, , ,2018-05-25 09:57:44.679000,2018-05-25 09:57:47.251000
09:57:47,1.01,1.44,0.65,1.01,1.14,0.95,1.59,0.35,1.43,1.74,1.39,952,788.0, , , , , , , ,720.66,720.61,100.0,100.0, , , ,, , , , , , , 
09:57:50,0.83,1.33,0.39,0.85,1.04,0.75,1.28,0.23,1.36,1.87,1.29,619,782.0, , , , , , , ,720.78,720.66,100.0,200.0, , , ,, , , , , , , 
09:57:53,0.9,1.33,0.45,1.0,1.04,0.87,1.32,0.23,1.36,1.67,1.3,624,774.0, , , , , , , ,720.78,720.66,100.0,700.0, , , ,, , , , , , , 
09:57:56,0.87,1.36,0.42,0.95,1.11,0.86,1.35,0.33,1.34,1.77,1.34,567,769.0, , , , , , , ,720.8,720.66,1100.0,800.0, , , ,, , , , , , , 
09:57:59,0.83,1.31,0.46,1.03,1.11,0.86,1.43,0.36,1.16,1.47,1.3,544,761.0, , , , , , , ,720.8,720.78,1100.0,100.0, , , ,, , , , , , , 
09:58:02,0.64,1.25,0.31,0.89,1.18,0.68,1.41,0.46,0.94,1.44,1.37,581,765.0, , , , , , , ,720.8,720.78,600.0,400.0, , , ,, , , , , , , 
09:58:05,0.48,0.96,0.23,0.8,1.25,0.59,1.13,0.54,0.63,0.94,1.44,605,765.0, , , , , , , ,720.8,720.78,200.0,300.0, , , ,, , , , , , , 
09:58:08,0.5,0.97,0.28,0.77,1.19,0.55,1.13,0.38,0.68,1.0,1.29,625,763.0, , , , , , , ,720.9,720.88,200.0,100.0, , , ,, , , , , , , 
09:58:11,0.69,1.05,0.45,0.94,1.3,0.81,1.31,0.41,0.82,0.92,1.37,632,757.0, , , , , , , ,720.9,720.8,200.0,4200.0, , , ,, , , , , , , 
09:58:14,0.7,1.06,0.43,0.87,1.28,0.92,1.3,0.21,0.73,1.02,1.21,625,756.0, , , , , , , ,720.94,720.9,500.0,100.0, , , ,, , , , , , , 
09:58:17,0.72,1.08,0.51,0.93,1.33,0.96,1.41,0.09,0.7,0.92,1.16,671,767.0, , , , , , , ,720.99,720.9,165.0,100.0, , , ,, , , , , , , 
09:58:20,0.91,1.14,0.63,0.85,1.25,1.03,1.48,-0.06,1.07,1.08,1.06,648,762.0, , , , , , , ,721.0,720.99,5700.0,435.0, , , ,, , , , , , , 
09:58:23,1.02,1.3,0.7,1.0,1.2,1.08,1.67,-0.17,1.28,1.23,1.04,698,768.0, , , , , , , ,721.0,720.99,4300.0,435.0, , , ,, , , , , , , 
09:58:26,1.21,1.5,0.79,1.08,1.18,1.29,1.77,-0.21,1.55,1.66,1.09,750,778.0,600.0,721.0,721.0,600.0,1500.0, ,-0.75,721.0,720.99,2400.0,535.0, ,2018-05-25 09:58:26,2018-05-25 09:58:26.659000,, , ,FILLED, , ,2018-05-25 09:58:26.659000,2018-05-25 09:58:27.455000
09:58:29,1.48,1.68,0.9,1.28,1.1,1.56,1.82,-0.37,1.98,1.93,1.05,838,797.0,400.0,721.11,721.11,400.0,1900.0, ,-0.85,721.11,721.0,100.0,300.0, ,2018-05-25 09:58:29,2018-05-25 09:58:29.677000,, , ,FILLED, , ,2018-05-25 09:58:29.677000,2018-05-25 09:58:32.109000
09:58:32,1.51,1.69,0.85,1.19,0.75,1.72,1.81,-0.66,1.96,2.07,0.91,826,794.0,400.0,721.29,0.0,0.0,1900.0, , ,721.29,721.11,100.0,100.0, ,2018-05-25 09:58:32,2018-05-25 09:58:32.670000,, , ,CANCELED, , ,2018-05-25 09:58:32.670000,2018-05-25 09:58:36.311000
09:58:35,1.33,1.58,0.79,1.19,0.24,1.29,1.71,-0.99,1.9,1.84,0.69,827,789.0,600.0,721.43,721.43,600.0,2500.0, ,-0.69,721.43,721.29,600.0,400.0, ,2018-05-25 09:58:35,2018-05-25 09:58:36.311000,, , ,FILLED, , ,2018-05-25 09:58:36.312000,2018-05-25 09:58:37.255000
09:58:38,1.04,1.45,0.61,1.12,-0.09,1.02,1.57,-1.13,1.51,1.67,0.68,852,787.0, , , , , , , ,721.44,721.29,100.0,500.0, , , ,, , , , , , , 
09:58:41,1.03,1.45,0.66,1.19,-0.54,0.92,1.61,-1.28,1.51,1.55,0.58,791,779.0, , , , , , , ,721.44,721.43,100.0,200.0, , , ,, , , , , , , 
09:58:44,1.1,1.45,0.66,1.15,-0.79,0.97,1.58,-1.38,1.66,1.62,0.54,782,773.0, , , , , , , ,721.5,721.43,300.0,500.0, , , ,, , , , , , , 
09:58:47,0.76,1.18,0.41,0.93,-0.8,0.73,1.33,-1.38,1.15,1.28,0.54,722,766.0, , , , , , , ,721.5,721.43,300.0,500.0, , , ,, , , , , , , 
09:58:50,0.44,0.9,0.23,0.7,-0.81,0.41,1.11,-1.38,0.69,0.89,0.52,744,761.0, , , , , , , ,721.5,721.44,100.0,100.0, , , ,, , , , , , , 
09:58:53,0.48,0.95,0.2,0.74,-0.8,0.48,1.17,-1.36,0.77,0.96,0.51,681,756.0, , , , , , , ,721.5,721.44,400.0,200.0, , , ,, , , , , , , 
09:58:56,0.45,0.76,0.19,0.65,-0.7,0.35,0.86,-1.34,0.81,0.76,0.46,705,751.0, , , , , , , ,721.5,721.44,100.0,200.0, , , ,, , , , , , , 
09:58:59,0.5,0.88,0.23,0.72,-0.91,0.46,1.09,-1.63,0.82,0.81,0.08,711,747.0, , , , , , , ,721.85,721.56,100.0,200.0, , , ,, , , , , , , 
09:59:02,0.44,0.87,0.19,0.61,-0.84,0.37,0.92,-1.6,0.76,1.08,0.0,672,746.0, , , , , , , ,721.9,721.56,500.0,300.0, , , ,, , , , , , , 
09:59:05,0.28,0.65,0.02,0.52,-0.66,0.2,0.67,-1.44,0.62,0.75,0.07,877,758.0, , , , , , , ,721.8,721.5,1000.0,2200.0, , , ,, , , , , , , 
09:59:08,-0.09,0.26,-0.13,0.25,-0.72,-0.13,0.24,-1.5,-0.01,0.29,0.04,768,756.0, , , , , , , ,721.8,721.56,1000.0,200.0, , , ,, , , , , , , 
09:59:11,-0.15,0.23,-0.27,0.28,-1.08,-0.15,0.22,-1.77,-0.03,0.19,-0.24,761,761.0, , , , , , , ,721.94,721.9,200.0,100.0, , , ,, , , , , , , 
09:59:14,0.03,0.36,-0.09,0.46,-1.17,-0.0,0.36,-1.75,0.19,0.26,-0.22,728,756.0, , , , , , , ,721.94,721.9,200.0,400.0, , , ,, , , , , , , 
09:59:17,0.04,0.39,-0.07,0.58,-1.16,0.08,0.37,-1.62,0.1,0.22,-0.07,713,753.0, , , , , , , ,721.9,721.8,800.0,700.0, , , ,, , , , , , , 
09:59:20,-0.11,0.29,-0.22,0.44,-1.33,-0.17,0.24,-1.61,0.06,0.19,-0.12,768,759.0, , , , , , , ,721.94,721.9,100.0,200.0, , , ,, , , , , , , 
09:59:23,-0.07,0.35,-0.12,0.55,-1.44,-0.1,0.28,-1.56,0.01,0.22,-0.08,1017,809.0, , , , , , , ,722.0,721.82,6200.0,100.0, , , ,, , , , , , , 
09:59:26,-0.19,0.3,-0.03,0.53,-1.26,-0.26,0.2,-1.31,-0.28,0.17,0.17,1023,813.0, , , , , , , ,721.9,721.6,300.0,200.0, , , ,, , , , , , , 
09:59:29,-0.25,0.21,-0.28,0.31,-1.41,-0.29,0.18,-1.41,-0.17,0.14,0.12,1015,811.0, , , , , , , ,722.0,721.6,7300.0,100.0, , , ,, , , , , , , 
09:59:32,-0.22,0.09,-0.45,0.11,-1.69,-0.17,0.01,-1.64,-0.04,0.15,-0.13,1230,805.0, , , , , , , ,721.99,721.9,100.0,100.0, , , ,, , , , , , , 
09:59:35,-0.6,-0.04,-0.61,0.11,-1.14,-0.55,-0.1,-1.0,-0.65,-0.13,0.48,1058,822.0, , , , , , , ,721.49,721.44,2400.0,100.0, , , ,, , , , , , , 
09:59:38,-0.52,0.12,-0.61,0.33,-0.49,-0.28,0.09,-0.24,-0.68,-0.07,1.25,1113,832.0, , , , , , , ,721.0,720.81,100.0,2000.0, , , ,, , , , , , , 
09:59:41,-0.5,0.21,-0.5,0.2,-0.54,-0.31,0.47,-0.23,-0.69,-0.04,1.23,1046,827.0, , , , , , , ,720.99,720.81,500.0,2000.0, , , ,, , , , , , , 
09:59:44,-0.64,-0.06,-0.96,-0.06,-0.6,-0.3,0.06,-0.23,-0.64,-0.18,1.27,1050,820.0, , , , , , , ,720.99,720.81,800.0,2000.0, , , ,, , , , , , , 
09:59:47,-0.37,0.07,-0.48,0.12,-0.57,-0.16,0.28,-0.12,-0.45,-0.18,1.35,1139,816.0, , , , , , , ,720.94,720.81,200.0,2600.0, , , ,, , , , , , , 
09:59:50,-0.41,0.12,-0.6,0.05,-0.55,-0.12,0.4,-0.1,-0.51,-0.08,1.36,960,809.0, , , , , , , ,720.94,720.81,200.0,2600.0, , , ,, , , , , , , 
09:59:53,-0.62,0.09,-0.76,0.01,-0.57,-0.46,0.33,-0.07,-0.65,-0.08,1.35,989,806.0, , , , , , , ,720.99,720.81,200.0,2500.0, , , ,, , , , , , , 
09:59:56,-0.67,0.1,-0.87,0.03,-0.56,-0.55,0.18,-0.01,-0.59,0.11,1.36,893,800.0, , , , , , , ,721.0,720.81,700.0,2500.0, , , ,, , , , , , , 
09:59:59,-0.54,0.17,-0.66,0.08,-0.94,-0.49,0.17,-0.45,-0.46,0.26,0.95,921,801.0, , , , , , , ,721.4,721.0,100.0,100.0, , , ,, , , , , , , 
10:00:02,-0.42,0.2,-0.67,0.07,-0.87,-0.31,0.18,-0.42,-0.27,0.36,0.95,854,794.0, , , , , , , ,721.4,721.0,100.0,700.0, , , ,, , , , , , , 
10:00:05,-0.41,0.22,-0.55,0.05,-0.78,-0.41,0.21,-0.38,-0.26,0.39,0.98,832,789.0, , , , , , , ,721.33,721.01,160.0,100.0, , , ,, , , , , , , 
10:00:08,-0.57,0.2,-0.69,0.09,-0.74,-0.64,0.15,-0.32,-0.37,0.35,1.06,955,796.0, , , , , , , ,721.33,720.94,160.0,100.0, , , ,, , , , , , , 
10:00:11,-0.6,0.1,-0.71,0.03,-0.68,-0.58,0.1,-0.35,-0.52,0.17,1.06,868,790.0, , , , , , , ,721.33,720.94,460.0,100.0, , , ,, , , , , , , 
10:00:14,-0.51,0.08,-0.69,0.04,-0.67,-0.46,0.07,-0.39,-0.38,0.13,1.06,874,794.0, , , , , , , ,721.33,720.94,360.0,200.0, , , ,, , , , , , , 
10:00:17,-0.55,0.17,-0.57,0.17,-0.3,-0.47,0.17,-0.07,-0.61,0.17,1.36,848,790.0, , , , , , , ,721.0,720.81,1200.0,1900.0, , , ,, , , , , , , 
10:00:20,-0.6,0.05,-0.6,0.03,-0.16,-0.56,0.09,-0.03,-0.65,0.04,1.4,825,788.0, , , , , , , ,720.94,720.81,100.0,1500.0, , , ,, , , , , , , 
10:00:23,-0.7,0.0,-0.69,-0.12,-0.17,-0.66,0.08,0.06,-0.76,0.05,1.36,917,801.0, , , , , , , ,721.0,720.8,1300.0,100.0, , , ,, , , , , , , 
10:00:26,-0.71,-0.02,-0.7,0.02,0.0,-0.66,0.02,0.34,-0.76,-0.09,1.5,888,800.0, , , , , , , ,720.81,720.8,100.0,100.0, , , ,, , , , , , , 
10:00:29,-0.6,0.04,-0.59,0.05,-0.02,-0.54,0.1,0.49,-0.67,-0.03,1.52,986,801.0, , , , , , , ,721.0,720.6,500.0,100.0, , , ,, , , , , , , 
10:00:32,-0.54,0.12,-0.54,0.16,0.17,-0.5,0.06,0.9,-0.6,0.15,1.74,916,794.0, , , , , , , ,720.81,720.47,1.0,400.0, , , ,, , , , , , , 
10:00:35,-0.48,0.17,-0.51,0.14,0.11,-0.45,0.1,0.98,-0.49,0.28,1.69,885,791.0, , , , , , , ,720.87,720.47,500.0,400.0, , , ,, , , , , , , 
10:00:38,-0.33,0.29,-0.46,0.33,0.36,-0.3,0.18,1.39,-0.23,0.36,1.98,820,784.0, , , , , , , ,720.47,720.46,300.0,100.0, , , ,, , , , , , , 
10:00:41,-0.35,0.34,-0.39,0.29,0.44,-0.3,0.32,1.54,-0.36,0.4,2.06,847,781.0, , , , , , , ,720.43,720.4,400.0,300.0, , , ,, , , , , , , 
10:00:44,-0.24,0.38,-0.39,0.26,0.33,-0.23,0.37,1.5,-0.11,0.52,1.96,922,777.0, , , , , , , ,720.6,720.4,25.0,300.0, , , ,, , , , , , , 
10:00:47,-0.2,0.33,-0.34,0.21,0.39,-0.15,0.34,1.58,-0.1,0.44,1.97,755,769.0, , , , , , , ,720.6,720.4,25.0,300.0, , , ,, , , , , , , 
10:00:50,-0.25,0.31,-0.49,0.2,0.5,-0.15,0.43,1.67,-0.1,0.31,2.06,840,767.0, , , , , , , ,720.47,720.43,400.0,500.0, , , ,, , , , , , , 
10:00:53,-0.46,0.22,-0.5,0.09,0.55,-0.37,0.31,1.68,-0.52,0.25,2.1,844,761.0, , , , , , , ,720.47,720.43,400.0,400.0, , , ,, , , , , , , 
10:00:56,-0.29,0.35,-0.24,0.25,0.48,-0.21,0.48,1.59,-0.42,0.32,2.09,916,761.0, , , , , , , ,720.6,720.5,25.0,4090.0, , , ,, , , , , , , 
10:00:59,-0.02,0.55,0.02,0.39,0.45,0.01,0.58,1.64,-0.1,0.67,2.24,731,758.0, , , , , , , ,720.6,720.5,25.0,3590.0, , , ,, , , , , , , 
10:01:02,-0.15,0.55,-0.13,0.42,0.48,-0.04,0.57,1.71,-0.28,0.67,2.44,714,756.0, , , , , , , ,720.6,720.5,225.0,3190.0, , , ,, , , , , , , 
10:01:05,-0.2,0.48,-0.2,0.38,0.35,-0.08,0.58,1.64,-0.33,0.49,2.53,755,758.0, , , , , , , ,720.8,720.5,325.0,3125.0, , , ,, , , , , , , 
10:01:08,-0.23,0.56,-0.29,0.43,0.29,-0.07,0.7,1.56,-0.32,0.56,2.63,726,760.0, , , , , , , ,720.8,720.6,325.0,300.0, , , ,, , , , , , , 
10:01:11,-0.07,0.62,-0.14,0.49,0.52,0.14,0.71,1.85,-0.2,0.66,3.09,765,763.0, , , , , , , ,720.51,720.5,100.0,2125.0, , , ,, , , , , , , 
10:01:14,0.02,0.69,-0.08,0.59,0.2,0.23,0.77,1.5,-0.1,0.69,2.94,739,758.0, , , , , , , ,720.81,720.62,725.0,200.0, , , ,, , , , , , , 
10:01:17,0.09,0.79,-0.05,0.69,0.2,0.34,0.77,1.48,-0.02,0.92,3.05,742,754.0, , , , , , , ,720.81,720.61,525.0,200.0, , , ,, , , , , , , 
10:01:20,0.22,0.87,0.04,0.66,0.06,0.4,0.85,1.33,0.22,1.09,2.99,775,759.0, , , , , , , ,720.81,720.8,325.0,300.0, , , ,, , , , , , , 
10:01:23,0.07,0.73,-0.08,0.54,0.19,0.21,0.68,1.3,0.09,0.96,3.02,747,752.0, , , , , , , ,720.81,720.8,425.0,200.0, , , ,, , , , , , , 
10:01:26,0.15,0.75,-0.12,0.58,0.34,0.38,0.7,1.35,0.21,0.97,3.03,732,746.0, , , , , , , ,720.81,720.8,325.0,400.0, , , ,, , , , , , , 
10:01:29,0.32,0.98,0.05,0.75,0.48,0.53,0.93,1.4,0.37,1.26,3.05,767,749.0, , , , , , , ,720.81,720.8,100.0,375.0, , , ,, , , , , , , 
10:01:32,0.12,0.71,-0.04,0.57,0.79,0.25,0.65,1.57,0.14,0.9,3.2,907,756.0, , , , , , , ,720.77,720.66,500.0,200.0, , , ,, , , , , , , 
10:01:35,-0.0,0.66,-0.05,0.58,0.9,0.08,0.6,1.56,-0.03,0.81,3.22,822,759.0, , , , , , , ,720.8,720.66,1625.0,400.0, , , ,, , , , , , , 
10:01:38,0.28,0.89,0.12,0.75,1.02,0.47,0.81,1.56,0.26,1.12,3.29,895,762.0, , , , , , , ,720.8,720.66,825.0,400.0, , , ,, , , , , , , 
10:01:41,0.41,0.96,0.11,0.73,1.1,0.55,0.94,1.56,0.56,1.23,3.51,778,754.0, , , , , , , ,720.8,720.66,825.0,500.0, , , ,, , , , , , , 
10:01:44,0.32,0.94,0.16,0.72,1.18,0.5,0.92,1.55,0.3,1.19,3.73,780,750.0, , , , , , , ,720.8,720.67,425.0,200.0, , , ,, , , , , , , 
10:01:47,0.33,0.91,0.09,0.71,1.25,0.51,0.83,1.55,0.4,1.2,3.94,845,748.0, , , , , , , ,720.8,720.67,325.0,300.0, , , ,, , , , , , , 
10:01:50,0.29,0.96,0.06,0.68,1.0,0.38,0.97,1.27,0.44,1.23,3.92,1167,745.0, , , , , , , ,721.0,720.87,1101.0,200.0, , , ,, , , , , , , 
10:01:53,0.17,0.81,-0.02,0.6,1.15,0.4,0.9,1.4,0.12,0.93,4.14,795,745.0, , , , , , , ,720.99,720.67,100.0,275.0, , , ,, , , , , , , 
10:01:56,0.22,0.7,0.04,0.5,1.08,0.39,0.76,1.23,0.22,0.84,4.12,714,738.0, , , , , , , ,720.99,720.83,100.0,100.0, , , ,, , , , , , , 
10:01:59,0.22,0.84,-0.01,0.54,1.14,0.26,0.93,1.18,0.4,1.03,4.22,698,740.0, , , , , , , ,721.0,720.83,1101.0,100.0, , , ,, , , , , , , 
10:02:02,0.22,0.79,0.1,0.46,1.29,0.26,0.83,1.22,0.3,1.07,4.33,855,735.0, , , , , , , ,720.87,720.83,100.0,200.0, , , ,, , , , , , , 
10:02:05,0.13,0.61,-0.01,0.49,1.27,0.31,0.61,1.08,0.1,0.72,4.32,778,731.0, , , , , , , ,721.0,720.83,1201.0,200.0, , , ,, , , , , , , 
10:02:08,0.18,0.6,0.03,0.46,1.25,0.37,0.67,1.1,0.14,0.68,4.55,669,732.0, , , , , , , ,721.0,720.83,501.0,100.0, , , ,, , , , , , , 
10:02:11,0.22,0.68,0.09,0.49,1.25,0.44,0.76,1.12,0.14,0.79,4.61,625,725.0, , , , , , , ,721.0,720.87,501.0,100.0, , , ,, , , , , , , 
10:02:14,0.09,0.52,-0.02,0.49,1.44,0.35,0.49,1.4,-0.06,0.57,5.1,667,727.0, , , , , , , ,720.83,720.67,600.0,100.0, , , ,, , , , , , , 
10:02:17,-0.01,0.37,-0.09,0.42,1.32,0.27,0.36,1.35,-0.21,0.33,5.13,660,729.0, , , , , , , ,721.0,720.66,1.0,300.0, , , ,, , , , , , , 
10:02:20,0.15,0.49,-0.08,0.36,1.19,0.35,0.55,1.28,0.16,0.55,5.03,693,728.0, , , , , , , ,720.95,720.87,100.0,100.0, , , ,, , , , , , , 
10:02:23,0.11,0.55,-0.1,0.34,1.16,0.27,0.62,1.3,0.17,0.68,5.14,645,722.0, , , , , , , ,720.95,720.87,100.0,200.0, , , ,, , , , , , , 
10:02:26,0.5,0.91,0.35,0.67,0.93,0.73,1.04,1.06,0.42,1.01,4.76,702,721.0, , , , , , , ,721.22,721.0,100.0,4599.0, , , ,, , , , , , , 
10:02:29,0.69,1.07,0.43,0.79,0.73,1.12,1.15,0.82,0.5,1.27,4.41,635,719.0, , , , , , , ,721.3,721.28,100.0,100.0, , , ,, , , , , , , 
10:02:32,0.79,1.12,0.4,0.88,0.74,1.22,1.17,0.73,0.74,1.3,4.2,634,714.0, , , , , , , ,721.33,721.31,160.0,100.0, , , ,, , , , , , , 
10:02:35,0.85,1.32,0.46,1.04,0.6,1.23,1.36,0.54,0.84,1.55,3.95,723,711.0,300.0,721.5,721.5,300.0,2800.0, ,-0.7,721.5,721.34,100.0,100.0, ,2018-05-25 10:02:35,2018-05-25 10:02:35.688000,, , ,FILLED, , ,2018-05-25 10:02:35.688000,2018-05-25 10:02:37.990000
10:02:38,0.81,1.39,0.39,1.05,0.54,1.09,1.41,0.46,0.94,1.71,3.8,616,709.0, , , , , , , ,721.6,721.34,100.0,200.0, , , ,, , , , , , , 
10:02:41,0.79,1.26,0.36,1.03,0.29,1.09,1.28,0.2,0.92,1.46,3.46,673,703.0, , , , , , , ,721.8,721.5,300.0,100.0, , , ,, , , , , , , 
10:02:44,0.75,1.23,0.34,1.04,0.43,1.09,1.28,0.38,0.83,1.38,3.58,597,699.0, , , , , , , ,721.6,721.5,100.0,100.0, , , ,, , , , , , , 
10:02:47,0.87,1.33,0.42,1.19,0.28,1.18,1.47,0.28,1.02,1.35,3.34,603,695.0, , , , , , , ,721.8,721.51,300.0,400.0, , , ,, , , , , , , 
10:02:50,0.83,1.28,0.37,1.16,0.2,1.2,1.34,0.23,0.91,1.35,3.22,708,691.0, , , , , , , ,721.8,721.6,200.0,300.0, , , ,, , , , , , , 
10:02:53,0.72,1.11,0.27,1.05,0.18,1.15,1.25,0.23,0.73,1.03,3.2,585,687.0, , , , , , , ,721.82,721.6,1200.0,100.0, , , ,, , , , , , , 
10:02:56,0.29,0.69,0.08,0.77,0.34,0.64,0.64,0.46,0.15,0.65,3.37,616,688.0, , , , , , , ,721.6,721.51,100.0,500.0, , , ,, , , , , , , 
10:02:59,0.19,0.7,0.05,0.72,-0.07,0.65,0.8,0.11,-0.14,0.57,3.01,549,685.0, , , , , , , ,721.82,721.8,500.0,100.0, , , ,, , , , , , , 
10:03:02,0.35,0.89,0.15,0.76,-0.16,0.62,1.07,0.05,0.27,0.82,3.1,607,688.0, , , , , , , ,721.88,721.82,100.0,100.0, , , ,, , , , , , , 
10:03:05,0.42,0.82,0.2,0.8,-0.27,0.57,0.95,-0.01,0.48,0.72,3.2,566,684.0, , , , , , , ,721.96,721.82,100.0,200.0, , , ,, , , , , , , 
10:03:08,0.32,0.66,0.1,0.66,-0.08,0.59,0.66,0.17,0.28,0.66,3.52,599,682.0, , , , , , , ,721.96,721.58,200.0,100.0, , , ,, , , , , , , 
10:03:11,-0.04,0.49,-0.11,0.52,-0.03,0.2,0.43,0.18,-0.22,0.52,3.79,571,676.0, , , , , , , ,721.96,721.58,300.0,100.0, , , ,, , , , , , , 
10:03:14,-0.27,0.24,-0.19,0.34,-0.21,0.02,0.22,-0.03,-0.64,0.14,3.58,522,670.0, , , , , , , ,721.96,721.88,500.0,600.0, , , ,, , , , , , , 
10:03:17,-0.23,0.36,-0.22,0.49,0.12,0.08,0.37,0.24,-0.55,0.23,3.88,592,672.0, , , , , , , ,721.82,721.61,700.0,400.0, , , ,, , , , , , , 
10:03:20,-0.37,0.25,-0.28,0.49,0.16,-0.08,0.14,0.23,-0.75,0.12,3.93,561,670.0, , , , , , , ,721.82,721.61,400.0,400.0, , , ,, , , , , , , 
10:03:23,-0.41,0.1,-0.35,0.3,0.2,-0.09,0.08,0.24,-0.77,-0.07,3.83,635,673.0, , , , , , , ,721.8,721.61,100.0,400.0, , , ,, , , , , , , 
10:03:26,-0.37,0.18,-0.28,0.3,0.04,-0.07,0.17,0.04,-0.77,0.06,3.72,605,670.0, , , , , , , ,721.88,721.82,400.0,100.0, , , ,, , , , , , , 
10:03:29,0.07,0.44,-0.1,0.44,0.05,0.29,0.52,0.07,0.02,0.37,3.87,607,667.0, , , , , , , ,721.88,721.82,100.0,500.0, , , ,, , , , , , , 
10:03:32,-0.14,0.25,-0.34,0.26,-0.01,-0.01,0.15,0.06,-0.08,0.32,3.96,610,660.0, , , , , , , ,721.88,721.83,1500.0,200.0, , , ,, , , , , , , 
10:03:35,-0.37,0.15,-0.48,0.14,-0.06,-0.15,0.04,0.05,-0.47,0.27,4.09,597,655.0, , , , , , , ,721.88,721.83,1500.0,400.0, , , ,, , , , , , , 
10:03:38,-0.62,-0.03,-0.54,0.02,-0.07,-0.51,-0.2,0.05,-0.82,0.09,4.15,610,654.0, , , , , , , ,721.88,721.83,1800.0,300.0, , , ,, , , , , , , 
10:03:41,-0.64,-0.05,-0.51,0.02,-0.1,-0.49,-0.14,0.05,-0.9,-0.02,4.13,543,651.0, , , , , , , ,721.88,721.84,2000.0,100.0, , , ,, , , , , , , 
10:03:44,-0.53,0.02,-0.56,0.1,-0.06,-0.44,-0.19,0.07,-0.59,0.14,4.14,583,655.0, , , , , , , ,721.88,721.84,1200.0,400.0, , , ,, , , , , , , 
10:03:47,-0.58,-0.08,-0.51,0.01,0.0,-0.47,-0.22,0.09,-0.74,-0.04,4.14,638,650.0, , , , , , , ,721.86,721.84,1000.0,300.0, , , ,, , , , , , , 
10:03:50,-0.71,-0.15,-0.6,0.04,0.02,-0.57,-0.4,0.12,-0.96,-0.1,4.13,569,654.0, , , , , , , ,721.86,721.84,200.0,100.0, , , ,, , , , , , , 
10:03:53,-0.69,-0.19,-0.46,-0.01,0.07,-0.55,-0.36,0.2,-1.07,-0.21,4.13,613,659.0,-1500.0,721.82,721.82,-600.0,2200.0, ,-0.1,721.83,721.82,100.0,200.0, ,2018-05-25 10:03:53,2018-05-25 10:03:53.664000,, , ,CANCELED, , ,2018-05-25 10:03:53.664000,2018-05-25 10:03:57.061000
10:03:56,-0.73,-0.22,-0.51,-0.03,0.11,-0.56,-0.35,0.33,-1.11,-0.29,4.14,681,658.0,-1700.0,721.8,721.8,-200.0,2000.0, ,-0.12,721.82,721.8,900.0,100.0, ,2018-05-25 10:03:56,2018-05-25 10:03:57.061000,, , ,CANCELED, , ,2018-05-25 10:03:57.061000,2018-05-25 10:04:00.086000
10:03:59,-0.67,-0.22,-0.52,-0.05,0.24,-0.51,-0.27,0.62,-0.99,-0.34,4.29,707,655.0,-1700.0,721.78,721.78,-100.0,1900.0, ,-0.27,721.8,721.62,1500.0,100.0, ,2018-05-25 10:03:59,2018-05-25 10:04:00.086000,, , ,CANCELED, , ,2018-05-25 10:04:00.086000,2018-05-25 10:04:03.126000
10:04:02,-0.77,-0.23,-0.61,-0.15,0.26,-0.57,-0.25,0.85,-1.12,-0.3,4.31,673,653.0,-1600.0,721.76,721.76,-100.0,1800.0, ,-0.27,721.78,721.61,1600.0,300.0, ,2018-05-25 10:04:02,2018-05-25 10:04:03.126000,, , ,CANCELED, , ,2018-05-25 10:04:03.126000,2018-05-25 10:04:06.665000
10:04:05,-0.78,-0.24,-0.64,-0.19,0.26,-0.62,-0.26,1.07,-1.07,-0.26,4.37,644,646.0,-1600.0,721.74,0.0,-0.0,1800.0, , ,721.76,721.64,1600.0,100.0, ,2018-05-25 10:04:05,2018-05-25 10:04:06.665000,, , ,CANCELED, , ,2018-05-25 10:04:06.665000,2018-05-25 10:04:09.200000
10:04:08,-0.52,-0.09,-0.44,-0.01,0.28,-0.39,-0.18,1.25,-0.73,-0.07,4.39,537,641.0, , , , , , , ,721.74,721.65,1600.0,4900.0, , , ,, , , , , , , 
10:04:11,-0.38,0.11,-0.38,0.08,0.19,-0.27,-0.01,1.35,-0.48,0.26,4.32,641,654.0, , , , , , , ,721.88,721.65,400.0,4900.0, , , ,, , , , , , , 
10:04:14,-0.22,0.3,-0.25,0.1,0.1,-0.2,0.17,1.39,-0.2,0.64,4.26,634,648.0, , , , , , , ,721.88,721.78,300.0,100.0, , , ,, , , , , , , 
10:04:17,-0.13,0.45,-0.17,0.25,0.17,-0.13,0.2,1.58,-0.09,0.89,4.35,634,650.0, , , , , , , ,721.88,721.65,200.0,4700.0, , , ,, , , , , , , 
10:04:20,-0.08,0.35,-0.2,0.16,0.03,-0.08,0.06,1.53,0.03,0.83,4.23,649,648.0, , , , , , , ,721.88,721.84,400.0,100.0, , , ,, , , , , , , 
10:04:23,-0.04,0.48,-0.16,0.21,0.01,-0.05,0.23,1.54,0.08,1.0,4.22,612,651.0, , , , , , , ,721.9,721.84,100.0,400.0, , , ,, , , , , , , 
10:04:26,0.09,0.61,-0.01,0.35,-0.04,0.02,0.43,1.48,0.27,1.04,4.18,716,656.0, , , , , , , ,721.95,721.88,800.0,100.0, , , ,, , , , , , , 
10:04:29,0.12,0.67,0.02,0.41,0.04,0.06,0.47,1.58,0.27,1.12,4.25,646,652.0, , , , , , , ,721.88,721.85,100.0,100.0, , , ,, , , , , , , 
