,tick_time,bid,ask,bid 20,ask 20,la 20,bid 40,ask 40,la 40,bid 100,ask 100,la 100,order,price,avePrice,trans,net,askp0,bidp0,askv0,bidv0,profit,profit_rate,is_mocked,order_time,exchange_time,orderSide,new_order_status,reason
0,2018-05-09 09:30:15, , , , ,-0.54, , ,-1.86, , ,-4.33, , , , , ,712.28,711.9,100.0,100.0, , , , , ,, , 
1,2018-05-09 09:30:18, , , , ,0.4, , ,-1.17, , ,-3.48, , , , , ,712.0,711.0,100.0,100.0, , , , , ,, , 
2,2018-05-09 09:30:21, , , , ,0.89, , ,-1.05, , ,-3.1, , , , , ,711.45,711.01,200.0,1000.0, , , , , ,, , 
3,2018-05-09 09:30:24, , , , ,0.78, , ,-1.25, , ,-3.12, , , , , ,711.45,711.01,200.0,700.0, , , , , ,, , 
4,2018-05-09 09:30:27, , , , ,0.26, , ,-1.77, , ,-3.5, , , , , ,711.53,711.5,200.0,400.0, , , , , ,, , 
5,2018-05-09 09:30:30, , , , ,0.67, , ,-1.52, , ,-3.05, , , , , ,711.4,711.01,400.0,400.0, , , , , ,, , 
6,2018-05-09 09:30:33, , , , ,0.24, , ,-1.95, , ,-3.46, , , , , ,711.9,711.07,700.0,100.0, , , , , ,, , 
7,2018-05-09 09:30:36, , , , ,0.34, , ,-1.83, , ,-3.36, , , , , ,711.75,711.05,200.0,1500.0, , , , , ,, , 
8,2018-05-09 09:30:39, , , , ,0.2, , ,-2.01, , ,-3.52, , , , , ,711.9,711.06,200.0,800.0, , , , , ,, , 
9,2018-05-09 09:30:42, , , , ,-0.11, , ,-2.14, , ,-3.69, , , , , ,711.6,711.53,100.0,1300.0, , , , , ,, , 
10,2018-05-09 09:30:45, , , , ,-0.57, , ,-2.54, , ,-4.11, , , , , ,711.88,711.8,200.0,100.0, , , , , ,, , 
11,2018-05-09 09:30:48, , , , ,-0.21, , ,-2.09, , ,-3.67, , , , , ,711.53,711.51,200.0,100.0, , , , , ,, , 
12,2018-05-09 09:30:51, , , , ,0.06, , ,-1.75, , ,-3.36, , , , , ,711.5,711.05,1100.0,200.0, , , , , ,, , 
13,2018-05-09 09:30:54, , , , ,-0.67, , ,-2.49, , ,-4.04, , , , , ,711.8,711.75,100.0,300.0, , , , , ,, , 
14,2018-05-09 09:30:57, , , , ,-0.75, , ,-2.52, , ,-4.07, , , , , ,711.8,711.75,100.0,800.0, , , , , ,, , 
15,2018-05-09 09:31:00, , , , ,-0.84, , ,-2.56, , ,-4.1, , , , , ,711.8,711.75,600.0,100.0, , , , , ,, , 
16,2018-05-09 09:31:03, , , , ,-0.77, , ,-2.52, , ,-3.99, , , , , ,711.8,711.5,300.0,700.0, , , , , ,, , 
17,2018-05-09 09:31:06, , , , ,-0.96, , ,-2.73, , ,-4.14, , , , , ,711.9,711.5,800.0,700.0, , , , , ,, , 
18,2018-05-09 09:31:09, , , , ,-0.88, , ,-2.73, , ,-3.99, , , , , ,711.7,711.5,500.0,700.0, , , , , ,, , 
19,2018-05-09 09:31:12, , , , ,-0.76, , ,-2.57, , ,-3.76, , , , , ,711.5,711.29,200.0,100.0, , , , , ,, , 
20,2018-05-09 09:31:15,-0.17,0.44,-0.06,0.73,-1.58,-0.11,0.25,-3.29,-0.33,0.35,-4.49, , , , , ,711.9,711.88,100.0,5400.0, , , , , ,, , 
21,2018-05-09 09:31:18,-0.49,0.35,-0.56,0.56,-1.77,-0.22,0.34,-3.37,-0.7,0.16,-4.58, , , , , ,711.98,711.88,100.0,2700.0, , , , , ,, , 
22,2018-05-09 09:31:21,-0.5,0.19,-0.4,0.52,-2.04,-0.24,0.07,-3.41,-0.87,-0.03,-4.69, , , , , ,711.99,711.88,1700.0,1300.0, , , , , ,, , 
23,2018-05-09 09:31:24,-0.89,-0.22,-0.7,-0.06,-1.9,-0.75,-0.46,-3.18,-1.21,-0.13,-4.37, , , , , ,711.88,711.5,400.0,100.0, , , , , ,, , 
24,2018-05-09 09:31:27,-0.71,-0.41,-0.4,-0.21,-1.87,-0.71,-0.69,-3.12,-1.02,-0.33,-4.21, , , , , ,711.88,711.29,200.0,100.0, , , , , ,, , 
25,2018-05-09 09:31:30,-0.49,-0.15,-0.47,0.03,-2.06,-0.46,-0.36,-3.17,-0.56,-0.12,-4.21, , , , , ,711.88,711.29,100.0,100.0, , , , , ,, , 
26,2018-05-09 09:31:33,-0.42,-0.14,-0.52,0.11,-2.49,-0.31,-0.32,-3.75,-0.43,-0.21,-4.6, , , , , ,711.99,711.75,1300.0,100.0, , , , , ,, , 
27,2018-05-09 09:31:36,-0.47,0.02,-0.47,0.14,-2.05,-0.46,-0.1,-3.42,-0.48,0.01,-4.19, , , , , ,711.62,711.5,100.0,200.0, , , , , ,, , 
28,2018-05-09 09:31:39,-0.61,-0.17,-0.67,-0.06,-2.12,-0.55,-0.42,-3.56,-0.6,-0.04,-4.21, , , , , ,711.62,711.5,100.0,100.0, , , , , ,, , 
29,2018-05-09 09:31:42,-1.01,-0.6,-0.78,-0.3,-2.02,-1.01,-0.85,-3.63,-1.25,-0.64,-4.12, , , , , ,711.62,711.33,200.0,100.0, , , , , ,, , 
30,2018-05-09 09:31:45,-0.89,-0.53,-0.82,-0.12,-1.83,-0.84,-0.74,-3.54,-1.01,-0.74,-3.96, , , , , ,711.5,711.18,200.0,300.0, , , , , ,, , 
31,2018-05-09 09:31:48,-0.83,-0.53,-0.87,-0.33,-1.85,-0.92,-0.77,-3.62,-0.7,-0.48,-3.98, , , , , ,711.51,711.18,100.0,300.0, , , , , ,, , 
32,2018-05-09 09:31:51,-0.85,-0.42,-0.93,-0.25,-1.84,-0.75,-0.74,-3.74,-0.87,-0.26,-4.0, , , , , ,711.5,711.18,100.0,300.0, , , , , ,, , 
33,2018-05-09 09:31:54,-0.82,-0.51,-0.76,-0.36,-1.76,-0.89,-0.74,-3.66,-0.8,-0.44,-3.93, , , , , ,711.33,711.19,300.0,100.0, , , , , ,, , 
34,2018-05-09 09:31:57,-0.81,-0.44,-0.8,-0.21,-1.8,-0.92,-0.65,-3.76,-0.72,-0.46,-3.99, , , , , ,711.33,711.2,300.0,300.0, , , , , ,, , 
35,2018-05-09 09:32:00,-0.71,-0.38,-0.7,-0.44,-1.59,-0.94,-0.5,-3.64,-0.48,-0.19,-3.79, , , , , ,711.18,711.0,300.0,200.0, , , , , ,, , 
36,2018-05-09 09:32:03,-0.6,-0.33,-0.66,-0.39,-1.75,-0.7,-0.48,-3.71,-0.43,-0.12,-3.84, , , , , ,711.18,711.01,300.0,600.0, , , , , ,, , 
37,2018-05-09 09:32:06,-0.78,-0.44,-0.78,-0.43,-1.69,-0.84,-0.67,-3.6,-0.74,-0.23,-3.64, , , , , ,711.0,710.91,500.0,500.0, , , , , ,, , 
38,2018-05-09 09:32:09,-0.97,-0.58,-1.02,-0.46,-1.81,-1.03,-0.77,-3.7,-0.87,-0.5,-3.69, , , , , ,711.0,710.9,100.0,551.0, , , , , ,, , 
39,2018-05-09 09:32:12,-0.92,-0.59,-0.82,-0.6,-1.89,-1.24,-0.74,-3.72,-0.69,-0.43,-3.59, , , , , ,710.91,710.9,100.0,551.0, , , , , ,, , 
40,2018-05-09 09:32:15,-0.85,-0.52,-1.02,-0.54,-1.51,-0.88,-0.73,-3.42,-0.67,-0.29,-3.17, , , , , ,711.0,710.25,800.0,500.0, , , , , ,, , 
41,2018-05-09 09:32:18,-0.84,-0.52,-0.91,-0.49,-1.46,-0.83,-0.77,-3.56,-0.79,-0.32,-3.05, , , , , ,710.9,710.25,500.0,500.0, , , , , ,, , 
42,2018-05-09 09:32:21,-1.21,-0.64,-1.38,-0.62,-1.5,-1.17,-0.91,-3.65,-1.09,-0.4,-3.01, , , , , ,710.9,710.25,1900.0,100.0, , , , , ,, , 
43,2018-05-09 09:32:24,-1.38,-0.8,-1.47,-1.12,-1.02,-1.64,-0.98,-3.15,-1.02,-0.29,-2.44,-500.0,710.07,710.07,-500.0,-500.0,710.22,710.07,5900.0,800.0, , , ,2018-05-09 09:32:24.845000,2018-05-09 09:32:25.687000,, , 
44,2018-05-09 09:32:27,-1.84,-0.84,-2.26,-1.29,-0.97,-1.93,-1.13,-3.2,-1.33,-0.1,-2.35, , , , , ,710.06,710.05,300.0,700.0, , , , , ,, , 
45,2018-05-09 09:32:30,-1.38,-0.49,-1.43,-0.55,-1.27,-1.47,-0.85,-3.5,-1.23,-0.07,-2.62, , , , , ,710.24,710.22,400.0,3100.0, , , , , ,, , 
46,2018-05-09 09:32:33,-1.14,-0.24,-1.0,-0.29,-1.19,-0.99,-0.67,-3.37,-1.44,0.24,-2.4, , , , , ,710.05,710.04,300.0,600.0, , , , , ,, , 
47,2018-05-09 09:32:36,-1.02,-0.11,-1.06,-0.53,-1.32,-1.14,-0.31,-3.39,-0.86,0.5,-2.46, , , , , ,710.07,710.06,400.0,400.0, , , , , ,, , 
48,2018-05-09 09:32:39,-1.02,-0.07,-1.0,-0.46,-1.44,-1.33,-0.26,-3.29,-0.74,0.51,-2.46, , , , , ,710.05,710.04,500.0,200.0, , , , , ,, , 
49,2018-05-09 09:32:42,-1.08,-0.18,-0.91,-0.44,-1.61,-1.45,-0.43,-3.12,-0.89,0.34,-2.49, , , , , ,710.05,710.02,2000.0,4000.0, , , , , ,, , 
50,2018-05-09 09:32:45,-0.95,-0.11,-0.71,-0.34,-1.69,-1.4,-0.27,-2.9,-0.72,0.28,-2.49, , , , , ,710.04,710.02,900.0,3600.0, , , , , ,, , 
51,2018-05-09 09:32:48,-0.85,-0.12,-0.56,-0.48,-1.77,-1.52,-0.26,-2.81,-0.47,0.37,-2.52, , , , , ,710.05,710.02,2300.0,3300.0, , , , , ,, , 
52,2018-05-09 09:32:51,-0.65,0.07,-0.38,-0.13,-1.89,-1.16,-0.14,-2.66,-0.42,0.47,-2.51, , , , , ,710.05,710.0,200.0,1100.0, , , , , ,, , 
53,2018-05-09 09:32:54,-0.51,0.11,-0.39,-0.07,-1.9,-0.91,-0.17,-2.55,-0.22,0.58,-2.51, , , , , ,710.02,710.0,500.0,800.0, , , , , ,, , 
54,2018-05-09 09:32:57,-0.63,0.09,-0.41,-0.09,-1.91,-1.08,-0.13,-2.31,-0.39,0.5,-2.5, , , , , ,710.0,709.88,100.0,2000.0, , , , , ,, , 
55,2018-05-09 09:33:00,-0.72,-0.02,-0.46,-0.23,-2.02,-1.28,-0.25,-2.16,-0.41,0.41,-2.66, , , , , ,710.0,709.88,1000.0,2000.0, , , , , ,, , 
56,2018-05-09 09:33:03,-1.26,-0.29,-1.09,-0.59,-2.08,-1.69,-0.56,-1.94,-1.01,0.27,-2.94, , , , , ,709.99,709.88,1400.0,400.0, , , , , ,, , 
57,2018-05-09 09:33:06,-1.38,-0.41,-1.23,-0.64,-1.69,-1.77,-0.7,-1.27,-1.13,0.11,-2.87, , , , , ,709.6,709.58,1200.0,100.0, , , , , ,, , 
58,2018-05-09 09:33:09,-1.52,-0.42,-1.14,-0.57,-1.73,-2.07,-0.73,-1.03,-1.35,0.03,-3.2, , , , , ,709.6,709.51,1500.0,300.0, , , , , ,, , 
59,2018-05-09 09:33:12,-1.48,-0.49,-1.16,-1.06,-1.82,-2.11,-0.69,-0.84,-1.19,0.29,-3.62, , , , , ,709.6,709.5,800.0,700.0, , , , , ,, , 
60,2018-05-09 09:33:15,-1.24,-0.29,-0.9,-0.65,-1.95,-1.83,-0.63,-0.78,-0.99,0.41,-4.06, , , , , ,709.58,709.56,400.0,600.0, , , , , ,, , 
61,2018-05-09 09:33:18,-1.3,-0.32,-1.22,-0.69,-2.1,-1.59,-0.79,-0.73,-1.09,0.51,-4.34, , , , , ,709.58,709.5,700.0,400.0, , , , , ,, , 
62,2018-05-09 09:33:21,-1.51,-0.54,-1.28,-0.88,-2.1,-1.95,-0.94,-0.64,-1.29,0.19,-4.54, , , , , ,709.5,709.44,100.0,700.0, , , , , ,, , 
63,2018-05-09 09:33:24,-1.16,-0.32,-0.83,-0.6,-2.2,-1.7,-0.66,-0.65,-0.94,0.29,-4.73, , , , , ,709.5,709.44,600.0,600.0, , , , , ,, , 
64,2018-05-09 09:33:27,-1.41,-0.56,-1.25,-0.94,-2.02,-1.83,-0.96,-0.28,-1.16,0.21,-4.55, , , , , ,709.44,709.0,500.0,1200.0, , , , , ,, , 
65,2018-05-09 09:33:30,-1.53,-0.75,-1.39,-1.17,-2.21,-1.86,-1.08,-0.39,-1.34,0.0,-4.91,-500.0,709.2,709.2,-500.0,-1000.0,709.42,709.2,100.0,2900.0, , , ,2018-05-09 09:33:30.714000,2018-05-09 09:33:31.468000,, , 
66,2018-05-09 09:33:33,-1.86,-0.82,-1.68,-0.99,-2.33,-2.29,-1.13,-0.4,-1.62,-0.33,-5.14,-500.0,709.2,709.2,-100.0,-1100.0,709.41,709.2,600.0,1000.0, , , ,2018-05-09 09:33:33.792000,2018-05-09 09:33:37.306000,, , 
67,2018-05-09 09:33:36,-1.82,-1.04,-1.63,-1.44,-1.85,-2.27,-1.37,0.06,-1.56,-0.3,-4.92, , , , , ,708.99,708.95,100.0,100.0, , , , , ,, , 
68,2018-05-09 09:33:39,-1.63,-0.71,-1.56,-1.09,-1.7,-1.93,-0.92,0.09,-1.4,-0.12,-5.02, , , , , ,709.0,708.83,1900.0,500.0, , , , , ,, , 
69,2018-05-09 09:33:42,-1.56,-0.65,-1.52,-1.03,-1.54,-1.97,-0.94,0.04,-1.21,0.01,-5.11, , , , , ,709.0,708.83,2100.0,500.0, , , , , ,, , 
70,2018-05-09 09:33:45,-1.65,-0.64,-1.6,-0.89,-1.12,-1.94,-0.93,0.22,-1.41,-0.11,-4.96, , , , , ,708.95,708.58,100.0,300.0, , , , , ,, , 
71,2018-05-09 09:33:48,-1.31,-0.5,-1.48,-1.2,-0.94,-1.59,-0.64,0.28,-0.86,0.33,-4.96, , , , , ,708.83,708.58,200.0,600.0, , , , , ,, , 
72,2018-05-09 09:33:51,-1.11,-0.4,-1.16,-1.13,-0.8,-1.39,-0.52,0.26,-0.79,0.46,-5.04, , , , , ,708.83,708.58,100.0,600.0, , , , , ,, , 
73,2018-05-09 09:33:54,-1.18,-0.42,-1.26,-0.86,-0.5,-1.3,-0.58,0.48,-0.97,0.18,-4.97, , , , , ,708.58,708.53,100.0,100.0, , , , , ,, , 
74,2018-05-09 09:33:57,-1.23,-0.32,-1.33,-0.81,-0.53,-1.4,-0.46,0.29,-0.97,0.31,-5.24, , , , , ,708.82,708.53,100.0,100.0, , , , , ,, , 
75,2018-05-09 09:34:00,-0.84,-0.12,-1.01,-0.57,0.0,-1.12,-0.26,0.64,-0.38,0.46,-4.93, , , , , ,708.58,708.23,1000.0,900.0, , , , , ,, , 
76,2018-05-09 09:34:03,-0.85,-0.12,-1.15,-0.57,0.24,-1.01,-0.25,0.6,-0.38,0.47,-5.0, , , , , ,708.53,708.23,100.0,800.0, , , , , ,, , 
77,2018-05-09 09:34:06,-0.94,-0.18,-1.24,-0.64,0.44,-0.97,-0.38,0.53,-0.62,0.48,-5.08, , , , , ,708.53,708.23,100.0,900.0, , , , , ,, , 
78,2018-05-09 09:34:09,-0.94,-0.11,-1.06,-0.49,0.58,-1.07,-0.31,0.5,-0.7,0.48,-5.46, , , , , ,708.58,708.24,1500.0,300.0, , , , , ,, , 
79,2018-05-09 09:34:12,-0.78,-0.04,-0.95,-0.41,1.18,-0.89,-0.18,0.85,-0.48,0.47,-5.41, , , , , ,708.23,708.01,100.0,200.0, , , , , ,, , 
80,2018-05-09 09:34:15,-0.72,-0.05,-1.07,-0.53,1.27,-0.61,-0.18,0.82,-0.48,0.56,-5.74, , , , , ,708.23,708.0,900.0,1000.0, , , , , ,, , 
81,2018-05-09 09:34:18,-0.78,0.04,-1.0,-0.42,1.28,-0.79,-0.16,0.79,-0.54,0.69,-6.33, , , , , ,708.23,708.0,200.0,300.0, , , , , ,, , 
82,2018-05-09 09:34:21,-0.65,0.04,-0.81,-0.37,1.67,-0.72,-0.27,1.06,-0.43,0.76,-6.33, , , , , ,708.0,707.68,800.0,100.0, , , , , ,, , 
83,2018-05-09 09:34:24,-0.51,0.09,-0.85,-0.43,1.66,-0.5,-0.12,1.05,-0.18,0.81,-6.65, , , , , ,708.0,707.68,1000.0,100.0, , , , , ,, , 
84,2018-05-09 09:34:27,-0.09,0.51,-0.4,-0.04,1.67,0.15,0.22,1.06,-0.0,1.34,-6.95, , , , , ,708.0,707.68,900.0,300.0, , , , , ,, , 
85,2018-05-09 09:34:30,0.14,0.67,-0.36,0.16,1.99,0.48,0.33,1.36,0.3,1.52,-6.75, , , , , ,707.68,707.58,100.0,100.0, , , , , ,, , 
86,2018-05-09 09:34:33,0.27,0.97,-0.09,0.36,1.94,0.51,0.73,1.33,0.38,1.84,-6.86,1100.0,707.33,707.33,300.0,-800.0,708.0,707.31,1100.0,300.0, , , ,2018-05-09 09:34:33.646000,2018-05-09 09:34:37.101000,, , 
87,2018-05-09 09:34:36,0.76,1.4,0.26,0.62,2.12,1.07,1.16,1.52,0.95,2.4,-6.82,800.0,707.68,707.68,500.0,-300.0,707.68,707.33,100.0,800.0, , , ,2018-05-09 09:34:37.101000,2018-05-09 09:34:40.129000,, , 
88,2018-05-09 09:34:39,0.73,1.54,0.22,0.75,1.6,0.91,1.28,1.02,1.07,2.59,-7.49,300.0,708.0,708.0,300.0,0.0,708.0,707.68,1200.0,600.0,1202.75,1.54, ,2018-05-09 09:34:40.130000,2018-05-09 09:34:40.769000,, , 
89,2018-05-09 09:34:42,0.78,1.64,0.27,0.95,1.56,1.02,1.49,0.99,1.06,2.48,-7.56,500.0,708.0,708.0,500.0,500.0,708.0,707.68,300.0,100.0, , , ,2018-05-09 09:34:42.635000,2018-05-09 09:34:43.297000,, , 
90,2018-05-09 09:34:45,0.78,1.67,0.45,1.1,1.16,0.95,1.59,0.6,0.94,2.33,-8.09, , , , , ,708.2,708.0,500.0,2700.0, , , , , ,, , 
91,2018-05-09 09:34:48,0.83,1.72,0.42,1.2,1.11,1.12,1.79,0.56,0.93,2.16,-8.13, , , , , ,708.23,708.0,600.0,2600.0, , , , , ,, , 
92,2018-05-09 09:34:51,0.85,1.68,0.64,1.26,1.09,1.15,1.91,0.55,0.76,1.87,-8.07,500.0,708.22,0.0,0.0,500.0,708.22,708.0,300.0,7300.0, , , ,2018-05-09 09:34:51.640000,2018-05-09 09:34:55.189000,, , 
93,2018-05-09 09:34:54,1.09,2.03,0.85,1.63,0.95,1.16,2.28,0.33,1.28,2.19,-8.29, , , , , ,708.23,708.22,1000.0,1600.0, , , , , ,, , 
94,2018-05-09 09:34:57,1.51,2.23,1.29,1.89,0.74,1.41,2.44,0.1,1.82,2.36,-8.38,500.0,708.47,708.47,500.0,1000.0,708.47,708.23,300.0,6000.0, , , ,2018-05-09 09:34:57.701000,2018-05-09 09:34:58.336000,, , 
95,2018-05-09 09:35:00,1.58,2.25,1.27,1.96,0.47,1.51,2.41,-0.18,1.96,2.38,-8.44,500.0,708.58,708.58,500.0,1500.0,708.58,708.47,1400.0,800.0, , , ,2018-05-09 09:35:00.632000,2018-05-09 09:35:01.360000,, , 
96,2018-05-09 09:35:03,1.33,2.08,1.08,1.88,0.41,1.38,2.32,-0.22,1.52,2.05,-8.15,500.0,708.81,708.81,500.0,2000.0,708.81,708.23,300.0,4866.0, , , ,2018-05-09 09:35:03.683000,2018-05-09 09:35:07.393000,, , 
97,2018-05-09 09:35:06,1.21,1.99,0.89,1.95,-0.1,1.32,2.07,-0.65,1.43,1.94,-8.28, , , , , ,708.83,708.81,100.0,500.0, , , , , ,, , 
98,2018-05-09 09:35:09,1.01,1.81,0.88,1.65,-0.2,0.94,1.91,-0.81,1.22,1.85,-8.08, , , , , ,709.0,708.81,100.0,200.0, , , , , ,, , 
99,2018-05-09 09:35:12,1.06,1.83,0.71,1.79,-0.47,1.08,1.82,-0.98,1.38,1.87,-8.09, , , , , ,709.1,709.0,100.0,900.0, , , , , ,, , 
100,2018-05-09 09:35:15,0.76,1.58,0.57,1.59,-0.49,0.75,1.54,-0.94,0.96,1.61,-8.2, , , , , ,709.09,709.0,300.0,300.0, , , , , ,, , 
101,2018-05-09 09:35:18,0.58,1.48,0.33,1.45,-0.52,0.6,1.59,-0.91,0.8,1.38,-8.1, , , , , ,709.09,709.0,200.0,300.0, , , , , ,, , 
102,2018-05-09 09:35:21,0.76,1.62,0.58,1.62,-0.51,0.69,1.78,-0.73,1.0,1.47,-7.82, , , , , ,709.0,708.9,700.0,500.0, , , , , ,, , 
103,2018-05-09 09:35:24,0.86,1.37,0.54,1.39,-0.65,0.85,1.54,-0.89,1.2,1.19,-7.82, , , , , ,709.09,709.0,300.0,100.0, , , , , ,, , 
104,2018-05-09 09:35:27,0.82,1.37,0.65,1.47,-0.59,0.68,1.55,-0.87,1.12,1.11,-7.61, , , , , ,709.09,708.92,300.0,200.0, , , , , ,, , 
105,2018-05-09 09:35:30,0.78,1.33,0.67,1.39,-0.72,0.57,1.49,-1.02,1.1,1.12,-7.56, , , , , ,709.1,709.09,300.0,200.0, , , , , ,, , 
106,2018-05-09 09:35:33,0.49,0.94,0.56,0.95,-0.56,0.28,0.98,-0.92,0.63,0.9,-7.24, , , , , ,709.0,708.99,1600.0,400.0, , , , , ,, , 
107,2018-05-09 09:35:36,0.35,0.78,0.38,0.88,-0.58,0.29,0.84,-0.95,0.37,0.63,-7.11, , , , , ,709.0,708.99,2200.0,800.0, , , , , ,, , 
108,2018-05-09 09:35:39,0.09,0.58,0.07,0.73,-0.55,0.04,0.58,-0.93,0.17,0.43,-6.89, , , , , ,708.99,708.92,100.0,200.0, , , , , ,, , 
109,2018-05-09 09:35:42,-0.11,0.41,-0.14,0.6,-0.58,-0.08,0.34,-0.97,-0.13,0.31,-6.91, , , , , ,708.99,708.92,100.0,200.0, , , , , ,, , 
110,2018-05-09 09:35:45,-0.16,0.29,-0.06,0.47,-0.46,-0.14,0.15,-0.83,-0.29,0.25,-6.69, , , , , ,708.9,708.81,300.0,200.0, , , , , ,, , 
111,2018-05-09 09:35:48,-0.03,0.33,-0.04,0.61,-0.55,0.11,0.21,-0.93,-0.17,0.18,-6.82, , , , , ,708.99,708.81,700.0,300.0, , , , , ,, , 
112,2018-05-09 09:35:51,-0.01,0.32,-0.01,0.59,-0.56,-0.13,0.27,-0.94,0.12,0.1,-6.83, , , , , ,708.99,708.81,200.0,200.0, , , , , ,, , 
113,2018-05-09 09:35:54,-0.05,0.38,-0.15,0.61,-0.61,-0.11,0.31,-0.94,0.13,0.22,-6.73, , , , , ,708.97,708.81,300.0,200.0, , , , , ,, , 
114,2018-05-09 09:35:57,-0.07,0.31,-0.14,0.44,-0.65,-0.17,0.28,-1.02,0.1,0.22,-6.86, , , , , ,708.97,708.81,300.0,200.0, , , , , ,, , 
115,2018-05-09 09:36:00,-0.07,0.26,-0.25,0.32,-0.61,-0.19,0.19,-1.09,0.22,0.28,-6.7, , , , , ,708.85,708.81,500.0,200.0, , , , , ,, , 
116,2018-05-09 09:36:03,-0.31,0.21,-0.44,0.28,-0.66,-0.56,0.12,-1.38,0.09,0.24,-6.6, , , , , ,708.85,708.81,200.0,100.0, , , , , ,, , 
117,2018-05-09 09:36:06,-0.46,0.03,-0.52,0.05,-0.46,-0.68,-0.08,-1.6,-0.18,0.13,-6.41, , , , , ,708.8,708.58,200.0,92.0, , , , , ,, , 
118,2018-05-09 09:36:09,-0.44,0.03,-0.51,0.04,-0.48,-0.67,-0.11,-1.95,-0.13,0.17,-6.43, , , , , ,708.8,708.53,300.0,92.0, , , , , ,, , 
119,2018-05-09 09:36:12,-0.32,0.01,-0.54,-0.03,-0.73,-0.64,-0.05,-2.67,0.24,0.12,-6.79, , , , , ,708.9,708.85,400.0,92.0, , , , , ,, , 
120,2018-05-09 09:36:15,-0.28,0.04,-0.45,0.1,-0.4,-0.54,-0.0,-2.78,0.15,0.01,-6.56, , , , , ,708.8,708.51,8.0,600.0, , , , , ,, , 
121,2018-05-09 09:36:18,-0.12,0.1,-0.38,0.13,-0.25,-0.16,0.04,-2.99,0.18,0.11,-6.54, , , , , ,708.65,708.51,300.0,600.0, , , , , ,, , 
122,2018-05-09 09:36:21,-0.17,0.09,-0.48,0.07,-0.21,-0.25,0.06,-3.29,0.21,0.14,-6.58, , , , , ,708.65,708.51,200.0,100.0, , , , , ,, , 
123,2018-05-09 09:36:24,-0.24,0.01,-0.47,-0.07,-0.21,-0.31,0.01,-3.45,0.07,0.09,-6.57, , , , , ,708.65,708.47,200.0,100.0, , , , , ,, , 
124,2018-05-09 09:36:27,-0.31,-0.02,-0.56,-0.04,-0.32,-0.49,-0.05,-3.71,0.11,0.03,-6.65, , , , , ,708.65,708.58,100.0,1300.0, , , , , ,, , 
125,2018-05-09 09:36:30,-0.22,0.04,-0.49,-0.03,-0.32,-0.41,0.02,-3.9,0.22,0.14,-6.6, , , , , ,708.6,708.59,300.0,200.0, , , , , ,, , 
126,2018-05-09 09:36:33,-0.44,-0.02,-0.67,-0.12,-0.34,-0.64,-0.05,-4.14,-0.02,0.11,-6.58, , , , , ,708.6,708.58,300.0,1000.0, , , , , ,, , 
127,2018-05-09 09:36:36,-0.47,-0.08,-0.62,-0.16,-0.38,-0.77,-0.15,-4.38,-0.02,0.07,-6.59, , , , , ,708.6,708.58,800.0,900.0, , , , , ,, , 
128,2018-05-09 09:36:39,-0.56,-0.17,-0.69,-0.15,-0.35,-0.89,-0.31,-4.5,-0.1,-0.05,-6.55, , , , , ,708.58,708.51,300.0,100.0, , , , , ,, , 
129,2018-05-09 09:36:42,-0.51,-0.23,-0.62,-0.24,-0.36,-0.78,-0.43,-4.56,-0.13,-0.0,-6.54,-2000.0,708.56,708.56,-100.0,1900.0,708.58,708.47,700.0,100.0, , , ,2018-05-09 09:36:42.627000,2018-05-09 09:36:46.076000,, , 
130,2018-05-09 09:36:45,-0.47,-0.16,-0.66,-0.22,-0.35,-0.75,-0.31,-4.61,0.01,0.05,-6.54, , , , , ,708.56,708.47,1900.0,200.0, , , , , ,, , 
131,2018-05-09 09:36:48,-0.61,-0.29,-0.7,-0.35,-0.38,-0.98,-0.49,-4.7,-0.15,-0.03,-6.51,-1900.0,708.53,0.0,-0.0,1900.0,708.55,708.47,300.0,100.0, , , ,2018-05-09 09:36:48.613000,2018-05-09 09:36:52.118000,, , 
132,2018-05-09 09:36:51,-0.61,-0.27,-0.68,-0.3,-0.35,-0.95,-0.46,-4.74,-0.19,-0.05,-6.45, , , , , ,708.5,708.47,200.0,200.0, , , , , ,, , 
133,2018-05-09 09:36:54,-0.47,-0.15,-0.56,-0.21,-0.37,-0.7,-0.3,-4.88,-0.14,0.04,-6.42, , , , , ,708.51,708.47,200.0,200.0, , , , , ,, , 
134,2018-05-09 09:36:57,-0.46,-0.1,-0.61,-0.21,-0.27,-0.71,-0.28,-4.79,-0.05,0.19,-6.21, , , , , ,708.47,708.24,200.0,600.0, , , , , ,, , 
135,2018-05-09 09:37:00,-0.28,0.0,-0.54,-0.14,-0.45,-0.48,-0.09,-4.89,0.18,0.24,-6.24, , , , , ,708.5,708.25,100.0,100.0, , , , , ,, , 
136,2018-05-09 09:37:03,-0.38,-0.05,-0.59,-0.19,-0.71,-0.58,-0.14,-4.97,0.03,0.18,-6.2, , , , , ,708.47,708.25,300.0,100.0, , , , , ,, , 
137,2018-05-09 09:37:06,-0.34,-0.02,-0.49,-0.19,-1.14,-0.57,-0.07,-5.06,0.03,0.21,-6.2, , , , , ,708.49,708.24,100.0,800.0, , , , , ,, , 
138,2018-05-09 09:37:09,-0.39,0.01,-0.57,-0.13,-1.51,-0.6,-0.08,-5.38,-0.01,0.25,-6.18, , , , , ,708.47,708.24,100.0,600.0, , , , , ,, , 
139,2018-05-09 09:37:12,-0.57,-0.1,-0.64,-0.19,-1.77,-0.91,-0.26,-5.57,-0.16,0.14,-5.99, , , , , ,708.24,708.23,400.0,100.0, , , , , ,, , 
140,2018-05-09 09:37:15,-0.49,-0.05,-0.65,-0.15,-2.5,-0.82,-0.16,-6.22,0.0,0.16,-6.2, , , , , ,708.47,708.45,500.0,900.0, , , , , ,, , 
141,2018-05-09 09:37:18,-0.47,-0.05,-0.54,-0.11,-2.82,-0.75,-0.26,-6.82,-0.11,0.21,-6.12, , , , , ,708.47,708.45,700.0,800.0, , , , , ,, , 
142,2018-05-09 09:37:21,-0.57,-0.08,-0.69,-0.15,-3.12,-0.88,-0.24,-7.2,-0.14,0.14,-6.0, , , , , ,708.47,708.45,700.0,700.0, , , , , ,, , 
143,2018-05-09 09:37:24,-0.77,-0.26,-0.75,-0.32,-3.17,-1.24,-0.45,-7.38,-0.32,-0.0,-5.83,-1600.0,708.45,708.45,-200.0,1700.0,708.47,708.24,700.0,51.0, , , ,2018-05-09 09:37:24.686000,2018-05-09 09:37:28.217000,, , 
144,2018-05-09 09:37:27,-0.76,-0.31,-0.68,-0.33,-3.37,-1.25,-0.51,-7.7,-0.36,-0.08,-5.96,-1600.0,708.43,0.0,-0.0,1700.0,708.45,708.3,1400.0,500.0, , , ,2018-05-09 09:37:28.218000,2018-05-09 09:37:31.247000,, , 
145,2018-05-09 09:37:30,-0.61,-0.16,-0.57,-0.21,-3.58,-0.91,-0.37,-7.78,-0.34,0.1,-6.01, , , , , ,708.43,708.3,1600.0,500.0, , , , , ,, , 
146,2018-05-09 09:37:33,-0.47,-0.02,-0.59,-0.11,-3.84,-0.7,-0.22,-7.87,-0.12,0.26,-6.11, , , , , ,708.45,708.3,100.0,500.0, , , , , ,, , 
147,2018-05-09 09:37:36,-0.4,0.03,-0.56,-0.12,-3.94,-0.63,-0.1,-7.9,-0.01,0.3,-5.83, , , , , ,708.3,708.24,400.0,200.0, , , , , ,, , 
148,2018-05-09 09:37:39,-0.33,0.08,-0.56,-0.01,-4.12,-0.49,-0.07,-8.1,0.07,0.34,-5.79, , , , , ,708.3,708.25,400.0,100.0, , , , , ,, , 
149,2018-05-09 09:37:42,-0.36,0.02,-0.52,-0.1,-4.19,-0.57,-0.2,-8.15,0.02,0.36,-5.74, , , , , ,708.3,708.22,400.0,651.0, , , , , ,, , 
150,2018-05-09 09:37:45,-0.54,-0.1,-0.6,-0.17,-4.26,-0.87,-0.25,-8.31,-0.13,0.14,-5.72, , , , , ,708.3,708.22,700.0,200.0, , , , , ,, , 
151,2018-05-09 09:37:48,-0.56,-0.12,-0.62,-0.15,-4.33,-0.94,-0.31,-8.32,-0.11,0.11,-5.79, , , , , ,708.3,708.21,200.0,500.0, , , , , ,, , 
152,2018-05-09 09:37:51,-0.54,-0.21,-0.68,-0.19,-4.34,-0.8,-0.38,-8.2,-0.14,-0.06,-5.75, , , , , ,708.21,708.2,200.0,15000.0, , , , , ,, , 
153,2018-05-09 09:37:54,-0.6,-0.16,-0.63,-0.16,-4.5,-0.81,-0.36,-8.29,-0.37,0.03,-5.8, , , , , ,708.25,708.2,100.0,14500.0, , , , , ,, , 
154,2018-05-09 09:37:57,-0.78,-0.28,-0.77,-0.35,-4.61,-1.1,-0.5,-8.21,-0.49,0.01,-5.85,-1700.0,708.23,0.0,-0.0,1700.0,708.25,708.2,5200.0,6300.0, , , ,2018-05-09 09:37:57.600000,2018-05-09 09:38:00.852000,, , 
155,2018-05-09 09:38:00,-1.52,-0.95,-1.65,-1.36,-4.38,-1.84,-1.02,-7.71,-1.07,-0.45,-5.62,-1700.0,708.0,0.0,-0.0,1700.0,708.01,708.0,500.0,1333.0, , , ,2018-05-09 09:38:00.853000,2018-05-09 09:38:03.974000,, , 
156,2018-05-09 09:38:03,-1.65,-1.2,-1.95,-1.55,-4.12,-1.93,-1.39,-7.09,-1.07,-0.64,-5.3,-1700.0,707.58,0.0,-0.0,1700.0,707.94,707.58,300.0,200.0, , , ,2018-05-09 09:38:03.974000,2018-05-09 09:38:07.002000,, , 
157,2018-05-09 09:38:06,-1.56,-1.14,-1.79,-1.39,-3.74,-1.82,-1.46,-6.32,-1.06,-0.57,-4.88,-1700.0,707.3,0.0,-0.0,1700.0,707.55,707.3,200.0,500.0, , , ,2018-05-09 09:38:07.002000,2018-05-09 09:38:10.023000,, , 
158,2018-05-09 09:38:09,-1.63,-0.91,-2.09,-1.0,-3.53,-1.85,-1.23,-5.46,-0.96,-0.5,-4.36,-1700.0,707.0,707.0,-700.0,1000.0,707.07,707.0,1000.0,700.0, , , ,2018-05-09 09:38:10.023000,2018-05-09 09:38:13.202000,, , 
159,2018-05-09 09:38:12,-1.71,-0.92,-2.12,-1.28,-3.72,-1.95,-1.04,-5.1,-1.05,-0.45,-4.24,-1000.0,706.88,706.88,-100.0,900.0,706.96,706.88,100.0,100.0, , , ,2018-05-09 09:38:13.202000,2018-05-09 09:38:16.226000,, , 
160,2018-05-09 09:38:15,-1.62,-0.78,-2.14,-1.16,-3.52,-1.76,-0.99,-4.7,-0.97,-0.19,-3.79,-900.0,706.5,0.0,-0.0,900.0,706.59,706.5,100.0,200.0, , , ,2018-05-09 09:38:16.226000,2018-05-09 09:38:19.244000,, , 
161,2018-05-09 09:38:18,-1.28,-0.54,-1.66,-1.0,-3.7,-1.32,-0.73,-4.16,-0.85,0.1,-3.49, , , , , ,706.3,706.18,500.0,100.0, , , , , ,, , 
162,2018-05-09 09:38:21,-1.43,-0.44,-1.85,-0.93,-3.94,-1.5,-0.75,-3.88,-0.94,0.37,-3.53, , , , , ,706.18,706.11,100.0,200.0, , , , , ,, , 
163,2018-05-09 09:38:24,-1.43,-0.48,-1.79,-0.97,-4.15,-1.52,-0.72,-3.63,-0.98,0.24,-3.62, , , , , ,706.11,706.01,600.0,200.0, , , , , ,, , 
164,2018-05-09 09:38:27,-1.28,-0.51,-1.61,-1.05,-4.37,-1.34,-0.69,-3.38,-0.89,0.19,-3.77, , , , , ,706.01,706.0,400.0,300.0, , , , , ,, , 
165,2018-05-09 09:38:30,-1.07,-0.41,-1.15,-0.99,-4.1,-1.17,-0.56,-2.85,-0.89,0.32,-3.62, , , , , ,705.98,705.52,400.0,1200.0, , , , , ,, , 
166,2018-05-09 09:38:33,-1.19,-0.33,-1.33,-1.01,-3.83,-1.33,-0.38,-2.33,-0.93,0.39,-3.46, , , , , ,705.52,705.49,1200.0,100.0, , , , , ,, , 
167,2018-05-09 09:38:36,-1.1,-0.27,-1.13,-0.84,-3.8,-1.27,-0.37,-1.98,-0.9,0.41,-3.4, , , , , ,705.36,705.35,100.0,200.0, , , , , ,, , 
168,2018-05-09 09:38:39,-0.94,-0.16,-1.03,-0.71,-3.94,-1.03,-0.29,-1.78,-0.77,0.52,-3.54, , , , , ,705.35,705.29,800.0,800.0, , , , , ,, , 
169,2018-05-09 09:38:42,-0.84,-0.08,-0.96,-0.71,-3.92,-0.86,-0.24,-1.69,-0.69,0.71,-3.59, , , , , ,705.29,705.21,400.0,100.0, , , , , ,, , 
170,2018-05-09 09:38:45,-0.86,0.15,-1.06,-0.44,-4.08,-0.92,-0.09,-1.61,-0.59,0.98,-3.71, , , , , ,705.29,705.21,1400.0,100.0, , , , , ,, , 
171,2018-05-09 09:38:48,-0.72,0.34,-0.99,-0.11,-3.99,-0.63,0.14,-1.56,-0.53,0.98,-3.69, , , , , ,705.31,705.03,4802.0,100.0, , , , , ,, , 
172,2018-05-09 09:38:51,-0.35,0.52,-0.46,0.17,-3.79,-0.29,0.3,-1.44,-0.29,1.1,-3.55, , , , , ,705.1,705.03,100.0,300.0, , , , , ,, , 
173,2018-05-09 09:38:54,0.09,0.94,-0.14,0.58,-3.79,-0.01,0.79,-1.29,0.44,1.45,-3.35, , , , , ,705.03,705.02,400.0,100.0, , , , , ,, , 
174,2018-05-09 09:38:57,0.07,1.05,-0.24,0.71,-3.5,-0.08,0.75,-1.22,0.53,1.69,-3.06, , , , , ,705.0,704.77,100.0,100.0, , , , , ,, , 
175,2018-05-09 09:39:00,0.02,0.71,-0.33,0.29,-3.31,-0.05,0.61,-1.13,0.44,1.21,-2.89, , , , , ,704.99,704.77,2500.0,200.0, , , , , ,, , 
176,2018-05-09 09:39:03,-0.3,0.38,-0.78,-0.07,-2.99,-0.19,0.37,-0.99,0.06,0.85,-2.68, , , , , ,704.98,704.72,5200.0,100.0, , , , , ,, , 
177,2018-05-09 09:39:06,-0.3,0.25,-0.61,-0.13,-2.54,-0.28,0.2,-0.85,-0.02,0.67,-2.58, , , , , ,704.77,704.72,300.0,100.0, , , , , ,, , 
178,2018-05-09 09:39:09,-0.34,0.4,-0.71,-0.0,-2.08,-0.44,0.5,-0.76,0.12,0.69,-2.31, , , , , ,704.73,704.55,200.0,100.0, , , , , ,, , 
179,2018-05-09 09:39:12,-0.11,0.57,-0.45,0.18,-0.89,-0.26,0.56,0.16,0.37,0.96,-1.25, , , , , ,704.0,703.88,500.0,100.0, , , , , ,, , 
180,2018-05-09 09:39:15,-0.22,0.55,-0.74,-0.11,-0.86,-0.18,0.55,0.24,0.27,1.22,-0.96, , , , , ,703.99,703.69,800.0,400.0, , , , , ,, , 
181,2018-05-09 09:39:18,-0.41,0.45,-0.92,-0.31,-0.7,-0.41,0.37,0.22,0.1,1.28,-0.66, , , , , ,703.99,703.6,300.0,1200.0, , , , , ,, , 
182,2018-05-09 09:39:21,-0.32,0.82,-0.93,0.03,0.67,-0.26,0.88,1.4,0.23,1.57,0.74, , , , , ,703.0,702.88,6500.0,200.0, , , , , ,, , 
183,2018-05-09 09:39:24,-0.12,0.93,-0.97,0.18,0.89,-0.03,1.04,1.46,0.64,1.57,0.87, , , , , ,703.0,702.75,5500.0,100.0, , , , , ,, , 
184,2018-05-09 09:39:27,0.05,1.14,-0.61,0.45,1.0,0.08,1.28,1.42,0.68,1.7,0.87, , , , , ,703.0,702.82,5500.0,100.0, , , , , ,, , 
185,2018-05-09 09:39:30,0.39,1.43,-0.35,0.98,1.11,0.65,1.52,1.38,0.88,1.81,0.91, , , , , ,703.0,702.9,4600.0,100.0, , , , , ,, , 
186,2018-05-09 09:39:33,0.82,1.88,0.1,1.28,1.67,1.18,2.09,1.77,1.17,2.26,1.35,500.0,702.79,702.79,500.0,1400.0,702.79,702.58,5700.0,900.0, , , ,2018-05-09 09:39:33.589000,2018-05-09 09:39:34.149000,, , 
187,2018-05-09 09:39:36,0.71,1.68,0.09,0.89,1.83,0.86,2.0,1.79,1.17,2.14,1.49, , , , , ,702.75,702.58,300.0,200.0, , , , , ,, , 
188,2018-05-09 09:39:39,0.8,1.74,0.24,1.18,2.37,1.04,2.08,2.15,1.14,1.95,1.87, , , , , ,702.58,702.22,700.0,2100.0, , , , , ,, , 
189,2018-05-09 09:39:42,0.91,1.78,0.5,1.37,2.37,1.06,1.97,2.12,1.16,2.01,1.82,500.0,702.58,702.58,500.0,1900.0,702.58,702.22,200.0,900.0, , , ,2018-05-09 09:39:42.674000,2018-05-09 09:39:45.701000,, , 
190,2018-05-09 09:39:45,1.05,1.93,0.62,1.47,2.32,1.17,2.18,1.98,1.35,2.12,1.69, , , , , ,702.6,702.37,2400.0,1100.0, , , , , ,, , 
191,2018-05-09 09:39:48,0.98,1.85,0.55,1.42,2.64,1.23,2.14,2.41,1.15,1.98,2.12,500.0,702.22,702.22,500.0,2400.0,702.22,702.2,200.0,100.0, , , ,2018-05-09 09:39:48.627000,2018-05-09 09:39:50.240000,, , 
192,2018-05-09 09:39:51,0.98,1.86,0.59,1.49,2.44,1.32,2.1,2.25,1.04,1.99,1.94,100.0,702.58,702.58,100.0,2500.0,702.58,702.09,1200.0,100.0, , , ,2018-05-09 09:39:51.592000,2018-05-09 09:39:52.269000,, , 
193,2018-05-09 09:39:54,0.99,1.89,0.57,1.57,2.21,1.22,2.13,1.95,1.18,1.98,1.58, , , , , ,702.58,702.55,1000.0,100.0, , , , , ,, , 
194,2018-05-09 09:39:57,1.07,2.01,0.84,1.69,2.46,1.23,2.38,2.35,1.16,1.95,1.98, , , , , ,702.37,702.24,300.0,3200.0, , , , , ,, , 
195,2018-05-09 09:40:00,1.58,2.29,1.55,2.12,2.33,1.77,2.6,2.14,1.41,2.14,1.8, , , , , ,702.65,702.25,600.0,300.0, , , , , ,, , 
196,2018-05-09 09:40:03,1.57,2.43,1.52,2.21,1.82,1.66,2.69,1.56,1.52,2.4,1.24, , , , , ,702.99,702.75,1200.0,1100.0, , , , , ,, , 
197,2018-05-09 09:40:06,1.31,2.22,1.24,2.07,1.13,1.11,2.39,0.89,1.56,2.19,0.55, , , , , ,703.69,703.01,300.0,400.0, , , , , ,, , 
198,2018-05-09 09:40:09,1.34,2.31,1.41,2.13,1.38,1.23,2.67,1.2,1.38,2.13,0.79, , , , , ,703.69,702.58,300.0,5700.0, , , , , ,, , 
199,2018-05-09 09:40:12,1.24,2.17,1.33,1.98,1.01,1.32,2.35,0.92,1.08,2.18,0.43, , , , , ,703.69,703.0,300.0,1700.0, , , , , ,, , 
200,2018-05-09 09:40:15,0.97,2.0,1.16,1.84,0.82,0.92,2.38,0.91,0.83,1.77,0.32, , , , , ,703.85,703.01,800.0,200.0, , , , , ,, , 
201,2018-05-09 09:40:18,1.07,2.09,1.39,1.97,1.33,1.0,2.41,1.6,0.82,1.89,0.9, , , , , ,703.01,703.0,100.0,1500.0, , , , , ,, , 
202,2018-05-09 09:40:21,0.97,2.07,1.16,1.94,0.69,1.05,2.3,1.1,0.69,1.95,0.38, , , , , ,703.85,703.02,800.0,700.0, , , , , ,, , 
203,2018-05-09 09:40:24,0.47,1.74,0.85,1.78,0.19,0.47,1.87,0.64,0.08,1.59,-0.14, , , , , ,703.85,703.69,800.0,400.0, , , , , ,, , 
204,2018-05-09 09:40:27,0.16,1.53,0.63,1.66,0.19,0.08,1.71,0.55,-0.23,1.23,-0.16, , , , , ,703.85,703.69,800.0,100.0, , , , , ,, , 
205,2018-05-09 09:40:30,0.37,1.56,0.87,1.68,0.61,0.4,1.69,0.89,-0.14,1.32,0.26, , , , , ,703.69,703.28,100.0,100.0, , , , , ,, , 
206,2018-05-09 09:40:33,0.13,1.41,0.52,1.66,0.02,0.21,1.47,0.18,-0.35,1.1,-0.46, , , , , ,703.99,703.85,100.0,100.0, , , , , ,, , 
207,2018-05-09 09:40:36,-0.26,1.05,0.13,1.37,-0.5,-0.43,1.08,-0.2,-0.48,0.7,-0.98, , , , , ,704.55,704.0,300.0,400.0, , , , , ,, , 
208,2018-05-09 09:40:39,-0.21,1.01,0.18,1.35,-0.33,-0.25,1.07,0.05,-0.55,0.6,-0.81, , , , , ,704.48,703.8,100.0,100.0, , , , , ,, , 
209,2018-05-09 09:40:42,-0.11,0.99,0.37,1.17,-0.06,-0.24,1.12,0.38,-0.47,0.66,-0.53, , , , , ,704.0,703.85,800.0,100.0, , , , , ,, , 
210,2018-05-09 09:40:45,-0.29,0.57,0.12,0.79,-0.02,-0.33,0.58,0.43,-0.68,0.36,-0.51, , , , , ,704.0,703.8,600.0,400.0, , , , , ,, , 
211,2018-05-09 09:40:48,-0.76,0.33,-0.44,0.46,-0.84,-0.83,0.45,-0.48,-1.01,0.1,-1.32, , , , , ,704.5,704.48,800.0,200.0, , , , , ,, , 
212,2018-05-09 09:40:51,-0.73,0.27,-0.32,0.43,-0.04,-0.77,0.38,0.28,-1.09,0.02,-0.54, , , , , ,704.0,703.88,100.0,100.0, , , , , ,, , 
213,2018-05-09 09:40:54,-0.65,0.35,-0.26,0.44,0.08,-0.83,0.41,0.34,-0.88,0.19,-0.46, , , , , ,703.9,703.86,300.0,100.0, , , , , ,, , 
214,2018-05-09 09:40:57,-0.9,0.14,-0.5,0.3,-0.28,-1.09,0.01,-0.1,-1.12,0.13,-0.87, , , , , ,704.3,704.0,500.0,1300.0, , , , , ,, , 
215,2018-05-09 09:41:00,-1.01,0.07,-0.75,0.13,-0.28,-1.07,0.07,-0.18,-1.2,0.02,-0.9, , , , , ,704.3,704.0,300.0,1500.0, , , , , ,, , 
216,2018-05-09 09:41:03,-0.76,0.23,-0.42,0.33,-0.27,-0.74,0.19,-0.21,-1.11,0.17,-0.98, , , , , ,704.3,704.01,300.0,700.0, , , , , ,, , 
217,2018-05-09 09:41:06,-0.85,0.14,-0.54,0.14,-0.25,-1.05,0.12,-0.25,-0.95,0.17,-1.05, , , , , ,704.3,704.0,600.0,1100.0, , , , , ,, , 
218,2018-05-09 09:41:09,-1.25,-0.23,-1.02,-0.17,-0.2,-1.34,-0.41,-0.25,-1.38,-0.1,-1.15, , , , , ,704.25,704.0,600.0,500.0, , , , , ,, , 
219,2018-05-09 09:41:12,-1.44,-0.36,-1.3,-0.41,-0.0,-1.6,-0.44,-0.1,-1.42,-0.22,-1.15, , , , , ,704.0,703.99,2100.0,100.0, , , , , ,, , 
220,2018-05-09 09:41:15,-1.38,-0.48,-1.34,-0.48,0.16,-1.47,-0.71,-0.12,-1.34,-0.26,-1.31, , , , , ,703.99,703.92,300.0,100.0, , , , , ,, , 
221,2018-05-09 09:41:18,-1.18,-0.5,-1.09,-0.63,0.26,-1.3,-0.55,-0.25,-1.16,-0.33,-1.55, , , , , ,704.0,703.9,2000.0,100.0, , , , , ,, , 
222,2018-05-09 09:41:21,-1.28,-0.56,-1.15,-0.54,0.47,-1.32,-0.76,-0.32,-1.36,-0.37,-1.65, , , , , ,703.89,703.87,400.0,200.0, , , , , ,, , 
223,2018-05-09 09:41:24,-1.29,-0.41,-1.21,-0.48,0.48,-1.44,-0.5,-0.55,-1.22,-0.25,-1.8, , , , , ,703.9,703.87,100.0,100.0, , , , , ,, , 
224,2018-05-09 09:41:27,-1.14,-0.26,-1.08,-0.3,0.35,-1.25,-0.32,-0.79,-1.09,-0.16,-1.89, , , , , ,703.95,703.86,300.0,100.0, , , , , ,, , 
225,2018-05-09 09:41:30,-0.87,0.02,-0.81,-0.15,0.24,-0.99,0.08,-1.05,-0.82,0.14,-1.96, , , , , ,704.0,703.88,1100.0,900.0, , , , , ,, , 
226,2018-05-09 09:41:33,-0.72,0.16,-0.63,0.02,0.15,-0.85,0.07,-1.25,-0.7,0.37,-1.98, , , , , ,704.0,703.88,1000.0,700.0, , , , , ,, , 
227,2018-05-09 09:41:36,-0.9,0.08,-0.87,-0.17,0.28,-1.05,-0.01,-1.4,-0.8,0.43,-1.98, , , , , ,704.0,703.88,1100.0,100.0, , , , , ,, , 
228,2018-05-09 09:41:39,-0.88,0.01,-0.85,-0.2,0.43,-0.92,-0.17,-1.49,-0.87,0.41,-1.89, , , , , ,703.88,703.86,1100.0,200.0, , , , , ,, , 
229,2018-05-09 09:41:42,-0.7,0.09,-0.69,-0.22,0.46,-0.73,0.08,-1.64,-0.66,0.42,-1.91, , , , , ,703.88,703.86,100.0,200.0, , , , , ,, , 
230,2018-05-09 09:41:45,-0.7,0.12,-0.79,-0.09,0.48,-0.64,-0.01,-1.75,-0.67,0.45,-1.91, , , , , ,703.87,703.86,100.0,200.0, , , , , ,, , 
231,2018-05-09 09:41:48,-0.7,0.25,-0.71,0.04,0.34,-0.78,0.19,-1.92,-0.61,0.51,-2.02, , , , , ,703.96,703.88,100.0,200.0, , , , , ,, , 
232,2018-05-09 09:41:51,-0.47,0.47,-0.39,0.22,0.27,-0.46,0.47,-1.97,-0.56,0.73,-2.05, , , , , ,703.96,703.93,100.0,300.0, , , , , ,, , 
233,2018-05-09 09:41:54,-0.41,0.51,-0.28,0.28,0.27,-0.45,0.55,-1.81,-0.5,0.72,-2.05, , , , , ,703.94,703.93,100.0,600.0, , , , , ,, , 
234,2018-05-09 09:41:57,-0.38,0.46,-0.27,0.34,0.17,-0.36,0.49,-1.76,-0.51,0.55,-2.09, , , , , ,704.0,703.93,1400.0,400.0, , , , , ,, , 
235,2018-05-09 09:42:00,-0.32,0.57,-0.22,0.46,0.07,-0.27,0.62,-1.61,-0.46,0.63,-2.09, , , , , ,704.0,703.96,1400.0,100.0, , , , , ,, , 
236,2018-05-09 09:42:03,-0.43,0.44,-0.31,0.21,0.1,-0.36,0.52,-1.4,-0.62,0.58,-1.96, , , , , ,704.0,703.88,1400.0,700.0, , , , , ,, , 
237,2018-05-09 09:42:06,-0.37,0.44,-0.25,0.23,-0.01,-0.32,0.56,-1.5,-0.54,0.52,-1.9, , , , , ,704.0,703.96,200.0,100.0, , , , , ,, , 
238,2018-05-09 09:42:09,-0.07,0.7,0.06,0.62,-0.08,0.18,0.72,-1.41,-0.43,0.77,-1.83, , , , , ,704.01,704.0,600.0,100.0, , , , , ,, , 
239,2018-05-09 09:42:12,0.0,0.79,0.07,0.67,-0.11,0.3,0.86,-1.34,-0.37,0.84,-1.61, , , , , ,704.01,704.0,100.0,100.0, , , , , ,, , 
240,2018-05-09 09:42:15,-0.07,0.73,-0.04,0.65,-0.16,0.24,0.87,-1.16,-0.42,0.69,-1.38, , , , , ,704.01,703.95,100.0,200.0, , , , , ,, , 
241,2018-05-09 09:42:18,-0.19,0.73,-0.19,0.72,-0.72,0.04,0.91,-1.35,-0.43,0.56,-1.63, , , , , ,704.55,704.02,1300.0,100.0, , , , , ,, , 
242,2018-05-09 09:42:21,-0.24,0.71,-0.07,0.85,-0.84,-0.05,0.83,-1.12,-0.6,0.44,-1.33, , , , , ,704.55,703.95,1400.0,200.0, , , , , ,, , 
243,2018-05-09 09:42:24,-0.28,0.65,-0.09,0.83,-1.19,-0.11,0.8,-1.21,-0.65,0.31,-1.29, , , , , ,704.55,704.12,1300.0,100.0, , , , , ,, , 
244,2018-05-09 09:42:27,-0.15,0.74,0.15,1.04,-0.95,0.02,0.84,-0.7,-0.62,0.36,-0.67, , , , , ,704.02,704.01,100.0,800.0, , , , , ,, , 
245,2018-05-09 09:42:30,-0.14,0.73,0.14,1.0,-1.16,-0.02,0.86,-0.61,-0.54,0.33,-0.47, , , , , ,704.02,704.01,100.0,700.0, , , , , ,, , 
246,2018-05-09 09:42:33,-0.13,0.55,0.07,0.8,-1.43,0.04,0.65,-0.62,-0.51,0.19,-0.38, , , , , ,704.12,704.02,100.0,100.0, , , , , ,, , 
247,2018-05-09 09:42:36,-0.15,0.53,0.14,0.8,-1.6,0.01,0.75,-0.53,-0.59,0.04,-0.12, , , , , ,704.12,704.05,100.0,1400.0, , , , , ,, , 
248,2018-05-09 09:42:39,-0.15,0.49,0.21,0.73,-2.21,-0.11,0.65,-0.94,-0.56,0.1,-0.32, , , , , ,704.55,704.2,800.0,900.0, , , , , ,, , 
249,2018-05-09 09:42:42,-0.4,0.35,-0.01,0.61,-2.05,-0.55,0.54,-0.68,-0.65,-0.09,0.18, , , , , ,704.2,704.12,500.0,300.0, , , , , ,, , 
250,2018-05-09 09:42:45,-0.52,0.22,-0.15,0.48,-2.17,-0.59,0.36,-0.69,-0.82,-0.19,0.5, , , , , ,704.2,704.12,1200.0,200.0, , , , , ,, , 
251,2018-05-09 09:42:48,-0.55,0.04,-0.22,0.34,-2.21,-0.62,0.19,-0.6,-0.82,-0.39,0.5, , , , , ,704.2,704.05,1100.0,300.0, , , , , ,, , 
252,2018-05-09 09:42:51,-0.5,0.1,-0.2,0.38,-2.31,-0.58,0.3,-0.7,-0.72,-0.38,0.58, , , , , ,704.2,704.17,1000.0,200.0, , , , , ,, , 
253,2018-05-09 09:42:54,-0.61,-0.02,-0.33,0.17,-1.99,-0.71,0.15,-0.55,-0.78,-0.37,0.9, , , , , ,704.12,704.01,100.0,500.0, , , , , ,, , 
254,2018-05-09 09:42:57,-0.79,-0.17,-0.51,0.04,-1.95,-0.95,-0.03,-0.58,-0.9,-0.53,0.81, , , , , ,704.2,704.0,1000.0,100.0, , , , , ,, , 
255,2018-05-09 09:43:00,-0.87,-0.3,-0.6,0.01,-1.6,-1.0,-0.19,-0.36,-1.01,-0.71,1.18, , , , , ,704.0,703.95,1300.0,200.0, , , , , ,, , 
256,2018-05-09 09:43:03,-1.08,-0.45,-0.91,-0.24,-1.45,-1.13,-0.35,-0.34,-1.2,-0.75,1.15, , , , , ,704.0,703.95,2900.0,200.0, , , , , ,, , 
257,2018-05-09 09:43:06,-1.2,-0.57,-0.96,-0.4,-1.48,-1.34,-0.49,-0.33,-1.32,-0.83,1.04, , , , , ,704.0,703.95,3000.0,200.0, , , , , ,, , 
258,2018-05-09 09:43:09,-1.22,-0.67,-0.96,-0.53,-1.35,-1.35,-0.66,-0.39,-1.36,-0.82,1.08,-2300.0,703.98,703.98,-200.0,2300.0,704.0,703.93,3000.0,600.0, , , ,2018-05-09 09:43:09.698000,2018-05-09 09:43:13.502000,, , 
259,2018-05-09 09:43:12,-1.36,-0.74,-1.13,-0.59,-1.18,-1.5,-0.72,-0.35,-1.46,-0.92,1.19,-1900.0,703.88,703.88,-500.0,1800.0,703.9,703.88,400.0,100.0, , , ,2018-05-09 09:43:13.502000,2018-05-09 09:43:16.022000,, , 
260,2018-05-09 09:43:15,-1.54,-0.87,-1.31,-0.73,-1.0,-1.7,-0.92,-0.32,-1.6,-0.95,1.07,-1800.0,703.87,703.87,-400.0,1400.0,703.88,703.87,1400.0,300.0, , , ,2018-05-09 09:43:16.022000,2018-05-09 09:43:19.215000,, , 
261,2018-05-09 09:43:18,-1.56,-0.95,-1.3,-0.91,-0.58,-1.82,-0.96,-0.15,-1.55,-0.98,1.23,-1400.0,703.69,0.0,-0.0,1400.0,703.8,703.69,300.0,800.0, , , ,2018-05-09 09:43:19.215000,2018-05-09 09:43:22.254000,, , 
262,2018-05-09 09:43:21,-1.74,-1.14,-1.55,-1.3,-0.2,-2.03,-1.13,0.15,-1.63,-0.99,1.42,-1400.0,703.5,703.5,-200.0,1200.0,703.69,703.5,2500.0,400.0, , , ,2018-05-09 09:43:22.254000,2018-05-09 09:43:25.268000,, , 
263,2018-05-09 09:43:24,-1.78,-1.18,-1.55,-1.24,0.1,-2.15,-1.26,0.37,-1.63,-1.05,1.69,-1200.0,703.33,0.0,-0.0,1200.0,703.5,703.33,1200.0,200.0, , , ,2018-05-09 09:43:25.268000,2018-05-09 09:43:28.292000,, , 
264,2018-05-09 09:43:27,-1.83,-1.11,-1.73,-1.23,0.4,-2.13,-1.09,0.59,-1.61,-1.0,2.12,-1200.0,703.15,0.0,-0.0,1200.0,703.33,703.15,2100.0,100.0, , , ,2018-05-09 09:43:28.293000,2018-05-09 09:43:31.320000,, , 
265,2018-05-09 09:43:30,-1.73,-1.11,-1.64,-1.38,0.65,-2.0,-1.04,0.77,-1.56,-0.89,2.47,-1200.0,703.11,703.11,-800.0,400.0,703.15,703.11,1300.0,800.0, , , ,2018-05-09 09:43:31.320000,2018-05-09 09:43:34.340000,, , 
266,2018-05-09 09:43:33,-1.82,-1.09,-1.85,-1.51,0.89,-2.02,-0.93,0.84,-1.61,-0.83,2.67,-400.0,703.0,703.0,-400.0,0.0,703.01,703.0,900.0,500.0,-7145.06,-2.81, ,2018-05-09 09:43:34.340000,2018-05-09 09:43:35.219000,, , 
267,2018-05-09 09:43:36,-1.87,-1.15,-1.86,-1.7,1.17,-2.05,-0.95,0.98,-1.7,-0.81,2.88,-400.0,702.78,702.78,-400.0,-400.0,703.0,702.78,400.0,200.0, , , ,2018-05-09 09:43:36.631000,2018-05-09 09:43:38.255000,, , 
268,2018-05-09 09:43:39,-1.93,-1.11,-2.0,-1.7,1.31,-2.01,-0.92,1.1,-1.79,-0.72,3.0, , , , , ,703.0,702.59,2200.0,200.0, , , , , ,, , 
269,2018-05-09 09:43:42,-1.65,-0.96,-1.73,-1.68,1.55,-1.5,-0.71,1.38,-1.71,-0.49,3.26, , , , , ,702.6,702.58,100.0,1600.0, , , , , ,, , 
270,2018-05-09 09:43:45,-1.61,-0.89,-1.87,-1.66,1.54,-1.35,-0.62,1.36,-1.61,-0.41,3.24, , , , , ,702.6,702.58,200.0,200.0, , , , , ,, , 
271,2018-05-09 09:43:48,-1.37,-0.61,-1.58,-1.31,1.65,-1.02,-0.25,1.44,-1.52,-0.28,3.27, , , , , ,702.58,702.51,200.0,1800.0, , , , , ,, , 
272,2018-05-09 09:43:51,-1.03,-0.3,-1.24,-0.92,1.62,-0.65,0.01,1.44,-1.22,0.02,3.24, , , , , ,702.59,702.51,800.0,1600.0, , , , , ,, , 
273,2018-05-09 09:43:54,-0.93,-0.27,-1.35,-1.08,1.61,-0.38,0.14,1.44,-1.05,0.14,3.21, , , , , ,702.58,702.51,100.0,900.0, , , , , ,, , 
274,2018-05-09 09:43:57,-0.68,0.05,-1.05,-0.53,0.98,-0.17,0.37,0.76,-0.82,0.31,2.52, , , , , ,703.01,703.0,500.0,1400.0, , , , , ,, , 
275,2018-05-09 09:44:00,-0.23,0.36,-0.46,-0.04,1.3,0.25,0.69,1.02,-0.49,0.44,2.65, , , , , ,703.01,702.6,500.0,1100.0, , , , , ,, , 
276,2018-05-09 09:44:03,-0.02,0.6,-0.27,0.12,1.04,0.39,0.88,0.64,-0.16,0.79,2.19, , , , , ,703.02,703.01,500.0,500.0, , , , , ,, , 
277,2018-05-09 09:44:06,0.33,0.95,0.24,0.59,1.03,0.56,1.12,0.56,0.17,1.14,1.92,400.0,703.02,703.02,400.0,0.0,703.02,703.01,400.0,100.0,-424.9,-1.51, ,2018-05-09 09:44:06.852000,2018-05-09 09:44:07.486000,, , 
278,2018-05-09 09:44:09,0.33,1.15,0.24,0.81,1.15,0.52,1.21,0.61,0.22,1.44,1.73, , , , , ,703.11,702.66,1600.0,100.0, , , , , ,, , 
279,2018-05-09 09:44:12,0.42,1.35,0.47,1.22,0.73,0.54,1.53,0.08,0.26,1.29,1.13, , , , , ,703.15,703.11,100.0,1200.0, , , , , ,, , 
280,2018-05-09 09:44:15,0.46,1.17,0.63,1.05,0.64,0.63,1.34,-0.25,0.11,1.12,0.79, , , , , ,703.3,703.11,1500.0,1000.0, , , , , ,, , 
281,2018-05-09 09:44:18,0.54,1.24,0.79,1.26,0.26,0.58,1.32,-0.84,0.24,1.15,0.47, , , , , ,703.5,703.4,100.0,1300.0, , , , , ,, , 
282,2018-05-09 09:44:21,0.6,1.23,0.99,1.32,0.22,0.58,1.37,-1.17,0.24,1.01,0.42, , , , , ,703.69,703.4,100.0,300.0, , , , , ,, , 
283,2018-05-09 09:44:24,0.35,0.86,0.74,0.96,0.07,0.31,1.11,-1.44,0.0,0.5,0.33, , , , , ,703.86,703.4,100.0,200.0, , , , , ,, , 
284,2018-05-09 09:44:27,0.25,0.78,0.7,0.84,0.48,0.25,1.08,-1.06,-0.19,0.41,0.81, , , , , ,703.33,703.31,100.0,100.0, , , , , ,, , 
285,2018-05-09 09:44:30,0.36,0.83,0.71,0.95,0.1,0.43,1.1,-1.47,-0.07,0.44,0.4, , , , , ,703.69,703.5,100.0,4300.0, , , , , ,, , 
286,2018-05-09 09:44:33,0.26,0.74,0.58,0.83,-0.29,0.31,1.02,-1.77,-0.12,0.37,0.12, , , , , ,703.9,703.69,200.0,400.0, , , , , ,, , 
287,2018-05-09 09:44:36,0.2,0.85,0.51,1.08,-0.33,0.29,1.12,-1.79,-0.19,0.34,-0.08, , , , , ,703.9,703.73,200.0,200.0, , , , , ,, , 
288,2018-05-09 09:44:39,0.32,0.84,0.64,1.13,-0.11,0.53,1.07,-1.57,-0.21,0.31,-0.07, , , , , ,703.69,703.6,1100.0,100.0, , , , , ,, , 
289,2018-05-09 09:44:42,0.05,0.74,0.42,1.02,-0.06,0.13,0.85,-1.52,-0.4,0.34,-0.3, , , , , ,703.69,703.51,700.0,500.0, , , , , ,, , 
290,2018-05-09 09:44:45,-0.04,0.59,0.47,0.88,-0.17,0.06,0.62,-1.62,-0.64,0.26,-0.7, , , , , ,703.69,703.64,100.0,100.0, , , , , ,, , 
291,2018-05-09 09:44:48,-0.15,0.5,0.16,0.79,-0.34,-0.03,0.51,-1.84,-0.58,0.2,-0.93, , , , , ,703.9,703.69,200.0,700.0, , , , , ,, , 
292,2018-05-09 09:44:51,-0.19,0.38,0.09,0.6,-0.27,-0.06,0.41,-1.77,-0.61,0.12,-0.86, , , , , ,703.9,703.6,100.0,100.0, , , , , ,, , 
293,2018-05-09 09:44:54,-0.23,0.44,0.14,0.73,0.0,-0.18,0.47,-1.51,-0.66,0.14,-0.56, , , , , ,703.6,703.51,400.0,100.0, , , , , ,, , 
294,2018-05-09 09:44:57,-0.2,0.4,0.3,0.68,-0.11,-0.19,0.47,-1.6,-0.72,0.04,-0.65, , , , , ,703.64,703.6,100.0,100.0, , , , , ,, , 
295,2018-05-09 09:45:00,-0.3,0.27,0.2,0.56,-0.46,-0.3,0.51,-1.89,-0.79,-0.27,-0.95, , , , , ,703.93,703.75,500.0,500.0, , , , , ,, , 
296,2018-05-09 09:45:03,-0.25,0.33,0.26,0.66,-0.56,-0.2,0.54,-1.85,-0.82,-0.21,-0.9, , , , , ,703.93,703.79,500.0,100.0, , , , , ,, , 
297,2018-05-09 09:45:06,-0.27,0.4,0.25,0.8,-0.34,-0.26,0.56,-1.43,-0.81,-0.16,-0.46, , , , , ,703.69,703.6,300.0,300.0, , , , , ,, , 
298,2018-05-09 09:45:09,-0.43,0.35,0.08,0.69,-0.42,-0.53,0.51,-1.27,-0.85,-0.14,-0.29, , , , , ,703.69,703.54,100.0,100.0, , , , , ,, , 
299,2018-05-09 09:45:12,-0.49,0.22,-0.01,0.57,-0.67,-0.53,0.35,-1.12,-0.92,-0.24,-0.26, , , , , ,703.8,703.52,500.0,100.0, , , , , ,, , 
300,2018-05-09 09:45:15,-0.51,0.22,-0.06,0.57,-0.91,-0.58,0.31,-0.93,-0.88,-0.22,-0.23, , , , , ,703.69,703.64,100.0,100.0, , , , , ,, , 
301,2018-05-09 09:45:18,-0.54,0.18,-0.1,0.44,-1.15,-0.59,0.21,-0.75,-0.94,-0.11,-0.2, , , , , ,703.79,703.54,200.0,100.0, , , , , ,, , 
302,2018-05-09 09:45:21,-0.61,0.15,-0.12,0.37,-1.19,-0.69,0.15,-0.35,-1.03,-0.09,-0.01, , , , , ,703.6,703.51,100.0,700.0, , , , , ,, , 
303,2018-05-09 09:45:24,-0.65,0.15,-0.15,0.43,-1.84,-0.69,0.14,-0.7,-1.11,-0.12,-0.44, , , , , ,703.93,703.9,400.0,300.0, , , , , ,, , 
304,2018-05-09 09:45:27,-0.75,0.02,-0.26,0.18,-1.41,-0.78,-0.01,-0.03,-1.2,-0.11,0.12, , , , , ,703.64,703.5,1000.0,7000.0, , , , , ,, , 
305,2018-05-09 09:45:30,-0.93,-0.14,-0.66,-0.03,-1.44,-0.84,-0.22,0.17,-1.3,-0.16,-0.05, , , , , ,703.64,703.5,900.0,6500.0, , , , , ,, , 
306,2018-05-09 09:45:33,-0.9,-0.3,-0.58,-0.14,-1.52,-0.91,-0.36,0.26,-1.22,-0.4,-0.29, , , , , ,703.64,703.6,900.0,100.0, , , , , ,, , 
307,2018-05-09 09:45:36,-0.95,-0.41,-0.67,-0.23,-1.52,-0.84,-0.39,0.54,-1.36,-0.6,-0.45, , , , , ,703.64,703.6,900.0,200.0, , , , , ,, , 
308,2018-05-09 09:45:39,-0.77,-0.13,-0.38,0.05,-1.4,-0.75,-0.06,0.89,-1.17,-0.38,-0.41, , , , , ,703.55,703.5,300.0,13800.0, , , , , ,, , 
309,2018-05-09 09:45:42,-0.68,-0.06,-0.27,0.09,-1.42,-0.74,0.0,1.09,-1.03,-0.28,-0.42, , , , , ,703.55,703.5,200.0,12800.0, , , , , ,, , 
310,2018-05-09 09:45:45,-0.76,-0.13,-0.24,0.01,-1.47,-0.85,-0.09,1.36,-1.19,-0.32,-0.38, , , , , ,703.6,703.5,300.0,11900.0, , , , , ,, , 
311,2018-05-09 09:45:48,-0.67,0.05,-0.14,0.28,-1.53,-0.66,0.14,1.28,-1.2,-0.26,-0.24, , , , , ,703.6,703.55,300.0,800.0, , , , , ,, , 
312,2018-05-09 09:45:51,-0.68,-0.02,-0.19,0.14,-1.53,-0.74,-0.01,1.46,-1.11,-0.21,0.11, , , , , ,703.6,703.55,300.0,900.0, , , , , ,, , 
313,2018-05-09 09:45:54,-1.04,-0.27,-0.67,-0.35,-1.51,-1.14,-0.27,1.63,-1.31,-0.19,0.54, , , , , ,703.6,703.5,400.0,10800.0, , , , , ,, , 
314,2018-05-09 09:45:57,-1.14,-0.42,-0.71,-0.42,-1.47,-1.17,-0.56,1.62,-1.54,-0.29,0.9, , , , , ,703.55,703.5,100.0,11000.0, , , , , ,, , 
315,2018-05-09 09:46:00,-1.2,-0.51,-0.85,-0.49,-1.42,-1.12,-0.56,1.84,-1.62,-0.47,0.92, , , , , ,703.51,703.5,200.0,8500.0, , , , , ,, , 
316,2018-05-09 09:46:03,-1.62,-1.02,-1.66,-1.15,-1.33,-1.53,-1.11,1.83,-1.69,-0.79,0.69,-500.0,703.44,0.0,-0.0,0.0,703.55,703.44,300.0,100.0, , , ,2018-05-09 09:46:03.783000,2018-05-09 09:46:07.256000,, , 
317,2018-05-09 09:46:06,-1.83,-1.19,-1.98,-1.55,-0.97,-1.6,-1.04,1.97,-1.91,-0.96,0.74, , , , , ,703.33,703.32,400.0,100.0, , , , , ,, , 
318,2018-05-09 09:46:09,-1.89,-1.29,-2.13,-1.44,-0.84,-1.54,-1.36,2.02,-2.0,-1.06,0.57,-500.0,703.3,0.0,-0.0,0.0,703.32,703.3,800.0,100.0, , , ,2018-05-09 09:46:09.732000,2018-05-09 09:46:13.321000,, , 
319,2018-05-09 09:46:12,-1.92,-1.41,-2.23,-1.78,-0.39,-1.49,-1.24,2.25,-2.05,-1.23,0.77, , , , , ,703.29,703.0,1500.0,400.0, , , , , ,, , 
320,2018-05-09 09:46:15,-1.88,-1.35,-2.16,-1.73,0.07,-1.6,-1.12,2.37,-1.89,-1.19,1.0,-500.0,702.92,702.92,-100.0,-100.0,703.0,702.92,1900.0,100.0, , , ,2018-05-09 09:46:15.611000,2018-05-09 09:46:18.874000,, , 
321,2018-05-09 09:46:18,-1.9,-1.29,-2.21,-1.78,0.62,-1.64,-0.95,2.72,-1.85,-1.13,1.59, , , , , ,702.71,702.68,700.0,100.0, , , , , ,, , 
322,2018-05-09 09:46:21,-1.92,-1.21,-2.12,-1.67,0.98,-1.69,-0.93,2.81,-1.96,-1.04,2.06, , , , , ,702.64,702.61,300.0,300.0, , , , , ,, , 
323,2018-05-09 09:46:24,-2.02,-1.25,-2.18,-1.8,1.19,-1.78,-1.01,2.86,-2.11,-0.93,2.54, , , , , ,702.6,702.58,300.0,900.0, , , , , ,, , 
324,2018-05-09 09:46:27,-2.02,-1.05,-2.28,-1.65,1.42,-1.82,-0.69,3.1,-1.97,-0.83,2.83, , , , , ,702.6,702.51,200.0,2700.0, , , , , ,, , 
325,2018-05-09 09:46:30,-1.73,-0.95,-1.93,-1.66,1.62,-1.41,-0.61,3.3,-1.86,-0.58,2.85, , , , , ,702.58,702.51,200.0,2600.0, , , , , ,, , 
326,2018-05-09 09:46:33,-1.69,-0.9,-1.89,-1.49,1.78,-1.25,-0.59,3.33,-1.93,-0.62,2.98, , , , , ,702.59,702.51,100.0,2200.0, , , , , ,, , 
327,2018-05-09 09:46:36,-1.5,-0.74,-1.54,-1.32,2.06,-1.09,-0.38,3.37,-1.87,-0.52,3.09, , , , , ,702.59,702.51,400.0,1800.0, , , , , ,, , 
328,2018-05-09 09:46:39,-1.38,-0.66,-1.27,-1.29,2.28,-1.2,-0.17,3.34,-1.68,-0.51,3.42, , , , , ,702.59,702.51,300.0,600.0, , , , , ,, , 
329,2018-05-09 09:46:42,-1.0,-0.42,-0.62,-1.04,2.54,-0.89,0.01,3.38,-1.5,-0.21,3.5, , , , , ,702.51,702.5,100.0,800.0, , , , , ,, , 
330,2018-05-09 09:46:45,-1.11,-0.39,-1.0,-0.86,2.86,-0.81,-0.04,3.36,-1.5,-0.26,3.43, , , , , ,702.51,702.5,100.0,500.0, , , , , ,, , 
331,2018-05-09 09:46:48,-0.86,-0.25,-0.77,-0.73,2.79,-0.49,0.12,3.31,-1.31,-0.13,3.38, , , , , ,702.53,702.51,5700.0,1200.0, , , , , ,, , 
332,2018-05-09 09:46:51,-0.86,-0.23,-0.7,-0.65,3.04,-0.7,0.12,3.38,-1.19,-0.15,3.46, , , , , ,702.5,702.41,1400.0,100.0, , , , , ,, , 
333,2018-05-09 09:46:54,-0.57,-0.01,-0.4,-0.49,3.1,-0.25,0.49,3.25,-1.06,-0.04,3.58, , , , , ,702.53,702.51,4300.0,100.0, , , , , ,, , 
334,2018-05-09 09:46:57,-0.26,0.28,-0.15,-0.08,3.15,0.04,0.69,3.29,-0.65,0.24,3.63, , , , , ,702.53,702.39,2900.0,400.0, , , , , ,, , 
335,2018-05-09 09:47:00,0.01,0.45,0.12,0.21,3.25,0.29,0.8,3.05,-0.37,0.35,3.5, , , , , ,702.53,702.52,1100.0,100.0, , , , , ,, , 
336,2018-05-09 09:47:03,0.27,0.9,0.46,0.75,3.22,0.45,1.07,2.9,-0.1,0.87,3.38,100.0,702.53,702.53,100.0,0.0,702.53,702.52,600.0,100.0,-43.24,-0.62, ,2018-05-09 09:47:03.714000,2018-05-09 09:47:04.377000,, , 
337,2018-05-09 09:47:06,0.41,0.96,0.67,0.86,2.82,0.63,1.15,2.33,-0.07,0.86,3.09, , , , , ,702.92,702.53,100.0,1400.0, , , , , ,, , 
338,2018-05-09 09:47:09,0.52,1.18,0.88,1.3,2.75,0.69,1.31,1.86,-0.02,0.93,2.99, , , , , ,702.92,702.67,100.0,1000.0, , , , , ,, , 
339,2018-05-09 09:47:12,0.57,1.28,0.88,1.49,2.7,0.82,1.37,1.56,-0.0,0.99,2.5, , , , , ,702.99,702.67,800.0,100.0, , , , , ,, , 
340,2018-05-09 09:47:15,0.62,1.4,1.06,1.74,2.12,0.7,1.41,0.89,0.11,1.04,1.84, , , , , ,703.28,702.99,1400.0,600.0, , , , , ,, , 
341,2018-05-09 09:47:18,0.79,1.48,1.43,1.81,1.87,0.85,1.48,0.69,0.1,1.16,1.42,500.0,703.3,703.3,500.0,500.0,703.3,703.28,400.0,1700.0, , , ,2018-05-09 09:47:18.742000,2018-05-09 09:47:21.598000,, , 
342,2018-05-09 09:47:21,0.94,1.75,1.45,2.03,1.85,1.12,1.7,0.79,0.25,1.52,1.23,500.0,703.3,0.0,0.0,500.0,703.3,703.28,100.0,1700.0, , , ,2018-05-09 09:47:21.692000,2018-05-09 09:47:24.906000,, , 
343,2018-05-09 09:47:24,1.05,1.82,1.43,2.07,1.52,1.16,1.74,0.47,0.55,1.64,1.12, , , , , ,703.55,703.51,100.0,1500.0, , , , , ,, , 
344,2018-05-09 09:47:27,1.06,1.8,1.33,2.0,1.62,1.18,1.64,0.41,0.66,1.75,1.11,500.0,703.64,0.0,0.0,500.0,703.64,703.55,800.0,300.0, , , ,2018-05-09 09:47:27.718000,2018-05-09 09:47:30.956000,, , 
345,2018-05-09 09:47:30,0.91,1.63,1.23,1.79,1.54,0.96,1.52,0.12,0.55,1.58,0.89, , , , , ,703.93,703.64,300.0,1500.0, , , , , ,, , 
346,2018-05-09 09:47:33,0.79,1.71,1.1,1.97,1.5,0.87,1.57,0.07,0.4,1.6,0.88, , , , , ,704.0,703.65,1100.0,1100.0, , , , , ,, , 
347,2018-05-09 09:47:36,0.69,1.65,1.05,1.86,1.29,0.62,1.55,-0.34,0.39,1.53,0.81, , , , , ,704.01,704.0,600.0,2000.0, , , , , ,, , 
348,2018-05-09 09:47:39,0.66,1.6,0.99,1.97,0.72,0.63,1.34,-1.12,0.35,1.47,0.41, , , , , ,704.77,704.01,800.0,400.0, , , , , ,, , 
349,2018-05-09 09:47:42,0.13,1.06,0.46,1.3,0.7,-0.1,0.92,-1.42,0.02,0.96,0.56, , , , , ,704.77,704.0,800.0,1800.0, , , , , ,, , 
350,2018-05-09 09:47:45,-0.49,0.5,-0.05,0.64,0.68,-0.38,0.47,-1.72,-1.03,0.4,0.74, , , , , ,704.77,704.0,900.0,1800.0, , , , , ,, , 
351,2018-05-09 09:47:48,-0.67,0.32,-0.11,0.54,-0.06,-0.74,0.19,-2.47,-1.15,0.22,0.02, , , , , ,704.95,704.82,100.0,100.0, , , , , ,, , 
352,2018-05-09 09:47:51,-0.25,0.53,0.37,1.14,0.81,-0.38,0.19,-1.58,-0.72,0.27,0.92, , , , , ,704.5,704.01,600.0,100.0, , , , , ,, , 
353,2018-05-09 09:47:54,-0.21,0.49,0.14,0.88,-0.08,-0.33,0.27,-2.41,-0.43,0.33,0.05, , , , , ,704.95,704.77,100.0,400.0, , , , , ,, , 
354,2018-05-09 09:47:57,-0.28,0.41,0.07,0.53,-0.01,-0.3,0.33,-2.29,-0.62,0.36,0.12, , , , , ,704.8,704.77,600.0,400.0, , , , , ,, , 
355,2018-05-09 09:48:00,-0.42,0.4,-0.11,0.56,-0.17,-0.56,0.37,-2.29,-0.59,0.27,0.11, , , , , ,704.8,704.77,600.0,300.0, , , , , ,, , 
356,2018-05-09 09:48:03,-0.26,0.33,0.04,0.59,-0.32,-0.31,0.33,-2.21,-0.5,0.09,0.1, , , , , ,704.8,704.77,500.0,200.0, , , , , ,, , 
357,2018-05-09 09:48:06,-0.57,0.16,-0.24,0.47,-0.59,-0.74,0.21,-2.08,-0.72,-0.19,0.1, , , , , ,704.8,704.77,100.0,400.0, , , , , ,, , 
358,2018-05-09 09:48:09,-0.61,0.21,-0.24,0.47,-0.54,-0.66,0.33,-1.52,-0.92,-0.18,0.53, , , , , ,704.95,704.01,100.0,100.0, , , , , ,, , 
359,2018-05-09 09:48:12,-0.59,0.22,-0.3,0.43,-1.34,-0.57,0.37,-1.98,-0.9,-0.13,-0.2, , , , , ,704.95,704.8,100.0,200.0, , , , , ,, , 
360,2018-05-09 09:48:15,-0.79,-0.09,-0.56,0.09,-1.42,-0.78,-0.13,-1.79,-1.03,-0.22,-0.21, , , , , ,704.77,704.76,500.0,100.0, , , , , ,, , 
361,2018-05-09 09:48:18,-0.84,-0.08,-0.5,0.06,-0.86,-0.9,-0.07,-1.23,-1.12,-0.23,0.15, , , , , ,704.77,704.01,400.0,200.0, , , , , ,, , 
362,2018-05-09 09:48:21,-0.84,-0.02,-0.61,0.05,-0.78,-0.69,0.09,-1.2,-1.21,-0.18,0.15, , , , , ,704.77,704.02,200.0,100.0, , , , , ,, , 
363,2018-05-09 09:48:24,-0.94,-0.12,-0.86,-0.0,-1.39,-0.8,-0.18,-1.75,-1.16,-0.19,-0.48, , , , , ,704.9,704.77,600.0,300.0, , , , , ,, , 
364,2018-05-09 09:48:27,-0.79,-0.1,-0.75,-0.03,-1.27,-0.61,-0.09,-1.6,-1.01,-0.18,-0.6, , , , , ,704.8,704.77,100.0,500.0, , , , , ,, , 
365,2018-05-09 09:48:30,-0.66,0.0,-0.55,0.08,-1.49,-0.47,0.06,-1.96,-0.96,-0.13,-0.99, , , , , ,704.94,704.9,600.0,1200.0, , , , , ,, , 
366,2018-05-09 09:48:33,-0.62,0.12,-0.52,0.09,-1.48,-0.34,0.25,-2.14,-0.99,0.03,-1.33, , , , , ,704.94,704.9,600.0,1500.0, , , , , ,, , 
367,2018-05-09 09:48:36,-0.64,0.06,-0.48,0.12,-1.64,-0.47,-0.02,-2.29,-0.97,0.09,-1.52, , , , , ,704.93,704.9,600.0,1800.0, , , , , ,, , 
368,2018-05-09 09:48:39,-0.68,-0.07,-0.6,-0.05,-1.86,-0.46,-0.13,-2.38,-0.97,-0.03,-1.52, , , , , ,704.93,704.9,500.0,100.0, , , , , ,, , 
369,2018-05-09 09:48:42,-0.95,-0.35,-0.77,-0.21,-2.08,-0.78,-0.43,-2.3,-1.29,-0.4,-1.42,-500.0,704.88,0.0,-0.0,500.0,704.9,704.8,700.0,100.0, , , ,2018-05-09 09:48:42.619000,2018-05-09 09:48:45.910000,, , 
370,2018-05-09 09:48:45,-1.06,-0.36,-0.8,-0.33,-2.37,-0.93,-0.28,-2.21,-1.45,-0.47,-1.4, , , , , ,704.88,704.8,500.0,200.0, , , , , ,, , 
371,2018-05-09 09:48:48,-1.0,-0.41,-0.75,-0.32,-2.42,-0.94,-0.37,-2.05,-1.31,-0.53,-1.41,-500.0,704.88,704.88,-400.0,100.0,704.9,704.8,800.0,200.0, , , ,2018-05-09 09:48:48.663000,2018-05-09 09:48:51.942000,, , 
372,2018-05-09 09:48:51,-1.09,-0.52,-0.92,-0.41,-2.39,-0.96,-0.51,-1.66,-1.38,-0.66,-1.36,-100.0,704.86,0.0,-0.0,100.0,704.88,704.77,100.0,400.0, , , ,2018-05-09 09:48:51.943000,2018-05-09 09:48:54.961000,, , 
373,2018-05-09 09:48:54,-1.19,-0.57,-0.96,-0.4,-2.31,-1.04,-0.64,-1.22,-1.58,-0.67,-1.31,-100.0,704.84,704.84,-100.0,0.0,704.86,704.72,100.0,100.0,373.65,1.06, ,2018-05-09 09:48:54.962000,2018-05-09 09:48:58.065000,, , 
374,2018-05-09 09:48:57,-1.24,-0.57,-0.98,-0.41,-2.23,-1.05,-0.58,-0.83,-1.69,-0.73,-1.19, , , , , ,704.84,704.64,100.0,100.0, , , , , ,, , 
375,2018-05-09 09:49:00,-1.3,-0.58,-1.09,-0.4,-2.22,-1.11,-0.59,-0.83,-1.71,-0.75,-1.14, , , , , ,704.84,704.64,100.0,100.0, , , , , ,, , 
376,2018-05-09 09:49:03,-1.26,-0.43,-1.03,-0.26,-1.65,-1.09,-0.37,-0.59,-1.67,-0.67,-0.6, , , , , ,704.64,704.15,100.0,100.0, , , , , ,, , 
377,2018-05-09 09:49:06,-1.18,-0.27,-0.95,-0.03,-1.47,-1.06,-0.28,-0.72,-1.54,-0.51,-0.38, , , , , ,704.64,704.07,1500.0,200.0, , , , , ,, , 
378,2018-05-09 09:49:09,-1.06,-0.03,-0.82,0.23,-0.79,-0.89,0.02,-0.36,-1.47,-0.35,0.3, , , , , ,704.0,703.93,100.0,100.0, , , , , ,, , 
379,2018-05-09 09:49:12,-0.88,0.12,-0.57,0.43,-0.31,-0.8,0.22,-0.01,-1.27,-0.29,0.79, , , , , ,703.93,703.46,700.0,100.0, , , , , ,, , 
380,2018-05-09 09:49:15,-0.76,0.18,-0.56,0.35,-0.28,-0.71,0.22,-0.04,-1.02,-0.04,0.74, , , , , ,703.93,703.46,200.0,100.0, , , , , ,, , 
381,2018-05-09 09:49:18,-0.6,0.45,-0.32,0.43,-0.24,-0.67,0.66,0.17,-0.81,0.24,0.57, , , , , ,703.93,703.46,100.0,100.0, , , , , ,, , 
382,2018-05-09 09:49:21,-0.61,0.36,-0.46,0.19,-0.69,-0.52,0.55,0.05,-0.85,0.35,0.04, , , , , ,704.07,704.0,100.0,100.0, , , , , ,, , 
383,2018-05-09 09:49:24,-0.44,0.42,-0.33,0.19,-0.49,-0.45,0.72,0.59,-0.54,0.36,0.2, , , , , ,704.0,703.9,100.0,100.0, , , , , ,, , 
384,2018-05-09 09:49:27,-0.23,0.44,-0.14,0.25,-0.16,-0.27,0.71,1.11,-0.28,0.37,0.52, , , , , ,704.07,703.46,100.0,100.0, , , , , ,, , 
385,2018-05-09 09:49:30,-0.19,0.49,-0.13,0.32,-0.38,-0.21,0.68,1.07,-0.23,0.47,0.53, , , , , ,704.14,703.46,100.0,100.0, , , , , ,, , 
386,2018-05-09 09:49:33,-0.25,0.49,-0.2,0.36,-0.78,-0.17,0.6,0.97,-0.38,0.5,0.34, , , , , ,704.0,703.93,300.0,100.0, , , , , ,, , 
387,2018-05-09 09:49:36,-0.17,0.58,-0.21,0.37,-0.98,-0.07,0.78,1.04,-0.23,0.58,0.07, , , , , ,704.0,703.98,200.0,100.0, , , , , ,, , 
388,2018-05-09 09:49:39,-0.05,0.76,-0.04,0.6,-0.07,0.06,0.93,2.38,-0.17,0.74,1.02, , , , , ,703.29,703.28,600.0,100.0, , , , , ,, , 
389,2018-05-09 09:49:42,-0.14,0.79,-0.16,0.73,0.1,0.11,1.0,2.57,-0.38,0.65,1.16, , , , , ,703.2,703.11,400.0,100.0, , , , , ,, , 
390,2018-05-09 09:49:45,-0.22,0.78,-0.16,0.76,0.26,0.07,0.97,2.58,-0.57,0.62,1.2, , , , , ,703.2,703.01,100.0,600.0, , , , , ,, , 
391,2018-05-09 09:49:48,-0.05,0.72,-0.02,0.69,0.36,0.32,1.03,2.48,-0.44,0.43,1.4, , , , , ,703.29,703.01,200.0,500.0, , , , , ,, , 
392,2018-05-09 09:49:51,0.13,0.84,0.07,0.73,0.71,0.45,1.1,2.47,-0.14,0.68,1.59, , , , , ,703.29,703.02,200.0,100.0, , , , , ,, , 
393,2018-05-09 09:49:54,0.25,0.9,0.21,0.75,1.1,0.48,1.11,2.67,0.05,0.86,1.95, , , , , ,703.29,703.02,200.0,100.0, , , , , ,, , 
394,2018-05-09 09:49:57,0.19,0.88,0.16,0.74,1.38,0.46,1.05,2.6,-0.06,0.86,2.14, , , , , ,703.29,703.07,200.0,800.0, , , , , ,, , 
395,2018-05-09 09:50:00,0.38,1.01,0.42,0.85,1.38,0.66,1.45,2.57,0.07,0.75,2.31, , , , , ,703.29,703.07,200.0,1000.0, , , , , ,, , 
396,2018-05-09 09:50:03,0.47,0.96,0.47,0.85,1.14,0.69,1.3,2.45,0.25,0.71,2.48, , , , , ,703.29,703.07,100.0,900.0, , , , , ,, , 
397,2018-05-09 09:50:06,0.43,0.89,0.42,0.7,0.67,0.58,1.13,2.16,0.28,0.82,2.21, , , , , ,703.46,703.29,100.0,200.0, , , , , ,, , 
398,2018-05-09 09:50:09,0.29,0.85,0.25,0.73,0.23,0.51,1.05,1.92,0.12,0.77,1.97, , , , , ,703.8,703.29,600.0,100.0, , , , , ,, , 
399,2018-05-09 09:50:12,0.29,0.9,0.25,0.78,0.2,0.52,1.12,1.49,0.1,0.81,1.79, , , , , ,703.8,703.29,600.0,400.0, , , , , ,, , 
400,2018-05-09 09:50:15,0.24,0.9,0.18,0.81,0.3,0.52,1.01,1.4,0.02,0.88,1.76, , , , , ,703.8,703.1,600.0,1100.0, , , , , ,, , 
401,2018-05-09 09:50:18,-0.03,0.62,-0.12,0.62,0.52,0.2,0.6,1.2,-0.16,0.64,1.73, , , , , ,703.8,703.1,600.0,300.0, , , , , ,, , 
402,2018-05-09 09:50:21,-0.13,0.53,0.01,0.64,0.6,-0.03,0.54,0.71,-0.37,0.4,1.28, , , , , ,703.8,703.51,600.0,1000.0, , , , , ,, , 
403,2018-05-09 09:50:24,-0.06,0.59,0.02,0.77,1.02,0.07,0.69,0.95,-0.28,0.31,1.29, , , , , ,703.8,703.51,600.0,1200.0, , , , , ,, , 
404,2018-05-09 09:50:27,-0.11,0.65,-0.04,0.77,1.27,-0.09,0.7,1.02,-0.2,0.48,1.3, , , , , ,703.8,703.51,500.0,1400.0, , , , , ,, , 
405,2018-05-09 09:50:30,0.03,0.55,-0.0,0.68,1.25,0.1,0.55,1.05,-0.01,0.41,1.16, , , , , ,703.8,703.53,400.0,300.0, , , , , ,, , 
406,2018-05-09 09:50:33,0.25,0.64,0.33,0.78,2.1,0.42,0.78,1.81,-0.0,0.37,1.87, , , , , ,703.18,703.15,1100.0,100.0, , , , , ,, , 
407,2018-05-09 09:50:36,0.36,0.84,0.35,0.94,2.21,0.66,0.91,2.0,0.07,0.66,1.71, , , , , ,703.18,703.15,1100.0,100.0, , , , , ,, , 
408,2018-05-09 09:50:39,0.19,1.15,0.15,1.15,2.47,0.31,1.37,2.07,0.11,0.92,1.65, , , , , ,703.33,703.1,100.0,800.0, , , , , ,, , 
409,2018-05-09 09:50:42,0.21,1.27,0.36,1.25,2.24,0.19,1.41,1.97,0.08,1.16,1.41, , , , , ,703.6,703.18,400.0,100.0, , , , , ,, , 
410,2018-05-09 09:50:45,0.32,1.47,0.5,1.37,2.54,0.39,1.85,2.51,0.07,1.18,1.78, , , , , ,703.15,703.11,100.0,500.0, , , , , ,, , 
411,2018-05-09 09:50:48,0.24,1.48,0.41,1.62,2.12,0.36,1.79,2.13,-0.07,1.04,1.55, , , , , ,703.6,703.2,400.0,100.0, , , , , ,, , 
412,2018-05-09 09:50:51,-0.04,1.19,-0.11,1.21,1.7,0.21,1.36,1.71,-0.21,1.0,1.24, , , , , ,703.79,703.6,100.0,4700.0, , , , , ,, , 
413,2018-05-09 09:50:54,-0.43,1.05,-0.71,0.93,0.9,-0.17,1.34,0.71,-0.41,0.87,0.36, , , , , ,705.0,703.79,1300.0,600.0, , , , , ,, , 
414,2018-05-09 09:50:57,-0.68,0.83,-0.79,0.72,1.1,-0.45,0.98,0.9,-0.8,0.8,0.73, , , , , ,704.86,703.6,100.0,4600.0, , , , , ,, , 
415,2018-05-09 09:51:00,-0.64,0.84,-0.76,0.91,0.98,-0.27,1.1,0.8,-0.9,0.5,0.78, , , , , ,704.99,703.6,100.0,4700.0, , , , , ,, , 
416,2018-05-09 09:51:03,-0.34,0.97,-0.27,1.15,1.71,-0.12,1.14,1.66,-0.62,0.61,1.67, , , , , ,703.79,703.6,600.0,4700.0, , , , , ,, , 
417,2018-05-09 09:51:06,-0.44,1.22,-0.45,1.53,1.71,-0.19,1.35,1.66,-0.69,0.78,1.7, , , , , ,703.79,703.6,600.0,4700.0, , , , , ,, , 
418,2018-05-09 09:51:09,-0.3,1.4,-0.21,1.65,1.7,-0.21,1.56,1.64,-0.49,0.98,1.69, , , , , ,703.79,703.61,500.0,700.0, , , , , ,, , 
419,2018-05-09 09:51:12,-0.06,1.35,-0.47,1.29,1.2,0.41,1.56,1.4,-0.13,1.19,1.59, , , , , ,703.79,703.7,200.0,100.0, , , , , ,, , 
420,2018-05-09 09:51:15,0.15,1.19,0.07,1.27,1.18,0.44,1.32,1.45,-0.07,0.98,1.67, , , , , ,703.61,703.6,1200.0,4100.0, , , , , ,, , 
421,2018-05-09 09:51:18,0.04,0.99,0.09,1.17,0.97,0.18,1.08,1.27,-0.16,0.73,1.54, , , , , ,703.61,703.6,800.0,4100.0, , , , , ,, , 
422,2018-05-09 09:51:21,-0.34,0.75,-0.66,0.8,-0.2,-0.17,0.81,0.29,-0.2,0.64,0.32, , , , , ,704.98,703.61,300.0,1300.0, , , , , ,, , 
423,2018-05-09 09:51:24,-0.6,0.62,-0.75,0.7,-0.66,-0.29,0.75,-0.42,-0.76,0.4,-0.59, , , , , ,704.97,704.61,500.0,100.0, , , , , ,, , 
424,2018-05-09 09:51:27,-0.66,0.58,-0.67,0.7,-0.58,-0.54,0.61,-0.61,-0.76,0.43,-0.71, , , , , ,704.97,704.61,400.0,100.0, , , , , ,, , 
425,2018-05-09 09:51:30,-0.75,0.66,-0.94,0.89,0.14,-0.62,0.69,-0.12,-0.67,0.41,-0.05, , , , , ,704.97,703.64,400.0,300.0, , , , , ,, , 
426,2018-05-09 09:51:33,-0.62,0.67,-0.83,0.89,0.19,-0.46,0.74,-0.46,-0.57,0.37,0.08, , , , , ,704.96,703.66,200.0,100.0, , , , , ,, , 
427,2018-05-09 09:51:36,-0.55,0.75,-0.64,0.7,-0.85,-0.49,0.86,-1.88,-0.51,0.69,-1.14, , , , , ,705.35,705.0,100.0,6200.0, , , , , ,, , 
428,2018-05-09 09:51:39,-0.12,1.04,-0.14,0.88,-0.59,-0.21,1.08,-1.77,-0.02,1.17,-0.91, , , , , ,705.18,705.0,100.0,4700.0, , , , , ,, , 
429,2018-05-09 09:51:42,-0.29,0.78,-0.66,0.46,-0.67,-0.22,0.6,-1.98,0.01,1.29,-1.09, , , , , ,705.49,705.0,100.0,4100.0, , , , , ,, , 
430,2018-05-09 09:51:45,-0.27,0.73,-0.51,0.7,0.8,-0.08,0.54,-0.69,-0.21,0.97,0.17, , , , , ,705.0,703.68,200.0,200.0, , , , , ,, , 
431,2018-05-09 09:51:48,-0.68,0.48,-0.69,0.61,-0.12,-0.51,0.33,-1.61,-0.82,0.5,-0.64, , , , , ,705.0,704.98,100.0,100.0, , , , , ,, , 
432,2018-05-09 09:51:51,-0.71,0.15,-0.66,0.22,-0.12,-0.67,0.03,-1.59,-0.78,0.2,-0.52, , , , , ,705.0,704.98,100.0,100.0, , , , , ,, , 
433,2018-05-09 09:51:54,-0.8,0.33,-0.89,0.44,-0.49,-0.73,0.43,-1.95,-0.79,0.14,-0.88, , , , , ,705.49,705.0,200.0,100.0, , , , , ,, , 
434,2018-05-09 09:51:57,-0.97,0.29,-1.22,0.51,-0.04,-0.77,0.29,-1.42,-0.93,0.09,-0.39, , , , , ,705.0,704.8,200.0,300.0, , , , , ,, , 
435,2018-05-09 09:52:00,-1.2,0.29,-1.18,0.61,-0.05,-1.13,0.37,-1.36,-1.29,-0.12,-0.41, , , , , ,705.0,704.8,1600.0,400.0, , , , , ,, , 
436,2018-05-09 09:52:03,-1.23,-0.05,-1.12,0.4,-0.06,-1.27,-0.16,-1.32,-1.32,-0.39,-0.56, , , , , ,705.0,704.8,1400.0,400.0, , , , , ,, , 
437,2018-05-09 09:52:06,-1.12,-0.15,-1.06,0.21,-0.06,-1.2,-0.11,-1.15,-1.1,-0.56,-0.59, , , , , ,704.99,704.8,800.0,400.0, , , , , ,, , 
438,2018-05-09 09:52:09,-1.2,-0.27,-1.21,0.04,-0.07,-1.17,-0.29,-1.01,-1.23,-0.54,-0.6, , , , , ,704.99,704.8,800.0,300.0, , , , , ,, , 
439,2018-05-09 09:52:12,-1.21,-0.31,-1.06,0.02,-0.23,-1.21,-0.4,-0.92,-1.35,-0.56,-0.56, , , , , ,704.99,704.8,700.0,100.0, , , , , ,, , 
440,2018-05-09 09:52:15,-0.78,0.33,-0.37,1.0,1.34,-0.93,0.36,0.78,-1.03,-0.38,1.23, , , , , ,703.69,703.66,300.0,100.0, , , , , ,, , 
441,2018-05-09 09:52:18,-0.77,0.31,-0.41,1.04,0.36,-0.9,0.25,-0.22,-0.98,-0.36,0.45, , , , , ,704.8,703.7,1400.0,100.0, , , , , ,, , 
442,2018-05-09 09:52:21,-1.07,0.31,-1.31,0.66,0.22,-0.94,0.37,-0.4,-0.96,-0.11,0.35, , , , , ,704.99,703.7,100.0,400.0, , , , , ,, , 
443,2018-05-09 09:52:24,-0.91,0.41,-0.93,0.79,0.22,-0.73,0.46,-0.36,-1.07,-0.02,0.35, , , , , ,704.99,703.7,100.0,400.0, , , , , ,, , 
444,2018-05-09 09:52:27,-0.65,0.54,-0.66,0.84,0.02,-0.47,0.71,-0.32,-0.82,0.08,0.39, , , , , ,705.0,703.7,2200.0,200.0, , , , , ,, , 
445,2018-05-09 09:52:30,-0.87,0.44,-0.95,0.75,-0.35,-0.86,0.45,-0.42,-0.81,0.1,0.27, , , , , ,704.95,703.99,100.0,300.0, , , , , ,, , 
446,2018-05-09 09:52:33,-0.91,0.18,-1.08,0.51,-0.69,-0.86,0.09,-0.38,-0.78,-0.06,0.33, , , , , ,704.95,703.99,100.0,400.0, , , , , ,, , 
447,2018-05-09 09:52:36,-0.72,0.34,-0.89,0.51,-0.89,-0.67,0.42,-0.61,-0.59,0.1,0.33, , , , , ,704.95,703.99,100.0,400.0, , , , , ,, , 
448,2018-05-09 09:52:39,-0.88,0.12,-1.13,0.31,-1.46,-0.87,-0.01,-1.23,-0.64,0.08,-0.29, , , , , ,704.95,704.8,100.0,1600.0, , , , , ,, , 
449,2018-05-09 09:52:42,-0.84,0.07,-0.91,0.23,-1.46,-0.91,-0.08,-1.29,-0.71,0.07,-0.35, , , , , ,704.95,704.8,100.0,1800.0, , , , , ,, , 
450,2018-05-09 09:52:45,-0.82,0.1,-0.93,0.28,-1.47,-0.76,0.08,-1.33,-0.76,-0.05,-0.42, , , , , ,704.98,704.8,200.0,600.0, , , , , ,, , 
451,2018-05-09 09:52:48,-0.91,-0.01,-1.0,0.04,-1.56,-0.85,0.04,-1.18,-0.87,-0.11,-0.51, , , , , ,704.97,704.95,5600.0,100.0, , , , , ,, , 
452,2018-05-09 09:52:51,-1.05,-0.26,-1.01,0.01,-1.44,-1.08,-0.36,-0.85,-1.07,-0.43,-0.37, , , , , ,704.95,704.8,300.0,300.0, , , , , ,, , 
453,2018-05-09 09:52:54,-0.99,-0.23,-0.88,0.06,-1.42,-0.99,-0.36,-0.5,-1.11,-0.37,-0.35, , , , , ,704.95,704.8,100.0,300.0, , , , , ,, , 
454,2018-05-09 09:52:57,-0.84,-0.05,-0.87,0.12,-1.38,-0.73,-0.14,-0.27,-0.92,-0.14,-0.34, , , , , ,704.95,704.8,100.0,400.0, , , , , ,, , 
455,2018-05-09 09:53:00,-0.83,-0.1,-0.86,0.06,-1.29,-0.69,-0.19,-0.06,-0.93,-0.17,-0.2, , , , , ,704.9,704.8,100.0,500.0, , , , , ,, , 
456,2018-05-09 09:53:03,-0.9,-0.13,-0.87,0.11,-1.25,-0.77,-0.19,0.1,-1.07,-0.32,-0.1, , , , , ,704.9,704.8,200.0,500.0, , , , , ,, , 
457,2018-05-09 09:53:06,-0.96,-0.23,-0.9,0.04,-1.08,-0.92,-0.29,0.11,-1.07,-0.43,0.0, , , , , ,704.9,704.8,200.0,400.0, , , , , ,, , 
458,2018-05-09 09:53:09,-0.97,-0.24,-0.94,-0.07,-0.99,-0.91,-0.26,0.08,-1.06,-0.41,0.06, , , , , ,704.95,704.8,100.0,400.0, , , , , ,, , 
459,2018-05-09 09:53:12,-1.0,-0.38,-0.84,-0.14,-0.81,-0.97,-0.44,-0.01,-1.17,-0.57,0.14, , , , , ,704.83,704.8,200.0,400.0, , , , , ,, , 
460,2018-05-09 09:53:15,-1.12,-0.31,-0.97,0.08,-0.24,-1.07,-0.4,0.42,-1.32,-0.6,0.74, , , , , ,704.8,703.99,900.0,100.0, , , , , ,, , 
461,2018-05-09 09:53:18,-1.03,-0.11,-0.86,0.3,-0.42,-1.08,-0.08,0.39,-1.14,-0.54,0.74, , , , , ,704.8,703.99,900.0,100.0, , , , , ,, , 
462,2018-05-09 09:53:21,-0.95,-0.12,-0.68,0.22,-0.47,-1.01,-0.09,0.23,-1.15,-0.49,0.74, , , , , ,704.8,703.99,900.0,100.0, , , , , ,, , 
463,2018-05-09 09:53:24,-1.11,-0.23,-0.98,-0.04,-1.03,-1.17,-0.37,-0.36,-1.17,-0.3,0.14, , , , , ,704.83,704.8,200.0,100.0, , , , , ,, , 
464,2018-05-09 09:53:27,-1.0,-0.1,-0.71,0.27,-0.36,-1.1,-0.26,0.27,-1.2,-0.32,0.74, , , , , ,704.77,703.99,600.0,100.0, , , , , ,, , 
465,2018-05-09 09:53:30,-0.7,0.25,-0.32,0.72,0.47,-0.84,0.18,0.91,-0.94,-0.16,1.49, , , , , ,703.99,703.7,1700.0,700.0, , , , , ,, , 
466,2018-05-09 09:53:33,-0.72,0.25,-0.42,0.58,0.51,-0.87,0.17,0.91,-0.86,0.01,1.48, , , , , ,703.99,703.7,600.0,400.0, , , , , ,, , 
467,2018-05-09 09:53:36,-0.92,0.01,-0.54,0.27,0.28,-1.15,-0.17,0.74,-1.08,-0.08,1.48, , , , , ,703.99,703.7,900.0,400.0, , , , , ,, , 
468,2018-05-09 09:53:39,-0.89,0.12,-0.48,0.38,0.23,-1.12,0.06,0.76,-1.05,-0.08,1.48, , , , , ,703.99,703.69,900.0,300.0, , , , , ,, , 
469,2018-05-09 09:53:42,-0.78,0.21,-0.48,0.45,0.18,-0.95,0.14,0.77,-0.92,0.05,1.5, , , , , ,703.99,703.69,800.0,300.0, , , , , ,, , 
470,2018-05-09 09:53:45,-0.76,0.16,-0.63,0.37,0.12,-0.78,0.04,0.73,-0.87,0.08,1.38, , , , , ,703.99,703.74,200.0,100.0, , , , , ,, , 
471,2018-05-09 09:53:48,-0.68,0.22,-0.55,0.46,0.37,-0.85,0.09,0.89,-0.65,0.12,1.27, , , , , ,704.0,703.74,5600.0,100.0, , , , , ,, , 
472,2018-05-09 09:53:51,-0.64,0.34,-0.5,0.61,0.6,-0.82,0.2,1.02,-0.61,0.23,1.23, , , , , ,704.0,703.7,3800.0,100.0, , , , , ,, , 
473,2018-05-09 09:53:54,-0.4,0.57,-0.12,0.83,0.94,-0.73,0.41,1.1,-0.34,0.48,1.08, , , , , ,704.0,703.74,3800.0,100.0, , , , , ,, , 
474,2018-05-09 09:53:57,-0.25,0.7,-0.11,0.73,1.12,-0.59,0.59,1.21,-0.05,0.78,0.95, , , , , ,704.0,703.79,3800.0,200.0, , , , , ,, , 
475,2018-05-09 09:54:00,-0.39,0.67,-0.34,0.55,1.16,-0.66,0.45,1.21,-0.18,1.0,0.77, , , , , ,704.0,703.99,3800.0,500.0, , , , , ,, , 
476,2018-05-09 09:54:03,-0.39,0.67,-0.3,0.55,1.32,-0.55,0.45,1.24,-0.31,1.02,0.77, , , , , ,704.0,703.99,3800.0,700.0, , , , , ,, , 
477,2018-05-09 09:54:06,-0.22,0.75,-0.21,0.64,1.33,-0.29,0.6,1.27,-0.16,1.0,0.72, , , , , ,704.0,703.99,3100.0,600.0, , , , , ,, , 
478,2018-05-09 09:54:09,-0.28,0.8,-0.46,0.51,0.8,-0.23,0.86,0.74,-0.13,1.03,0.2, , , , , ,704.73,704.0,600.0,100.0, , , , , ,, , 
479,2018-05-09 09:54:12,-0.42,0.8,-0.74,0.47,0.62,-0.26,0.96,0.71,-0.26,0.95,0.24, , , , , ,704.73,704.0,700.0,200.0, , , , , ,, , 
480,2018-05-09 09:54:15,-0.43,0.66,-0.53,0.57,0.61,-0.24,0.91,0.73,-0.51,0.51,0.39, , , , , ,704.73,703.79,700.0,100.0, , , , , ,, , 
481,2018-05-09 09:54:18,-0.25,0.6,-0.2,0.65,1.1,-0.22,0.74,1.14,-0.33,0.4,0.99, , , , , ,703.99,703.79,2000.0,300.0, , , , , ,, , 
482,2018-05-09 09:54:21,-0.09,0.74,-0.15,0.71,0.98,0.05,1.05,0.93,-0.16,0.44,1.1, , , , , ,703.99,703.74,200.0,400.0, , , , , ,, , 
483,2018-05-09 09:54:24,-0.01,0.86,-0.37,0.66,0.46,0.34,1.22,0.2,-0.01,0.69,0.56, , , , , ,704.73,703.74,600.0,400.0, , , , , ,, , 
484,2018-05-09 09:54:27,-0.17,0.76,-0.52,0.53,0.29,0.01,0.98,-0.1,0.0,0.78,0.34, , , , , ,704.73,704.0,500.0,100.0, , , , , ,, , 
485,2018-05-09 09:54:30,-0.16,0.68,-0.39,0.49,0.62,-0.05,0.92,0.32,-0.03,0.63,0.78, , , , , ,704.09,704.0,100.0,300.0, , , , , ,, , 
486,2018-05-09 09:54:33,-0.23,0.49,-0.34,0.45,0.62,-0.13,0.66,0.46,-0.21,0.36,0.77, , , , , ,704.09,704.0,100.0,300.0, , , , , ,, , 
487,2018-05-09 09:54:36,-0.46,0.32,-0.67,0.29,0.02,-0.3,0.41,0.03,-0.39,0.27,0.43, , , , , ,704.7,704.0,100.0,400.0, , , , , ,, , 
488,2018-05-09 09:54:39,-0.22,0.48,-0.21,0.54,0.93,-0.1,0.57,1.04,-0.34,0.32,1.43, , , , , ,703.74,703.7,100.0,100.0, , , , , ,, , 
489,2018-05-09 09:54:42,-0.11,0.5,-0.12,0.57,0.68,-0.08,0.63,0.82,-0.12,0.31,1.23, , , , , ,704.0,703.8,200.0,200.0, , , , , ,, , 
490,2018-05-09 09:54:45,-0.23,0.4,-0.42,0.37,0.69,-0.18,0.56,0.79,-0.1,0.27,1.21, , , , , ,704.0,703.8,100.0,200.0, , , , , ,, , 
491,2018-05-09 09:54:48,-0.4,0.32,-0.72,0.24,0.32,-0.29,0.41,0.38,-0.19,0.3,0.58, , , , , ,704.7,703.85,300.0,200.0, , , , , ,, , 
492,2018-05-09 09:54:51,-0.63,0.47,-0.96,0.44,0.17,-0.59,0.57,0.24,-0.34,0.42,0.25, , , , , ,704.9,704.0,200.0,100.0, , , , , ,, , 
493,2018-05-09 09:54:54,-0.68,0.5,-1.0,0.53,0.26,-0.67,0.58,0.22,-0.37,0.39,0.2, , , , , ,704.93,704.0,600.0,200.0, , , , , ,, , 
494,2018-05-09 09:54:57,-0.65,0.39,-0.99,0.22,-0.24,-0.74,0.45,-0.41,-0.2,0.49,-0.42, , , , , ,704.93,704.9,600.0,200.0, , , , , ,, , 
495,2018-05-09 09:55:00,-0.53,0.44,-1.0,0.2,-0.11,-0.49,0.6,-0.43,-0.1,0.52,-0.41, , , , , ,704.93,704.9,600.0,300.0, , , , , ,, , 
496,2018-05-09 09:55:03,-0.21,0.59,-0.68,0.26,-0.1,-0.12,0.71,-0.61,0.18,0.79,-0.44, , , , , ,704.94,704.93,700.0,1300.0, , , , , ,, , 
497,2018-05-09 09:55:06,-0.18,0.78,-0.84,0.3,-0.07,0.02,1.02,-0.64,0.29,1.02,-0.52, , , , , ,704.94,704.93,300.0,200.0, , , , , ,, , 
498,2018-05-09 09:55:09,-0.03,0.78,-0.69,0.24,-0.04,0.16,0.88,-0.64,0.46,1.22,-0.58, , , , , ,704.94,704.9,100.0,100.0, , , , , ,, , 
499,2018-05-09 09:55:12,0.02,0.89,-0.72,0.34,-0.09,0.34,0.91,-0.6,0.44,1.42,-0.67, , , , , ,704.95,704.9,200.0,100.0, , , , , ,, , 
500,2018-05-09 09:55:15,-0.22,0.86,-0.68,0.39,0.46,0.14,0.83,0.12,-0.11,1.34,0.01, , , , , ,704.9,704.0,200.0,300.0, , , , , ,, , 
501,2018-05-09 09:55:18,-0.39,0.89,-0.87,0.7,0.34,-0.1,1.01,0.16,-0.22,0.95,0.03, , , , , ,704.9,704.01,300.0,100.0, , , , , ,, , 
502,2018-05-09 09:55:21,-0.3,0.86,-0.74,0.54,-0.45,-0.14,0.98,-0.34,-0.02,1.06,-0.49, , , , , ,704.9,704.77,300.0,100.0, , , , , ,, , 
503,2018-05-09 09:55:24,-0.2,0.93,-0.67,0.59,-0.15,0.09,1.16,0.15,-0.02,1.02,0.02, , , , , ,704.9,704.06,300.0,1000.0, , , , , ,, , 
504,2018-05-09 09:55:27,-0.2,1.06,-0.55,0.92,-0.27,0.07,1.33,0.2,-0.1,0.92,-0.06, , , , , ,704.9,704.06,300.0,1000.0, , , , , ,, , 
505,2018-05-09 09:55:30,-0.29,1.06,-0.75,0.83,-0.29,-0.02,1.37,0.25,-0.08,0.96,-0.12, , , , , ,704.9,704.06,200.0,1000.0, , , , , ,, , 
506,2018-05-09 09:55:33,-0.25,0.93,-0.7,0.68,-0.16,-0.14,1.31,0.31,0.1,0.82,-0.16, , , , , ,704.9,704.06,200.0,1000.0, , , , , ,, , 
507,2018-05-09 09:55:36,-0.2,0.96,-0.75,0.77,-0.16,0.09,1.22,0.32,0.05,0.89,-0.21, , , , , ,704.9,704.06,300.0,1000.0, , , , , ,, , 
508,2018-05-09 09:55:39,-0.12,1.13,-0.57,1.05,0.59,0.07,1.38,0.9,0.14,0.96,0.38, , , , , ,704.06,704.01,100.0,100.0, , , , , ,, , 
509,2018-05-09 09:55:42,-0.29,0.97,-0.82,0.96,-0.04,-0.16,1.08,0.19,0.12,0.86,-0.32, , , , , ,704.9,704.1,400.0,2500.0, , , , , ,, , 
510,2018-05-09 09:55:45,-0.36,0.89,-0.8,0.83,-0.06,-0.2,0.98,0.14,-0.09,0.84,-0.36, , , , , ,704.9,704.1,500.0,2400.0, , , , , ,, , 
511,2018-05-09 09:55:48,-0.33,0.81,-0.77,0.79,0.07,-0.09,0.95,0.16,-0.13,0.68,-0.41, , , , , ,704.88,704.1,100.0,2300.0, , , , , ,, , 
512,2018-05-09 09:55:51,-0.46,0.76,-0.75,0.86,0.19,-0.34,0.9,0.18,-0.29,0.51,-0.5, , , , , ,704.88,704.1,100.0,2200.0, , , , , ,, , 
513,2018-05-09 09:55:54,-0.67,0.65,-1.09,0.86,-0.23,-0.64,0.68,-0.23,-0.28,0.4,-1.03, , , , , ,704.88,704.7,100.0,100.0, , , , , ,, , 
514,2018-05-09 09:55:57,-0.68,0.64,-0.99,0.57,-0.24,-0.76,0.74,-0.23,-0.29,0.61,-1.21, , , , , ,704.9,704.7,1100.0,300.0, , , , , ,, , 
515,2018-05-09 09:56:00,-0.54,0.66,-0.97,0.42,-0.4,-0.46,0.74,-0.26,-0.19,0.83,-1.46, , , , , ,704.9,704.88,1100.0,100.0, , , , , ,, , 
516,2018-05-09 09:56:03,-0.42,0.58,-0.83,0.39,-0.55,-0.3,0.7,-0.15,-0.13,0.65,-1.59, , , , , ,704.9,704.88,1000.0,100.0, , , , , ,, , 
517,2018-05-09 09:56:06,-0.38,0.63,-0.78,0.35,-0.58,-0.45,0.82,-0.06,0.09,0.71,-1.69, , , , , ,704.9,704.88,1000.0,300.0, , , , , ,, , 
518,2018-05-09 09:56:09,-0.27,0.85,-0.67,0.52,-0.6,-0.27,1.14,0.04,0.12,0.9,-1.75, , , , , ,704.9,704.88,900.0,200.0, , , , , ,, , 
519,2018-05-09 09:56:12,-0.18,0.85,-0.55,0.56,-0.55,-0.07,1.04,0.04,0.09,0.94,-1.91, , , , , ,704.9,704.88,900.0,200.0, , , , , ,, , 
520,2018-05-09 09:56:15,-0.23,0.72,-0.5,0.49,-0.36,-0.08,0.96,0.18,-0.11,0.72,-1.99, , , , , ,704.88,704.7,200.0,100.0, , , , , ,, , 
521,2018-05-09 09:56:18,-0.12,0.82,-0.43,0.64,0.04,-0.03,1.13,0.53,0.1,0.7,-1.84, , , , , ,704.88,704.2,300.0,292.0, , , , , ,, , 
522,2018-05-09 09:56:21,-0.2,0.72,-0.46,0.62,0.08,-0.05,1.0,0.53,-0.09,0.54,-2.04, , , , , ,704.88,704.2,600.0,292.0, , , , , ,, , 
523,2018-05-09 09:56:24,-0.19,0.75,-0.39,0.81,0.54,0.03,0.91,0.99,-0.22,0.52,-1.77, , , , , ,704.22,704.2,100.0,292.0, , , , , ,, , 
524,2018-05-09 09:56:27,-0.23,0.89,-0.23,1.1,0.59,-0.1,1.13,0.99,-0.38,0.43,-1.88, , , , , ,704.22,704.2,100.0,292.0, , , , , ,, , 
525,2018-05-09 09:56:30,-0.23,0.82,-0.48,1.05,0.65,-0.09,1.01,0.97,-0.11,0.4,-1.98, , , , , ,704.22,704.2,100.0,492.0, , , , , ,, , 
526,2018-05-09 09:56:33,-0.29,0.79,-0.61,0.82,0.35,-0.15,0.97,0.62,-0.12,0.57,-2.42, , , , , ,704.7,704.2,100.0,492.0, , , , , ,, , 
527,2018-05-09 09:56:36,-0.41,0.68,-0.76,0.62,0.14,-0.26,0.78,0.4,-0.23,0.64,-2.67, , , , , ,704.88,704.33,900.0,100.0, , , , , ,, , 
528,2018-05-09 09:56:39,-0.32,0.71,-0.39,0.83,0.65,-0.24,0.8,0.96,-0.34,0.5,-2.12, , , , , ,704.22,704.2,100.0,592.0, , , , , ,, , 
529,2018-05-09 09:56:42,-0.32,0.68,-0.56,0.73,0.13,-0.19,0.82,0.5,-0.2,0.49,-2.64, , , , , ,704.88,704.2,900.0,592.0, , , , , ,, , 
530,2018-05-09 09:56:45,-0.5,0.53,-0.8,0.47,0.08,-0.42,0.69,0.42,-0.3,0.44,-2.67, , , , , ,704.87,704.2,200.0,392.0, , , , , ,, , 
531,2018-05-09 09:56:48,-0.47,0.52,-0.69,0.54,0.09,-0.4,0.62,0.33,-0.32,0.4,-2.71, , , , , ,704.87,704.2,100.0,692.0, , , , , ,, , 
532,2018-05-09 09:56:51,-0.41,0.54,-0.49,0.57,0.1,-0.38,0.65,0.23,-0.37,0.39,-2.75, , , , , ,704.87,704.22,100.0,100.0, , , , , ,, , 
533,2018-05-09 09:56:54,-0.56,0.42,-1.0,0.28,-0.35,-0.42,0.55,-0.35,-0.28,0.42,-3.22, , , , , ,704.88,704.87,1600.0,200.0, , , , , ,, , 
534,2018-05-09 09:56:57,-0.57,0.46,-0.9,0.37,0.13,-0.57,0.54,0.02,-0.24,0.46,-2.75, , , , , ,704.88,704.21,1600.0,100.0, , , , , ,, , 
535,2018-05-09 09:57:00,-0.34,0.5,-0.61,0.46,0.23,-0.27,0.52,-0.01,-0.13,0.53,-2.76, , , , , ,704.88,704.21,1600.0,300.0, , , , , ,, , 
536,2018-05-09 09:57:03,-0.32,0.5,-0.54,0.53,0.45,-0.23,0.5,0.11,-0.2,0.45,-2.66, , , , , ,704.7,704.22,400.0,100.0, , , , , ,, , 
537,2018-05-09 09:57:06,-0.43,0.55,-0.67,0.6,0.55,-0.4,0.65,0.06,-0.23,0.4,-2.66, , , , , ,704.7,704.22,400.0,400.0, , , , , ,, , 
538,2018-05-09 09:57:09,-0.47,0.64,-0.57,0.69,0.66,-0.4,0.76,0.06,-0.43,0.46,-2.69, , , , , ,704.7,704.22,400.0,400.0, , , , , ,, , 
539,2018-05-09 09:57:12,-0.43,0.65,-0.69,0.72,0.59,-0.3,0.65,0.05,-0.3,0.56,-2.77, , , , , ,704.7,704.3,400.0,2000.0, , , , , ,, , 
540,2018-05-09 09:57:15,-0.42,0.59,-0.71,0.5,0.47,-0.28,0.71,-0.08,-0.26,0.57,-2.92, , , , , ,704.88,704.3,1800.0,1700.0, , , , , ,, , 
541,2018-05-09 09:57:18,-0.38,0.57,-0.66,0.49,0.46,-0.25,0.7,-0.01,-0.23,0.51,-2.95, , , , , ,704.88,704.3,1700.0,1600.0, , , , , ,, , 
542,2018-05-09 09:57:21,-0.31,0.62,-0.54,0.48,0.46,-0.22,0.8,0.08,-0.16,0.57,-2.95, , , , , ,704.88,704.3,1400.0,1600.0, , , , , ,, , 
543,2018-05-09 09:57:24,-0.21,0.66,-0.49,0.66,0.46,-0.06,0.72,0.05,-0.09,0.59,-2.98, , , , , ,704.88,704.3,1400.0,1600.0, , , , , ,, , 
544,2018-05-09 09:57:27,-0.21,0.56,-0.41,0.49,0.45,-0.07,0.64,0.02,-0.15,0.55,-3.02, , , , , ,704.88,704.3,1300.0,1600.0, , , , , ,, , 
545,2018-05-09 09:57:30,-0.14,0.59,-0.36,0.44,0.23,-0.09,0.73,-0.21,0.03,0.59,-3.25, , , , , ,704.88,704.59,1300.0,200.0, , , , , ,, , 
546,2018-05-09 09:57:33,-0.08,0.62,-0.38,0.4,0.22,-0.04,0.68,-0.22,0.18,0.78,-3.29, , , , , ,704.88,704.59,1100.0,300.0, , , , , ,, , 
547,2018-05-09 09:57:36,-0.18,0.59,-0.42,0.4,0.21,-0.16,0.53,-0.11,0.03,0.83,-3.3, , , , , ,704.88,704.59,1100.0,300.0, , , , , ,, , 
548,2018-05-09 09:57:39,-0.25,0.51,-0.39,0.46,0.39,-0.15,0.49,0.17,-0.22,0.6,-3.15, , , , , ,704.87,704.35,100.0,300.0, , , , , ,, , 
549,2018-05-09 09:57:42,-0.31,0.57,-0.52,0.58,0.43,-0.21,0.69,0.25,-0.2,0.45,-3.12, , , , , ,704.88,704.3,1000.0,1400.0, , , , , ,, , 
550,2018-05-09 09:57:45,-0.27,0.53,-0.44,0.42,0.34,-0.22,0.63,0.24,-0.16,0.54,-3.16, , , , , ,704.88,704.3,700.0,1500.0, , , , , ,, , 
551,2018-05-09 09:57:48,-0.29,0.55,-0.4,0.44,0.26,-0.26,0.61,0.14,-0.22,0.59,-3.19, , , , , ,704.88,704.3,900.0,1300.0, , , , , ,, , 
552,2018-05-09 09:57:51,-0.37,0.42,-0.47,0.28,0.11,-0.26,0.5,-0.02,-0.37,0.48,-3.29, , , , , ,704.87,704.4,300.0,100.0, , , , , ,, , 
553,2018-05-09 09:57:54,-0.28,0.42,-0.41,0.28,-0.01,-0.23,0.51,-0.04,-0.21,0.48,-3.38, , , , , ,704.87,704.4,200.0,100.0, , , , , ,, , 
554,2018-05-09 09:57:57,-0.29,0.52,-0.42,0.38,-0.11,-0.27,0.56,-0.03,-0.2,0.61,-3.46, , , , , ,704.88,704.4,500.0,100.0, , , , , ,, , 
555,2018-05-09 09:58:00,-0.27,0.57,-0.41,0.47,-0.15,-0.29,0.51,-0.01,-0.12,0.73,-3.53, , , , , ,704.88,704.4,800.0,400.0, , , , , ,, , 
556,2018-05-09 09:58:03,-0.31,0.48,-0.48,0.29,-0.54,-0.32,0.48,-0.42,-0.12,0.67,-3.97, , , , , ,704.93,704.91,200.0,100.0, , , , , ,, , 
557,2018-05-09 09:58:06,-0.27,0.5,-0.47,0.26,-0.59,-0.24,0.51,-0.5,-0.09,0.72,-3.97, , , , , ,704.93,704.91,200.0,300.0, , , , , ,, , 
558,2018-05-09 09:58:09,-0.17,0.55,-0.4,0.27,-0.59,-0.13,0.57,-0.58,0.02,0.82,-3.97, , , , , ,704.93,704.91,200.0,200.0, , , , , ,, , 
559,2018-05-09 09:58:12,-0.14,0.63,-0.43,0.44,-0.55,-0.05,0.57,-0.66,0.06,0.87,-3.97, , , , , ,704.93,704.91,200.0,300.0, , , , , ,, , 
560,2018-05-09 09:58:15,-0.12,0.62,-0.32,0.41,-0.54,-0.06,0.65,-0.66,0.02,0.79,-3.96, , , , , ,704.93,704.9,200.0,100.0, , , , , ,, , 
561,2018-05-09 09:58:18,-0.02,0.73,-0.2,0.54,-0.46,0.0,0.78,-0.62,0.13,0.86,-3.98, , , , , ,704.93,704.9,100.0,300.0, , , , , ,, , 
562,2018-05-09 09:58:21,-0.13,0.63,-0.21,0.47,-0.38,-0.14,0.64,-0.6,-0.02,0.76,-3.97, , , , , ,704.91,704.9,100.0,300.0, , , , , ,, , 
563,2018-05-09 09:58:24,-0.15,0.52,-0.21,0.44,-0.42,-0.17,0.54,-0.6,-0.08,0.58,-4.0, , , , , ,704.93,704.9,400.0,200.0, , , , , ,, , 
564,2018-05-09 09:58:27,-0.2,0.41,-0.25,0.3,-0.43,-0.15,0.46,-0.66,-0.2,0.46,-4.0, , , , , ,704.91,704.9,1600.0,200.0, , , , , ,, , 
565,2018-05-09 09:58:30,-0.24,0.34,-0.28,0.26,-0.43,-0.23,0.4,-0.72,-0.22,0.35,-3.98, , , , , ,704.91,704.88,1400.0,200.0, , , , , ,, , 
566,2018-05-09 09:58:33,-0.26,0.34,-0.28,0.22,-0.39,-0.25,0.44,-0.7,-0.27,0.37,-3.88, , , , , ,704.91,704.8,1100.0,100.0, , , , , ,, , 
567,2018-05-09 09:58:36,-0.25,0.32,-0.32,0.23,-0.36,-0.22,0.45,-0.82,-0.22,0.29,-3.91, , , , , ,704.91,704.9,1500.0,100.0, , , , , ,, , 
568,2018-05-09 09:58:39,-0.25,0.29,-0.3,0.19,-0.23,-0.23,0.46,-0.84,-0.24,0.24,-3.83, , , , , ,704.9,704.88,405.0,100.0, , , , , ,, , 
569,2018-05-09 09:58:42,-0.25,0.33,-0.32,0.24,-0.18,-0.2,0.5,-0.87,-0.22,0.24,-3.77, , , , , ,704.9,704.88,105.0,200.0, , , , , ,, , 
570,2018-05-09 09:58:45,-0.17,0.37,-0.27,0.25,-0.18,-0.18,0.5,-0.91,-0.05,0.35,-3.73, , , , , ,704.89,704.88,100.0,300.0, , , , , ,, , 
571,2018-05-09 09:58:48,-0.16,0.41,-0.28,0.31,0.02,-0.15,0.53,-0.67,-0.06,0.39,-3.4, , , , , ,704.91,704.42,1305.0,100.0, , , , , ,, , 
572,2018-05-09 09:58:51,-0.19,0.33,-0.26,0.24,-0.02,-0.19,0.43,-0.72,-0.12,0.31,-3.37, , , , , ,704.86,704.42,500.0,300.0, , , , , ,, , 
573,2018-05-09 09:58:54,-0.19,0.37,-0.28,0.25,-0.09,-0.2,0.58,-0.85,-0.09,0.28,-3.37, , , , , ,704.91,704.42,1505.0,100.0, , , , , ,, , 
574,2018-05-09 09:58:57,-0.17,0.41,-0.28,0.23,0.1,-0.22,0.6,-0.83,-0.02,0.39,-3.15, , , , , ,704.66,704.42,300.0,200.0, , , , , ,, , 
575,2018-05-09 09:59:00,-0.29,0.4,-0.34,0.33,0.3,-0.33,0.56,-0.79,-0.2,0.32,-2.89, , , , , ,704.42,704.41,200.0,200.0, , , , , ,, , 
576,2018-05-09 09:59:03,-0.34,0.4,-0.4,0.35,0.13,-0.31,0.55,-1.08,-0.3,0.3,-2.96, , , , , ,704.66,704.41,300.0,200.0, , , , , ,, , 
577,2018-05-09 09:59:06,-0.29,0.41,-0.6,0.25,-0.14,-0.14,0.52,-1.36,-0.14,0.48,-3.06, , , , , ,704.91,704.41,1505.0,200.0, , , , , ,, , 
578,2018-05-09 09:59:09,-0.22,0.54,-0.35,0.49,0.14,-0.13,0.63,-1.07,-0.18,0.5,-2.66, , , , , ,704.42,704.4,200.0,100.0, , , , , ,, , 
579,2018-05-09 09:59:12,-0.14,0.62,-0.27,0.5,0.06,-0.06,0.78,-1.23,-0.1,0.56,-2.61, , , , , ,704.42,704.41,100.0,100.0, , , , , ,, , 
580,2018-05-09 09:59:15,-0.17,0.56,-0.39,0.46,-0.28,-0.04,0.65,-1.79,-0.08,0.57,-2.91, , , , , ,704.88,704.42,100.0,100.0, , , , , ,, , 
581,2018-05-09 09:59:18,-0.27,0.42,-0.4,0.3,-0.25,-0.2,0.55,-2.0,-0.21,0.41,-2.88, , , , , ,704.88,704.42,100.0,100.0, , , , , ,, , 
582,2018-05-09 09:59:21,-0.31,0.33,-0.36,0.26,-0.21,-0.25,0.44,-2.18,-0.32,0.29,-2.81, , , , , ,704.85,704.42,400.0,100.0, , , , , ,, , 
583,2018-05-09 09:59:24,-0.36,0.34,-0.47,0.29,-0.2,-0.25,0.42,-2.38,-0.35,0.3,-2.78, , , , , ,704.85,704.42,400.0,100.0, , , , , ,, , 
584,2018-05-09 09:59:27,-0.36,0.34,-0.47,0.29,-0.2,-0.31,0.36,-2.4,-0.3,0.38,-2.63, , , , , ,704.85,704.3,100.0,1300.0, , , , , ,, , 
585,2018-05-09 09:59:30,-0.24,0.4,-0.31,0.28,-0.26,-0.26,0.5,-2.5,-0.15,0.41,-2.52, , , , , ,704.85,704.3,100.0,1500.0, , , , , ,, , 
586,2018-05-09 09:59:33,-0.28,0.32,-0.29,0.18,-0.3,-0.27,0.38,-2.6,-0.26,0.39,-2.33, , , , , ,704.85,704.3,100.0,1500.0, , , , , ,, , 
587,2018-05-09 09:59:36,-0.26,0.39,-0.28,0.3,-0.39,-0.28,0.41,-2.67,-0.22,0.47,-2.2, , , , , ,704.88,704.33,100.0,100.0, , , , , ,, , 
588,2018-05-09 09:59:39,-0.47,0.32,-0.56,0.2,-0.8,-0.56,0.28,-3.05,-0.29,0.47,-2.41, , , , , ,704.88,704.85,200.0,200.0, , , , , ,, , 
589,2018-05-09 09:59:42,-0.55,0.18,-0.64,0.14,-0.83,-0.68,0.16,-3.1,-0.32,0.24,-2.38, , , , , ,704.87,704.85,100.0,400.0, , , , , ,, , 
590,2018-05-09 09:59:45,-0.56,0.22,-0.56,0.16,-0.68,-0.73,0.24,-2.94,-0.39,0.26,-2.27, , , , , ,704.8,704.65,100.0,100.0, , , , , ,, , 
591,2018-05-09 09:59:48,-0.37,0.25,-0.46,0.18,-0.53,-0.45,0.33,-2.77,-0.21,0.23,-2.19, , , , , ,704.85,704.3,1400.0,200.0, , , , , ,, , 
592,2018-05-09 09:59:51,-0.31,0.28,-0.32,0.2,-0.62,-0.4,0.36,-2.79,-0.2,0.29,-2.35, , , , , ,704.85,704.3,300.0,395.0, , , , , ,, , 
593,2018-05-09 09:59:54,-0.24,0.35,-0.42,0.25,-0.81,-0.25,0.44,-2.88,-0.06,0.36,-2.57, , , , , ,704.72,704.54,300.0,100.0, , , , , ,, , 
594,2018-05-09 09:59:57,-0.22,0.36,-0.32,0.24,-0.96,-0.29,0.42,-2.88,-0.04,0.41,-2.76, , , , , ,704.72,704.54,400.0,200.0, , , , , ,, , 
595,2018-05-09 10:00:00,-0.24,0.32,-0.34,0.23,-1.09,-0.28,0.38,-2.88,-0.1,0.36,-2.97, , , , , ,704.72,704.54,300.0,200.0, , , , , ,, , 
596,2018-05-09 10:00:03,-0.27,0.24,-0.32,0.16,-1.22,-0.31,0.31,-2.89,-0.19,0.26,-3.18, , , , , ,704.72,704.54,300.0,100.0, , , , , ,, , 
597,2018-05-09 10:00:06,-0.38,0.14,-0.44,0.13,-1.29,-0.41,0.24,-2.87,-0.28,0.04,-3.29, , , , , ,704.72,704.5,300.0,300.0, , , , , ,, , 
598,2018-05-09 10:00:09,-0.38,0.16,-0.38,0.16,-1.04,-0.44,0.21,-2.6,-0.32,0.1,-3.05, , , , , ,704.48,704.31,100.0,200.0, , , , , ,, , 
599,2018-05-09 10:00:12,-0.24,0.24,-0.28,0.22,-1.22,-0.3,0.34,-2.64,-0.15,0.16,-3.15, , , , , ,704.5,704.31,200.0,300.0, , , , , ,, , 
600,2018-05-09 10:00:15,-0.3,0.23,-0.41,0.19,-1.44,-0.32,0.35,-2.66,-0.17,0.17,-3.23, , , , , ,704.5,704.31,300.0,300.0, , , , , ,, , 
601,2018-05-09 10:00:18,-0.28,0.19,-0.41,0.14,-1.94,-0.31,0.23,-2.98,-0.12,0.19,-3.59, , , , , ,704.72,704.5,100.0,800.0, , , , , ,, , 
602,2018-05-09 10:00:21,-0.31,0.18,-0.4,0.13,-1.98,-0.42,0.16,-2.81,-0.11,0.25,-3.52, , , , , ,704.5,704.48,2600.0,100.0, , , , , ,, , 
603,2018-05-09 10:00:24,-0.34,0.16,-0.44,0.12,-2.08,-0.47,0.16,-2.75,-0.13,0.2,-3.52, , , , , ,704.48,704.38,200.0,200.0, , , , , ,, , 
604,2018-05-09 10:00:27,-0.3,0.12,-0.34,0.11,-2.2,-0.41,0.17,-2.8,-0.14,0.1,-3.65, , , , , ,704.5,704.38,200.0,100.0, , , , , ,, , 
605,2018-05-09 10:00:30,-0.33,0.07,-0.38,0.08,-2.24,-0.43,0.11,-2.76,-0.2,0.02,-3.73, , , , , ,704.48,704.3,700.0,495.0, , , , , ,, , 
606,2018-05-09 10:00:33,-0.35,0.04,-0.35,0.08,-2.23,-0.43,0.09,-2.68,-0.27,-0.04,-3.75, , , , , ,704.32,704.3,200.0,95.0, , , , , ,, , 
607,2018-05-09 10:00:36,-0.27,0.12,-0.27,0.17,-2.25,-0.25,0.24,-2.7,-0.27,-0.06,-3.94, , , , , ,704.32,704.3,100.0,3800.0, , , , , ,, , 
608,2018-05-09 10:00:39,-0.41,0.03,-0.31,0.14,-2.26,-0.41,0.15,-2.73,-0.52,-0.2,-4.12, , , , , ,704.32,704.3,100.0,3300.0, , , , , ,, , 
609,2018-05-09 10:00:42,-0.73,-0.29,-0.73,-0.2,-2.25,-0.78,-0.25,-2.67,-0.67,-0.42,-4.24, , , , , ,704.28,704.25,100.0,500.0, , , , , ,, , 
610,2018-05-09 10:00:45,-0.83,-0.33,-0.7,-0.23,-2.23,-0.97,-0.31,-2.64,-0.82,-0.46,-4.34, , , , , ,704.23,704.21,500.0,300.0, , , , , ,, , 
611,2018-05-09 10:00:48,-0.89,-0.44,-0.8,-0.22,-2.22,-0.93,-0.57,-2.62,-0.94,-0.53,-4.42, , , , , ,704.2,704.18,200.0,300.0, , , , , ,, , 
612,2018-05-09 10:00:51,-1.01,-0.59,-0.98,-0.43,-2.15,-1.03,-0.65,-2.55,-1.02,-0.69,-4.38, , , , , ,704.13,704.1,400.0,2200.0, , , , , ,, , 
613,2018-05-09 10:00:54,-1.19,-0.75,-1.21,-0.55,-2.02,-1.23,-0.89,-2.52,-1.15,-0.82,-4.39,-400.0,704.0,704.0,-200.0,-200.0,704.06,704.0,400.0,200.0, , , ,2018-05-09 10:00:54.800000,2018-05-09 10:00:57.975000,, , 
614,2018-05-09 10:00:57,-1.3,-0.8,-1.32,-0.58,-1.84,-1.45,-1.03,-2.42,-1.12,-0.79,-4.34, , , , , ,703.96,703.85,300.0,400.0, , , , , ,, , 
615,2018-05-09 10:01:00,-1.25,-0.75,-1.22,-0.46,-1.64,-1.37,-1.04,-2.27,-1.15,-0.75,-4.27, , , , , ,703.8,703.71,700.0,100.0, , , , , ,, , 
616,2018-05-09 10:01:03,-1.2,-0.75,-1.17,-0.51,-1.65,-1.32,-0.96,-2.32,-1.11,-0.79,-4.39, , , , , ,703.79,703.71,1200.0,100.0, , , , , ,, , 
617,2018-05-09 10:01:06,-1.25,-0.81,-1.2,-0.64,-1.54,-1.45,-1.0,-2.2,-1.11,-0.77,-4.4,-400.0,703.63,0.0,-0.0,-200.0,703.71,703.63,900.0,100.0, , , ,2018-05-09 10:01:06.766000,2018-05-09 10:01:10.125000,, , 
618,2018-05-09 10:01:09,-1.24,-0.74,-1.13,-0.6,-1.5,-1.54,-0.98,-2.12,-1.06,-0.66,-4.43, , , , , ,703.63,703.6,400.0,3700.0, , , , , ,, , 
619,2018-05-09 10:01:12,-1.46,-0.92,-1.41,-0.87,-1.49,-1.75,-1.15,-2.09,-1.22,-0.74,-4.54,-500.0,703.59,0.0,-0.0,-200.0,703.6,703.59,11900.0,200.0, , , ,2018-05-09 10:01:12.714000,2018-05-09 10:01:16.199000,, , 
620,2018-05-09 10:01:15,-1.44,-0.86,-1.29,-0.77,-1.09,-1.73,-1.07,-1.67,-1.29,-0.74,-4.22, , , , , ,703.51,703.09,500.0,200.0, , , , , ,, , 
621,2018-05-09 10:01:18,-1.27,-0.71,-1.1,-0.67,-0.76,-1.56,-0.84,-1.33,-1.16,-0.64,-3.94, , , , , ,703.08,703.02,300.0,100.0, , , , , ,, , 
622,2018-05-09 10:01:21,-1.43,-0.79,-1.36,-0.84,-0.75,-1.74,-0.95,-1.32,-1.19,-0.59,-3.98, , , , , ,703.07,703.0,1100.0,3700.0, , , , , ,, , 
623,2018-05-09 10:01:24,-1.55,-0.83,-1.47,-0.82,-0.74,-1.87,-1.06,-1.3,-1.3,-0.63,-3.92, , , , , ,703.02,703.0,100.0,500.0, , , , , ,, , 
624,2018-05-09 10:01:27,-1.5,-0.77,-1.47,-0.81,-0.41,-1.77,-0.87,-0.95,-1.26,-0.64,-3.53, , , , , ,702.8,702.71,300.0,1700.0, , , , , ,, , 
625,2018-05-09 10:01:30,-1.37,-0.78,-1.42,-0.89,-0.45,-1.59,-0.89,-0.95,-1.1,-0.55,-3.46, , , , , ,702.8,702.71,200.0,1700.0, , , , , ,, , 
626,2018-05-09 10:01:33,-1.37,-0.77,-1.46,-0.9,-0.46,-1.59,-0.93,-0.9,-1.05,-0.48,-3.47, , , , , ,702.79,702.71,100.0,700.0, , , , , ,, , 
627,2018-05-09 10:01:36,-1.42,-0.8,-1.43,-0.9,-0.42,-1.76,-0.97,-0.78,-1.09,-0.53,-3.37, , , , , ,702.71,702.7,500.0,900.0, , , , , ,, , 
628,2018-05-09 10:01:39,-1.31,-0.8,-1.3,-0.9,-0.45,-1.53,-0.86,-0.73,-1.1,-0.63,-3.3, , , , , ,702.71,702.7,1100.0,400.0, , , , , ,, , 
629,2018-05-09 10:01:42,-1.36,-0.86,-1.35,-1.0,-0.44,-1.63,-0.91,-0.66,-1.11,-0.66,-3.25, , , , , ,702.7,702.69,800.0,400.0, , , , , ,, , 
630,2018-05-09 10:01:45,-1.35,-0.83,-1.22,-0.9,-0.34,-1.72,-0.93,-0.5,-1.12,-0.67,-3.02, , , , , ,702.61,702.6,300.0,400.0, , , , , ,, , 
631,2018-05-09 10:01:48,-1.29,-0.74,-1.21,-0.76,-0.37,-1.56,-0.79,-0.47,-1.1,-0.67,-2.96, , , , , ,702.61,702.6,500.0,400.0, , , , , ,, , 
632,2018-05-09 10:01:51,-1.26,-0.73,-1.08,-0.81,-0.41,-1.53,-0.73,-0.48,-1.15,-0.66,-2.94, , , , , ,702.61,702.6,500.0,400.0, , , , , ,, , 
633,2018-05-09 10:01:54,-1.36,-0.74,-1.13,-0.71,-0.51,-1.72,-0.84,-0.45,-1.22,-0.67,-2.95, , , , , ,702.61,702.6,600.0,400.0, , , , , ,, , 
634,2018-05-09 10:01:57,-1.26,-0.72,-0.98,-0.6,-0.57,-1.64,-0.93,-0.41,-1.16,-0.63,-2.97, , , , , ,702.61,702.6,700.0,300.0, , , , , ,, , 
635,2018-05-09 10:02:00,-1.26,-0.63,-1.06,-0.47,-0.64,-1.6,-0.89,-0.33,-1.14,-0.53,-3.0, , , , , ,702.61,702.6,800.0,100.0, , , , , ,, , 
636,2018-05-09 10:02:03,-1.26,-0.61,-1.01,-0.46,-0.65,-1.6,-0.85,-0.18,-1.16,-0.53,-2.98, , , , , ,702.61,702.55,900.0,400.0, , , , , ,, , 
637,2018-05-09 10:02:06,-1.26,-0.55,-1.12,-0.43,-0.66,-1.54,-0.81,-0.11,-1.11,-0.42,-2.95, , , , , ,702.61,702.55,800.0,400.0, , , , , ,, , 
638,2018-05-09 10:02:09,-1.0,-0.44,-0.88,-0.27,-0.66,-1.28,-0.65,-0.06,-0.85,-0.39,-2.83, , , , , ,702.61,702.55,600.0,400.0, , , , , ,, , 
639,2018-05-09 10:02:12,-0.92,-0.32,-0.83,-0.19,-0.56,-1.13,-0.48,0.09,-0.81,-0.3,-2.62, , , , , ,702.52,702.51,300.0,100.0, , , , , ,, , 
640,2018-05-09 10:02:15,-0.87,-0.23,-0.73,-0.17,-0.55,-1.15,-0.33,0.12,-0.71,-0.19,-2.54, , , , , ,702.52,702.5,200.0,600.0, , , , , ,, , 
641,2018-05-09 10:02:18,-0.86,-0.19,-0.79,-0.11,-0.59,-1.11,-0.37,0.14,-0.66,-0.07,-2.52, , , , , ,702.53,702.52,4900.0,100.0, , , , , ,, , 
642,2018-05-09 10:02:21,-0.87,-0.21,-0.73,-0.12,-0.57,-1.13,-0.34,0.21,-0.75,-0.17,-2.46, , , , , ,702.51,702.5,100.0,300.0, , , , , ,, , 
643,2018-05-09 10:02:24,-0.86,-0.25,-0.73,-0.11,-0.56,-1.01,-0.36,0.26,-0.85,-0.27,-2.44, , , , , ,702.5,702.49,300.0,100.0, , , , , ,, , 
644,2018-05-09 10:02:27,-0.84,-0.31,-0.67,-0.22,-0.49,-0.96,-0.34,0.42,-0.9,-0.36,-2.26, , , , , ,702.48,702.38,200.0,300.0, , , , , ,, , 
645,2018-05-09 10:02:30,-0.8,-0.24,-0.64,-0.14,-0.49,-0.96,-0.26,0.52,-0.81,-0.31,-2.16, , , , , ,702.5,702.38,200.0,100.0, , , , , ,, , 
646,2018-05-09 10:02:33,-0.82,-0.2,-0.6,-0.1,-0.42,-1.06,-0.22,0.74,-0.82,-0.28,-2.06, , , , , ,702.44,702.38,100.0,100.0, , , , , ,, , 
647,2018-05-09 10:02:36,-0.81,-0.22,-0.65,-0.09,-0.37,-0.97,-0.28,0.92,-0.8,-0.3,-2.01, , , , , ,702.44,702.38,100.0,200.0, , , , , ,, , 
648,2018-05-09 10:02:39,-0.75,-0.19,-0.62,-0.17,-0.27,-0.89,-0.17,1.14,-0.73,-0.22,-1.9, , , , , ,702.38,702.37,500.0,400.0, , , , , ,, , 
649,2018-05-09 10:02:42,-0.82,-0.25,-0.65,-0.19,-0.17,-1.12,-0.32,1.18,-0.7,-0.25,-1.79, , , , , ,702.38,702.33,200.0,1400.0, , , , , ,, , 
650,2018-05-09 10:02:45,-0.66,-0.05,-0.54,-0.0,-0.22,-0.98,-0.11,1.02,-0.44,-0.02,-1.76, , , , , ,702.44,702.38,100.0,1000.0, , , , , ,, , 
651,2018-05-09 10:02:48,-0.64,-0.08,-0.47,-0.04,-0.06,-0.91,-0.13,1.04,-0.54,-0.09,-1.5, , , , , ,702.4,702.22,4700.0,300.0, , , , , ,, , 
652,2018-05-09 10:02:51,-0.59,-0.1,-0.41,-0.12,-0.06,-0.94,-0.15,0.87,-0.43,-0.04,-1.4, , , , , ,702.4,702.22,3700.0,300.0, , , , , ,, , 
653,2018-05-09 10:02:54,-0.65,-0.18,-0.43,-0.12,0.05,-1.0,-0.31,0.81,-0.54,-0.11,-1.23, , , , , ,702.28,702.22,400.0,300.0, , , , , ,, , 
654,2018-05-09 10:02:57,-0.54,-0.11,-0.36,-0.06,0.26,-0.79,-0.17,0.78,-0.47,-0.1,-0.93, , , , , ,702.15,702.13,600.0,100.0, , , , , ,, , 
655,2018-05-09 10:03:00,-0.47,-0.09,-0.41,0.0,0.38,-0.66,-0.16,0.6,-0.35,-0.1,-0.74, , , , , ,702.13,702.1,300.0,200.0, , , , , ,, , 
656,2018-05-09 10:03:03,-0.47,0.0,-0.48,-0.08,0.48,-0.63,0.04,0.39,-0.28,0.04,-0.54, , , , , ,702.13,702.1,200.0,200.0, , , , , ,, , 
657,2018-05-09 10:03:06,-0.49,-0.01,-0.54,-0.04,0.55,-0.7,-0.05,0.25,-0.23,0.07,-0.37, , , , , ,702.13,702.11,200.0,500.0, , , , , ,, , 
658,2018-05-09 10:03:09,-0.49,0.02,-0.46,-0.04,0.58,-0.78,0.02,0.17,-0.22,0.08,-0.29, , , , , ,702.15,702.11,3300.0,200.0, , , , , ,, , 
659,2018-05-09 10:03:12,-0.47,-0.02,-0.42,-0.04,0.66,-0.78,-0.07,0.11,-0.19,0.04,-0.18, , , , , ,702.13,702.09,200.0,400.0, , , , , ,, , 
660,2018-05-09 10:03:15,-0.35,0.1,-0.34,0.04,0.69,-0.59,0.12,0.01,-0.13,0.13,-0.41, , , , , ,702.15,702.09,2900.0,400.0, , , , , ,, , 
661,2018-05-09 10:03:18,-0.23,0.15,-0.24,0.07,0.72,-0.54,0.14,-0.06,0.09,0.24,-0.51, , , , , ,702.15,702.09,2600.0,100.0, , , , , ,, , 
662,2018-05-09 10:03:21,-0.25,0.12,-0.26,0.04,0.79,-0.48,0.07,-0.11,-0.02,0.25,-0.58, , , , , ,702.1,702.08,600.0,200.0, , , , , ,, , 
663,2018-05-09 10:03:24,-0.3,0.09,-0.28,0.05,0.84,-0.54,0.01,-0.2,-0.07,0.21,-0.67, , , , , ,702.09,702.08,700.0,200.0, , , , , ,, , 
664,2018-05-09 10:03:27,-0.13,0.22,-0.19,0.16,0.91,-0.29,0.21,-0.32,0.1,0.29,-0.56, , , , , ,702.09,702.08,600.0,200.0, , , , , ,, , 
665,2018-05-09 10:03:30,0.02,0.41,-0.09,0.28,1.02,-0.12,0.39,-0.46,0.28,0.55,-0.53, , , , , ,702.1,702.08,200.0,200.0, , , , , ,, , 
666,2018-05-09 10:03:33,0.19,0.56,0.06,0.44,1.19,0.08,0.61,-0.62,0.44,0.63,-0.51,200.0,702.11,702.11,200.0,0.0,702.11,702.09,600.0,100.0,213.26,1.51, ,2018-05-09 10:03:33.770000,2018-05-09 10:03:34.485000,, , 
667,2018-05-09 10:03:36,0.23,0.66,0.15,0.55,1.24,0.16,0.67,-0.93,0.37,0.76,-0.52, , , , , ,702.28,702.1,300.0,200.0, , , , , ,, , 
668,2018-05-09 10:03:39,0.27,0.73,0.14,0.57,1.34,0.2,0.74,-1.17,0.48,0.86,-0.48, , , , , ,702.33,702.12,200.0,200.0, , , , , ,, , 
669,2018-05-09 10:03:42,0.26,0.78,0.13,0.6,1.32,0.14,0.81,-1.38,0.51,0.93,-0.64, , , , , ,702.38,702.12,800.0,100.0, , , , , ,, , 
670,2018-05-09 10:03:45,0.28,0.85,0.14,0.7,1.23,0.18,0.89,-1.57,0.52,0.97,-0.82, , , , , ,702.38,702.15,800.0,1400.0, , , , , ,, , 
671,2018-05-09 10:03:48,0.31,0.91,0.25,0.77,1.08,0.19,0.9,-1.71,0.5,1.06,-0.93, , , , , ,702.38,702.18,800.0,1200.0, , , , , ,, , 
672,2018-05-09 10:03:51,0.41,0.92,0.33,0.77,0.91,0.35,0.95,-1.79,0.54,1.04,-1.02, , , , , ,702.38,702.18,800.0,700.0, , , , , ,, , 
673,2018-05-09 10:03:54,0.34,0.93,0.25,0.76,0.81,0.34,1.02,-1.87,0.45,1.03,-0.85, , , , , ,702.3,702.2,200.0,400.0, , , , , ,, , 
674,2018-05-09 10:03:57,0.3,0.87,0.29,0.68,0.48,0.26,0.93,-2.14,0.36,1.0,-0.93, , , , , ,702.5,702.2,300.0,100.0, , , , , ,, , 
675,2018-05-09 10:04:00,0.26,0.9,0.21,0.69,0.2,0.2,1.03,-2.34,0.36,0.97,-1.13, , , , , ,702.5,702.3,300.0,100.0, , , , , ,, , 
676,2018-05-09 10:04:03,0.34,0.94,0.27,0.72,-0.17,0.29,1.06,-2.64,0.46,1.04,-1.41, , , , , ,702.52,702.5,5.0,1700.0, , , , , ,, , 
677,2018-05-09 10:04:06,0.32,0.96,0.31,0.79,-0.36,0.22,0.99,-2.82,0.42,1.12,-1.59, , , , , ,702.6,702.5,5.0,1500.0, , , , , ,, , 
678,2018-05-09 10:04:09,0.36,1.0,0.35,0.87,-0.43,0.28,0.94,-2.92,0.46,1.19,-1.65, , , , , ,702.6,702.5,5.0,1900.0, , , , , ,, , 
679,2018-05-09 10:04:12,0.4,0.99,0.34,0.77,-0.52,0.39,1.04,-3.05,0.48,1.15,-1.52, , , , , ,702.6,702.5,5.0,1500.0, , , , , ,, , 
680,2018-05-09 10:04:15,0.41,0.95,0.26,0.79,-0.74,0.43,1.06,-3.3,0.54,1.01,-1.61, , , , , ,702.7,702.6,1300.0,100.0, , , , , ,, , 
681,2018-05-09 10:04:18,0.37,0.9,0.26,0.77,-0.81,0.4,0.98,-3.38,0.46,0.94,-1.48, , , , , ,702.7,702.6,1300.0,100.0, , , , , ,, , 
682,2018-05-09 10:04:21,0.43,0.91,0.35,0.78,-0.91,0.47,0.96,-3.43,0.48,0.98,-1.5, , , , , ,702.7,702.6,1300.0,1200.0, , , , , ,, , 
683,2018-05-09 10:04:24,0.43,0.88,0.38,0.79,-1.0,0.44,0.91,-3.41,0.47,0.93,-1.65, , , , , ,702.7,702.6,500.0,1100.0, , , , , ,, , 
684,2018-05-09 10:04:27,0.6,1.04,0.53,0.98,-1.25,0.72,1.1,-3.52,0.55,1.04,-1.81, , , , , ,702.79,702.71,100.0,4600.0, , , , , ,, , 
685,2018-05-09 10:04:30,0.68,1.09,0.58,1.01,-1.54,0.81,1.18,-3.6,0.64,1.08,-2.04, , , , , ,702.91,702.79,100.0,100.0, , , , , ,, , 
686,2018-05-09 10:04:33,0.63,1.03,0.45,0.97,-1.83,0.77,1.06,-3.77,0.67,1.07,-2.05, , , , , ,703.0,702.91,700.0,100.0, , , , , ,, , 
687,2018-05-09 10:04:36,0.64,1.06,0.51,1.0,-2.31,0.79,1.09,-4.02,0.63,1.09,-2.21, , , , , ,703.33,703.0,200.0,2000.0, , , , , ,, , 
688,2018-05-09 10:04:39,0.64,1.09,0.46,1.04,-2.63,0.78,1.15,-4.08,0.69,1.09,-2.25, , , , , ,703.5,703.01,500.0,500.0, , , , , ,, , 
689,2018-05-09 10:04:42,0.71,1.16,0.53,1.13,-2.88,0.86,1.21,-4.12,0.73,1.13,-2.26,500.0,703.6,703.6,500.0,500.0,703.6,703.02,1000.0,500.0, , , ,2018-05-09 10:04:42.768000,2018-05-09 10:04:43.343000,, , 
690,2018-05-09 10:04:45,0.12,0.74,0.16,0.61,-2.59,0.03,0.63,-3.57,0.18,0.99,-1.8, , , , , ,703.02,702.96,16600.0,100.0, , , , , ,, , 
691,2018-05-09 10:04:48,-0.14,0.38,0.12,0.46,-2.63,-0.25,0.14,-3.43,-0.29,0.53,-1.73, , , , , ,702.96,702.91,14800.0,100.0, , , , , ,, , 
692,2018-05-09 10:04:51,-0.23,0.34,-0.07,0.39,-2.67,-0.38,0.24,-3.36,-0.24,0.39,-1.67, , , , , ,702.91,702.9,14300.0,700.0, , , , , ,, , 
693,2018-05-09 10:04:54,-0.52,0.06,-0.47,0.2,-2.72,-0.57,-0.17,-3.29,-0.53,0.16,-1.56, , , , , ,702.9,702.8,14400.0,400.0, , , , , ,, , 
694,2018-05-09 10:04:57,-0.51,0.02,-0.34,0.12,-2.48,-0.75,-0.18,-2.96,-0.45,0.12,-1.11, , , , , ,702.8,702.39,13600.0,100.0, , , , , ,, , 
695,2018-05-09 10:05:00,-0.58,-0.06,-0.44,0.06,-2.32,-0.83,-0.12,-2.69,-0.46,-0.11,-0.73,-500.0,702.38,0.0,-0.0,500.0,702.39,702.38,13500.0,300.0, , , ,2018-05-09 10:05:00.735000,2018-05-09 10:05:04.266000,, , 
696,2018-05-09 10:05:03,-0.77,-0.23,-0.71,-0.09,-2.37,-1.15,-0.39,-2.62,-0.47,-0.22,-0.55,-500.0,702.32,0.0,-0.0,500.0,702.34,702.3,300.0,100.0, , , ,2018-05-09 10:05:04.266000,2018-05-09 10:05:07.298000,, , 
697,2018-05-09 10:05:06,-0.9,-0.33,-0.86,-0.21,-2.41,-1.21,-0.4,-2.5,-0.64,-0.37,-0.46,-500.0,702.28,0.0,-0.0,500.0,702.3,702.22,13400.0,200.0, , , ,2018-05-09 10:05:07.298000,2018-05-09 10:05:10.352000,, , 
698,2018-05-09 10:05:09,-0.97,-0.33,-1.04,-0.31,-2.44,-1.26,-0.35,-2.3,-0.61,-0.32,-0.53,-500.0,702.2,702.2,-500.0,0.0,702.22,702.2,12800.0,1000.0,-1110.79,-3.16, ,2018-05-09 10:05:10.352000,2018-05-09 10:05:11.096000,, , 
699,2018-05-09 10:05:12,-1.07,-0.34,-0.97,-0.41,-2.54,-1.61,-0.33,-2.16,-0.64,-0.27,-0.64, , , , , ,702.2,702.18,13000.0,900.0, , , , , ,, , 
700,2018-05-09 10:05:15,-1.19,-0.49,-1.26,-0.65,-2.49,-1.57,-0.55,-1.93,-0.76,-0.28,-0.47, , , , , ,702.1,702.06,200.0,300.0, , , , , ,, , 
701,2018-05-09 10:05:18,-1.25,-0.55,-1.14,-0.58,-2.51,-1.75,-0.73,-1.83,-0.86,-0.32,-0.34, , , , , ,702.06,702.02,11800.0,700.0, , , , , ,, , 
702,2018-05-09 10:05:21,-1.37,-0.69,-1.44,-0.62,-2.52,-1.72,-0.99,-1.76,-0.96,-0.45,-0.21, , , , , ,702.02,702.0,10700.0,1100.0, , , , , ,, , 
703,2018-05-09 10:05:24,-1.53,-0.86,-1.61,-0.81,-2.37,-1.9,-1.12,-1.61,-1.08,-0.64,0.1,-500.0,701.9,701.9,-500.0,-500.0,701.93,701.9,300.0,100.0, , , ,2018-05-09 10:05:24.776000,2018-05-09 10:05:26.243000,, , 
704,2018-05-09 10:05:27,-1.51,-0.85,-1.75,-0.75,-2.22,-1.77,-1.13,-1.41,-1.01,-0.68,0.27, , , , , ,701.86,701.8,500.0,100.0, , , , , ,, , 
705,2018-05-09 10:05:30,-1.43,-0.74,-1.69,-0.71,-1.98,-1.68,-0.83,-1.12,-0.92,-0.69,0.48, , , , , ,701.76,701.66,400.0,200.0, , , , , ,, , 
706,2018-05-09 10:05:33,-1.26,-0.63,-1.45,-0.54,-1.84,-1.48,-0.72,-0.91,-0.84,-0.62,0.71, , , , , ,701.62,701.58,300.0,300.0, , , , , ,, , 
707,2018-05-09 10:05:36,-1.26,-0.55,-1.42,-0.54,-1.7,-1.58,-0.59,-0.75,-0.79,-0.52,0.79, , , , , ,701.55,701.5,500.0,200.0, , , , , ,, , 
708,2018-05-09 10:05:39,-1.25,-0.58,-1.44,-0.64,-1.33,-1.47,-0.55,-0.4,-0.83,-0.54,1.01, , , , , ,701.33,701.31,2100.0,300.0, , , , , ,, , 
709,2018-05-09 10:05:42,-1.27,-0.5,-1.42,-0.5,-1.08,-1.59,-0.46,-0.1,-0.81,-0.55,1.09, , , , , ,701.23,701.11,1200.0,300.0, , , , , ,, , 
710,2018-05-09 10:05:45,-1.13,-0.39,-1.23,-0.4,-0.89,-1.41,-0.33,0.1,-0.74,-0.43,1.22, , , , , ,701.11,701.1,10500.0,500.0, , , , , ,, , 
