,tick_time,bid,ask,bid 20,ask 20,la 20,bid 40,ask 40,la 40,bid 100,ask 100,la 100,order,price,trans,net,askp0,bidp0,askv0,bidv0,is_mocked,order_time,exchange_time,orderSide
0,2018-05-03 09:30:15, , , , ,-1.09, , ,-4.25, , ,-5.21, , , , ,665.8,665.02,200.0,2400.0, , , ,
1,2018-05-03 09:30:18, , , , ,-1.22, , ,-4.75, , ,-5.73, , , , ,665.8,665.15,200.0,500.0, , , ,
2,2018-05-03 09:30:21, , , , ,-1.27, , ,-5.24, , ,-5.28, , , , ,665.7,665.3,100.0,100.0, , , ,
3,2018-05-03 09:30:24, , , , ,-1.41, , ,-5.49, , ,-4.78, , , , ,665.9,665.03,700.0,400.0, , , ,
4,2018-05-03 09:30:27, , , , ,-1.39, , ,-6.0, , ,-4.71, , , , ,665.86,665.05,100.0,1700.0, , , ,
5,2018-05-03 09:30:30, , , , ,-1.57, , ,-6.3, , ,-4.77, , , , ,665.86,665.05,900.0,1700.0, , , ,
6,2018-05-03 09:30:33, , , , ,-1.11, , ,-6.29, , ,-4.47, , , , ,665.3,665.05,100.0,1300.0, , , ,
7,2018-05-03 09:30:36, , , , ,-1.77, , ,-7.28, , ,-4.94, , , , ,665.69,665.3,100.0,100.0, , , ,
8,2018-05-03 09:30:39, , , , ,-2.22, , ,-7.85, , ,-5.15, , , , ,665.81,665.5,100.0,800.0, , , ,
9,2018-05-03 09:30:42, , , , ,-1.92, , ,-7.77, , ,-4.76, , , , ,665.83,665.06,100.0,100.0, , , ,
10,2018-05-03 09:30:45, , , , ,-2.11, , ,-7.98, , ,-4.7, , , , ,665.8,665.06,100.0,500.0, , , ,
11,2018-05-03 09:30:48, , , , ,-1.95, , ,-7.99, , ,-4.5, , , , ,665.56,665.06,100.0,400.0, , , ,
12,2018-05-03 09:30:51, , , , ,-1.87, , ,-8.13, , ,-4.39, , , , ,665.45,665.05,500.0,2100.0, , , ,
13,2018-05-03 09:30:54, , , , ,-1.77, , ,-8.09, , ,-4.01, , , , ,665.06,665.05,100.0,700.0, , , ,
14,2018-05-03 09:30:57, , , , ,-1.9, , ,-8.26, , ,-3.91, , , , ,665.05,665.03,1500.0,100.0, , , ,
15,2018-05-03 09:31:00, , , , ,-2.18, , ,-8.37, , ,-3.7, , , , ,665.02,665.01,100.0,100.0, , , ,
16,2018-05-03 09:31:03, , , , ,-1.8, , ,-7.69, , ,-2.77, , , , ,665.0,664.02,100.0,3900.0, , , ,
17,2018-05-03 09:31:06, , , , ,-2.09, , ,-7.8, , ,-2.69, , , , ,665.0,664.02,900.0,3800.0, , , ,
18,2018-05-03 09:31:09, , , , ,-2.49, , ,-7.97, , ,-2.85, , , , ,664.99,664.15,100.0,500.0, , , ,
19,2018-05-03 09:31:12, , , , ,-2.77, , ,-7.98, , ,-2.94, , , , ,665.0,664.15,400.0,400.0, , , ,
20,2018-05-03 09:31:15,-0.9,-0.26,-1.3,-0.29,-3.65,-0.96,-0.43,-8.91,-0.43,-0.06,-3.67, , , , ,665.02,665.0,1400.0,100.0, , , ,
21,2018-05-03 09:31:18,-0.93,-0.21,-1.34,-0.23,-3.4,-0.83,-0.4,-8.68,-0.63,0.02,-3.0, , , , ,665.0,664.15,900.0,200.0, , , ,
22,2018-05-03 09:31:21,-0.93,-0.3,-1.23,-0.35,-3.75,-0.97,-0.45,-8.8,-0.6,-0.08,-3.0, , , , ,665.0,664.02,1200.0,3500.0, , , ,
23,2018-05-03 09:31:24,-0.92,-0.34,-1.31,-0.38,-4.07,-1.03,-0.42,-9.12,-0.43,-0.22,-3.04, , , , ,665.0,664.03,1300.0,100.0, , , ,
24,2018-05-03 09:31:27,-0.83,-0.34,-1.23,-0.28,-4.59,-0.92,-0.58,-9.12,-0.35,-0.16,-3.08, , , , ,665.0,664.02,2400.0,1900.0, , , ,
25,2018-05-03 09:31:30,-0.8,-0.19,-1.12,-0.14,-5.0,-0.79,-0.44,-9.21,-0.48,0.02,-3.34, , , , ,664.98,664.2,1000.0,1200.0, , , ,
26,2018-05-03 09:31:33,-0.72,-0.19,-1.05,-0.31,-4.56,-0.65,-0.41,-8.36,-0.46,0.14,-2.45, , , , ,664.03,664.02,900.0,1700.0, , , ,
27,2018-05-03 09:31:36,-0.87,-0.32,-1.06,-0.42,-5.95,-0.98,-0.54,-9.29,-0.58,-0.01,-3.31, , , , ,664.98,664.22,700.0,100.0, , , ,
28,2018-05-03 09:31:39,-0.85,-0.32,-1.02,-0.36,-5.45,-0.94,-0.58,-8.54,-0.58,-0.03,-2.49, , , , ,664.08,664.02,100.0,400.0, , , ,
29,2018-05-03 09:31:42,-0.76,-0.28,-0.95,-0.4,-5.65,-0.93,-0.49,-8.34,-0.4,0.04,-2.4, , , , ,664.03,664.02,400.0,300.0, , , ,
30,2018-05-03 09:31:45,-0.71,-0.28,-1.03,-0.45,-5.87,-0.86,-0.48,-8.17,-0.25,0.08,-2.26, , , , ,664.02,664.0,100.0,6900.0, , , ,
31,2018-05-03 09:31:48,-0.65,-0.22,-0.8,-0.47,-6.06,-0.84,-0.35,-8.02,-0.32,0.16,-2.23, , , , ,664.02,664.01,1400.0,500.0, , , ,
32,2018-05-03 09:31:51,-0.7,-0.13,-0.9,-0.29,-6.28,-0.8,-0.29,-7.84,-0.39,0.2,-2.19, , , , ,664.02,664.0,2500.0,6500.0, , , ,
33,2018-05-03 09:31:54,-0.88,-0.25,-1.03,-0.56,-6.54,-1.09,-0.32,-7.79,-0.5,0.12,-2.29, , , , ,664.02,664.0,2900.0,2800.0, , , ,
34,2018-05-03 09:31:57,-1.16,-0.51,-1.54,-1.07,-5.94,-1.43,-0.48,-7.09,-0.5,0.03,-1.66, , , , ,663.94,663.02,100.0,3800.0, , , ,
35,2018-05-03 09:32:00,-1.22,-0.63,-1.51,-1.13,-6.29,-1.57,-0.67,-7.28,-0.59,-0.09,-1.89, , , , ,663.94,663.31,100.0,100.0, , , ,
36,2018-05-03 09:32:03,-1.28,-0.54,-1.8,-0.99,-5.64,-1.48,-0.59,-6.57,-0.57,-0.03,-1.17, , , , ,663.28,663.01,100.0,200.0, , , ,
37,2018-05-03 09:32:06,-1.17,-0.31,-1.73,-0.75,-5.55,-1.37,-0.42,-6.26,-0.43,0.23,-0.7, , , , ,663.02,663.0,1400.0,6500.0, , , ,
38,2018-05-03 09:32:09,-1.2,-0.21,-1.88,-0.99,-5.19,-1.54,-0.18,-5.64,-0.16,0.52,0.02, , , , ,662.82,662.6,100.0,100.0, , , ,
39,2018-05-03 09:32:12,-1.47,-0.56,-1.96,-1.74,-5.32,-1.81,-0.46,-5.62,-0.64,0.52,0.07, , , , ,663.0,662.6,10800.0,100.0, , , ,
40,2018-05-03 09:32:15,-1.6,-0.46,-2.1,-1.43,-5.01,-1.76,-0.49,-4.84,-0.94,0.55,0.95, , , , ,662.6,662.22,300.0,5000.0, , , ,
41,2018-05-03 09:32:18,-1.68,-0.38,-2.18,-1.38,-5.44,-1.9,-0.4,-4.66,-0.96,0.63,1.05, , , , ,662.6,662.22,800.0,2900.0, , , ,
42,2018-05-03 09:32:21,-1.66,-0.59,-2.55,-2.11,-4.5,-1.8,-0.27,-3.35,-0.62,0.61,2.32, , , , ,662.18,661.1,100.0,100.0, , , ,
43,2018-05-03 09:32:24,-1.61,-0.64,-2.42,-2.03,-4.75,-1.72,-0.36,-3.06,-0.69,0.47,2.54, , , , ,662.17,661.02,700.0,200.0, , , ,
44,2018-05-03 09:32:27,-1.72,-0.48,-2.89,-1.78,-4.75,-1.6,-0.19,-2.54,-0.67,0.52,2.65, , , , ,662.17,661.02,800.0,100.0, , , ,
45,2018-05-03 09:32:30,-1.62,0.03,-2.78,-1.34,-3.84,-1.68,0.34,-0.93,-0.4,1.09,3.65, , , , ,661.02,661.0,1000.0,700.0, , , ,
46,2018-05-03 09:32:33,-1.22,0.4,-2.85,-0.98,-3.59,-0.98,0.78,0.45,0.17,1.39,4.06, , , , ,661.02,660.68,600.0,200.0, , , ,
47,2018-05-03 09:32:36,-0.73,0.5,-1.85,-0.88,-3.17,-0.78,0.85,1.77,0.43,1.52,4.71, , , , ,660.54,660.5,100.0,200.0, , , ,
48,2018-05-03 09:32:39,0.2,1.39,-0.48,0.63,-2.8,0.37,1.82,2.73,0.72,1.72,5.22, , , , ,660.23,660.22,100.0,200.0, , , ,
49,2018-05-03 09:32:42,0.58,1.94,-0.05,1.02,-2.5,0.92,2.24,3.23,0.87,2.56,5.48, , , , ,660.15,660.12,100.0,4400.0, , , ,
50,2018-05-03 09:32:45,0.7,1.82,0.11,0.59,-2.46,0.96,2.16,2.87,1.01,2.72,5.42, , , , ,660.22,660.2,100.0,500.0, , , ,
51,2018-05-03 09:32:48,0.16,1.44,-1.39,0.26,-1.83,0.92,1.86,3.18,0.94,2.19,5.94, , , , ,660.0,659.8,8500.0,200.0, , , ,
52,2018-05-03 09:32:51,-0.42,0.31,-2.22,-1.93,-1.41,0.39,1.01,3.81,0.57,1.86,6.17, , , , ,659.8,659.66,100.0,700.0, , , ,
53,2018-05-03 09:32:54,-0.75,0.27,-2.5,-2.1,-1.02,-0.15,0.95,4.43,0.39,1.97,6.42, , , , ,659.58,659.44,100.0,300.0, , , ,
54,2018-05-03 09:32:57,-0.04,0.44,-1.58,-1.4,-1.18,0.7,0.96,4.2,0.75,1.76,6.42, , , , ,659.66,659.44,200.0,200.0, , , ,
55,2018-05-03 09:33:00,-0.31,0.73,-2.09,-0.74,-0.9,0.58,1.18,4.4,0.58,1.76,6.73, , , , ,659.44,659.33,700.0,700.0, , , ,
56,2018-05-03 09:33:03,-0.46,0.73,-2.02,-0.76,-0.87,0.31,1.19,4.08,0.33,1.75,7.04, , , , ,659.39,659.33,300.0,600.0, , , ,
57,2018-05-03 09:33:06,-0.08,1.04,-1.29,0.12,-0.68,0.65,1.28,4.22,0.4,1.7,7.44, , , , ,659.33,659.28,200.0,400.0, , , ,
58,2018-05-03 09:33:09,0.49,1.1,-0.41,0.14,-0.45,1.05,1.38,4.28,0.84,1.8,7.61, , , , ,659.33,659.19,700.0,700.0, , , ,
59,2018-05-03 09:33:12,0.32,1.16,-0.58,0.37,-0.15,0.96,1.52,4.24,0.59,1.6,7.9, , , , ,659.33,659.0,1700.0,500.0, , , ,
60,2018-05-03 09:33:15,0.59,1.56,0.29,1.13,-0.24,1.03,1.86,3.92,0.46,1.69,7.87, , , , ,659.39,659.33,300.0,296.0, , , ,
61,2018-05-03 09:33:18,1.03,2.06,0.63,1.77,1.13,1.44,2.2,4.69,1.01,2.22,9.19,100.0,659.0,100.0,100.0,659.0,658.15,100.0,500.0, ,2018-05-03 09:33:18.636000,2018-05-03 09:33:20.765000,
62,2018-05-03 09:33:21,1.37,2.16,1.06,1.61,1.96,1.55,2.28,5.86,1.5,2.59,10.14,500.0,658.15,500.0,600.0,658.15,658.11,500.0,200.0, ,2018-05-03 09:33:21.629000,2018-05-03 09:33:22.781000,
63,2018-05-03 09:33:24,1.03,1.99,0.53,1.67,1.51,1.2,2.16,5.63,1.36,2.15,9.6, , , , ,659.0,658.15,1800.0,300.0, , , ,
64,2018-05-03 09:33:27,1.2,1.87,0.82,1.5,2.12,1.52,2.09,5.79,1.25,2.03,9.64,500.0,659.0,500.0,1100.0,659.0,658.03,1800.0,100.0, ,2018-05-03 09:33:27.585000,2018-05-03 09:33:28.315000,
65,2018-05-03 09:33:30,1.36,2.14,0.9,1.98,2.77,1.74,2.25,5.63,1.44,2.19,9.62,500.0,659.0,500.0,1600.0,659.0,658.15,800.0,100.0, ,2018-05-03 09:33:30.647000,2018-05-03 09:33:31.326000,
66,2018-05-03 09:33:33,1.62,2.37,1.26,2.14,4.46,1.91,2.6,6.06,1.69,2.36,10.12,100.0,658.39,100.0,1700.0,658.39,658.03,100.0,100.0, ,2018-05-03 09:33:33.630000,2018-05-03 09:33:34.357000,
67,2018-05-03 09:33:36,1.49,2.36,1.22,2.29,4.7,1.68,2.6,5.49,1.58,2.21,9.61,100.0,658.99,100.0,1800.0,658.99,658.2,100.0,1400.0, ,2018-05-03 09:33:36.640000,2018-05-03 09:33:37.916000,
68,2018-05-03 09:33:39,1.64,2.5,1.64,2.29,5.61,1.76,2.9,5.91,1.52,2.29,9.97,500.0,658.39,500.0,2300.0,658.39,658.28,1200.0,500.0, ,2018-05-03 09:33:39.626000,2018-05-03 09:33:40.433000,
69,2018-05-03 09:33:42,1.83,2.63,1.58,2.43,5.93,1.97,2.92,5.93,1.94,2.55,9.8,100.0,658.46,100.0,2400.0,658.46,658.28,100.0,500.0, ,2018-05-03 09:33:42.613000,2018-05-03 09:33:43.453000,
70,2018-05-03 09:33:45,1.8,2.54,1.58,2.36,5.26,1.89,2.81,5.56,1.93,2.46,9.41,100.0,658.89,100.0,2500.0,658.89,658.39,100.0,100.0, ,2018-05-03 09:33:45.614000,2018-05-03 09:33:46.467000,
71,2018-05-03 09:33:48,1.51,2.44,1.36,2.43,4.55,1.51,2.62,5.04,1.64,2.27,8.87, , , , ,659.0,658.99,1400.0,200.0, , , ,
72,2018-05-03 09:33:51,1.45,2.48,1.52,2.51,5.32,1.39,2.71,5.44,1.45,2.21,9.37, , , , ,658.99,658.5,100.0,200.0, , , ,
73,2018-05-03 09:33:54,1.46,2.39,1.44,2.53,5.48,1.56,2.56,5.42,1.38,2.09,9.36, , , , ,659.18,658.46,400.0,1300.0, , , ,
74,2018-05-03 09:33:57,1.26,2.07,1.48,2.3,5.36,1.21,2.1,5.54,1.08,1.82,9.46, , , , ,659.0,658.58,100.0,300.0, , , ,
75,2018-05-03 09:34:00,1.05,1.9,1.39,2.24,5.4,1.06,1.97,5.81,0.69,1.5,9.68, , , , ,659.0,658.46,100.0,700.0, , , ,
76,2018-05-03 09:34:03,1.21,1.74,1.49,2.09,4.88,1.18,1.67,5.83,0.95,1.46,9.61, , , , ,659.07,658.59,100.0,400.0, , , ,
77,2018-05-03 09:34:06,1.09,1.68,1.27,2.2,5.0,1.13,1.56,5.96,0.87,1.27,9.8, , , , ,659.0,658.59,100.0,200.0, , , ,
78,2018-05-03 09:34:09,0.98,1.63,1.18,2.09,4.55,0.9,1.72,5.45,0.88,1.06,9.58, , , , ,659.18,658.99,700.0,100.0, , , ,
79,2018-05-03 09:34:12,1.07,1.74,1.33,2.2,4.25,0.85,1.85,5.25,1.02,1.17,9.53, , , , ,659.18,659.14,200.0,1600.0, , , ,
80,2018-05-03 09:34:15,1.19,1.81,1.36,2.18,4.1,1.05,1.81,5.04,1.15,1.43,9.55, , , , ,659.28,659.21,300.0,300.0, , , ,
81,2018-05-03 09:34:18,1.1,1.88,1.38,2.32,3.55,1.03,1.75,4.95,0.89,1.57,9.59, , , , ,659.44,659.2,104.0,4400.0, , , ,
82,2018-05-03 09:34:21,0.86,1.79,1.06,2.28,3.7,0.88,1.57,4.5,0.64,1.53,9.34, , , , ,659.66,659.44,604.0,100.0, , , ,
83,2018-05-03 09:34:24,0.86,1.8,1.28,2.3,4.1,0.77,1.62,4.41,0.54,1.5,9.43, , , , ,659.66,659.5,304.0,400.0, , , ,
84,2018-05-03 09:34:27,0.91,1.88,1.36,2.28,3.79,0.71,1.67,3.98,0.67,1.68,9.14, , , , ,660.0,659.66,300.0,596.0, , , ,
85,2018-05-03 09:34:30,0.51,1.98,0.78,2.24,2.44,0.16,1.55,2.56,0.59,2.14,8.12, , , , ,661.02,660.32,800.0,200.0, , , ,
86,2018-05-03 09:34:33,-0.39,1.66,-0.24,1.57,1.04,-0.68,1.48,1.35,-0.25,1.93,7.12, , , , ,662.0,661.02,1700.0,400.0, , , ,
87,2018-05-03 09:34:36,-1.06,1.33,-1.32,0.89,-0.55,-1.17,1.22,-0.27,-0.69,1.87,5.84, , , , ,663.0,662.15,400.0,100.0, , , ,
88,2018-05-03 09:34:39,-1.0,1.34,-0.98,0.88,0.33,-1.33,1.05,0.59,-0.68,2.1,6.95, , , , ,662.98,661.04,3300.0,400.0, , , ,
89,2018-05-03 09:34:42,-1.04,0.9,-0.9,0.38,0.41,-1.54,0.74,0.65,-0.67,1.57,7.13, , , , ,662.98,661.03,1700.0,1100.0, , , ,
90,2018-05-03 09:34:45,-0.97,0.56,-0.79,0.29,-0.29,-1.49,0.42,0.03,-0.64,0.98,6.47, , , , ,662.98,662.0,1500.0,2000.0, , , ,
91,2018-05-03 09:34:48,-1.11,0.74,-0.93,0.29,0.62,-1.45,0.47,0.95,-0.94,1.45,7.38, , , , ,662.81,661.0,800.0,200.0, , , ,
92,2018-05-03 09:34:51,-1.16,1.23,-0.8,1.13,1.15,-1.42,0.71,1.49,-1.25,1.85,7.91, , , , ,662.81,660.34,100.0,100.0, , , ,
93,2018-05-03 09:34:54,-1.48,1.03,-1.48,1.06,-0.94,-1.66,0.37,-0.78,-1.31,1.67,5.58, , , , ,663.02,663.0,500.0,307.0, , , ,
94,2018-05-03 09:34:57,-1.68,0.05,-1.64,-0.0,-1.21,-1.98,-0.15,-1.3,-1.43,0.31,5.08, , , , ,663.31,663.17,100.0,7.0, , , ,
95,2018-05-03 09:35:00,-0.77,1.45,-0.38,1.58,1.68,-1.08,0.93,1.4,-0.85,1.84,7.65, , , , ,662.5,660.4,2300.0,100.0, , , ,
96,2018-05-03 09:35:03,-0.59,1.75,-0.4,1.65,1.83,-0.86,1.43,1.39,-0.49,2.17,7.51, , , , ,662.5,660.41,2100.0,300.0, , , ,
97,2018-05-03 09:35:06,-1.5,0.33,-1.57,0.33,1.03,-1.82,-0.12,0.76,-1.11,0.79,6.52, , , , ,662.5,661.58,1700.0,100.0, , , ,
98,2018-05-03 09:35:09,-1.63,-0.29,-1.53,-0.05,-1.1,-1.89,-0.64,-1.02,-1.47,-0.2,4.41,-2500.0,663.48,-0.0,2500.0,663.5,663.31,100.0,100.0, ,2018-05-03 09:35:09.707000,2018-05-03 09:35:13.390000,
99,2018-05-03 09:35:12,-0.67,1.12,-0.31,1.13,1.81,-0.93,0.7,2.16,-0.77,1.54,7.37, , , , ,662.5,660.35,100.0,1800.0, , , ,
100,2018-05-03 09:35:15,-0.43,1.57,-0.53,1.39,2.42,-0.55,1.21,3.13,-0.22,2.1,8.05, , , , ,661.58,660.36,100.0,1200.0, , , ,
101,2018-05-03 09:35:18,-1.31,0.74,-1.45,0.66,0.91,-1.62,0.13,1.69,-0.85,1.42,6.4, , , , ,662.98,661.0,100.0,100.0, , , ,
102,2018-05-03 09:35:21,-1.68,0.02,-2.01,0.19,0.4,-1.69,-0.4,1.39,-1.34,0.27,6.01, , , , ,662.98,661.53,100.0,100.0, , , ,
103,2018-05-03 09:35:24,-1.69,0.3,-1.86,0.02,-0.37,-1.82,0.05,0.81,-1.4,0.84,5.26, , , , ,662.97,662.5,200.0,100.0, , , ,
104,2018-05-03 09:35:27,-1.35,0.4,-1.39,0.38,0.46,-1.38,0.04,1.81,-1.27,0.77,6.03, , , , ,662.78,661.53,300.0,100.0, , , ,
105,2018-05-03 09:35:30,-1.49,-0.13,-1.58,-0.19,0.32,-1.62,-0.63,1.92,-1.27,0.41,6.03, , , , ,662.78,661.53,100.0,100.0, , , ,
106,2018-05-03 09:35:33,-1.38,0.06,-1.28,0.04,0.48,-1.36,-0.2,2.2,-1.48,0.35,6.13, , , , ,662.5,661.66,100.0,100.0, , , ,
107,2018-05-03 09:35:36,-1.09,0.09,-1.2,-0.1,0.01,-0.94,-0.16,1.85,-1.13,0.51,5.57, , , , ,662.8,662.0,400.0,3000.0, , , ,
108,2018-05-03 09:35:39,-0.85,0.39,-1.17,0.18,0.3,-0.86,0.05,2.23,-0.5,0.95,5.93, , , , ,662.4,662.0,100.0,2700.0, , , ,
109,2018-05-03 09:35:42,-0.98,0.12,-1.19,-0.03,0.31,-1.17,-0.26,2.31,-0.57,0.66,5.92, , , , ,662.45,662.0,100.0,2000.0, , , ,
110,2018-05-03 09:35:45,-1.3,-0.08,-1.45,-0.06,0.37,-1.38,-0.4,2.3,-1.05,0.22,5.85, , , , ,662.53,662.0,2500.0,1800.0, , , ,
111,2018-05-03 09:35:48,-1.3,-0.19,-1.57,-0.29,0.03,-1.46,-0.47,1.96,-0.87,0.19,5.52, , , , ,662.53,662.5,2500.0,1000.0, , , ,
112,2018-05-03 09:35:51,-1.17,-0.03,-1.47,-0.03,0.44,-1.44,-0.27,2.31,-0.61,0.2,5.85, , , , ,662.53,662.0,1300.0,2300.0, , , ,
113,2018-05-03 09:35:54,-0.57,0.06,-0.81,-0.14,0.34,-0.89,-0.16,2.23,-0.03,0.46,5.79, , , , ,662.53,662.02,100.0,4900.0, , , ,
114,2018-05-03 09:35:57,-0.19,0.48,-0.68,0.17,-0.17,-0.29,0.27,1.95,0.4,1.0,5.24, , , , ,662.69,662.3,100.0,1000.0, , , ,
115,2018-05-03 09:36:00,-0.02,0.64,-0.52,0.01,-0.53,-0.23,0.53,1.67,0.68,1.39,4.67, , , , ,662.92,662.53,300.0,300.0, , , ,
116,2018-05-03 09:36:03,0.13,0.96,-0.44,0.22,-0.54,-0.19,0.76,1.92,1.03,1.91,4.5, , , , ,662.92,662.53,200.0,300.0, , , ,
117,2018-05-03 09:36:06,0.08,0.71,-0.35,0.04,-0.27,-0.26,0.43,2.24,0.83,1.68,4.3, , , , ,662.92,662.53,100.0,200.0, , , ,
118,2018-05-03 09:36:09,-0.03,0.64,-0.32,0.09,0.02,-0.19,0.27,2.35,0.43,1.56,4.3, , , , ,662.88,662.55,600.0,200.0, , , ,
119,2018-05-03 09:36:12,0.1,0.87,-0.21,0.14,0.48,-0.24,0.72,2.78,0.76,1.77,4.56, , , , ,662.54,662.53,200.0,100.0, , , ,
120,2018-05-03 09:36:15,-0.09,0.8,-0.47,0.28,0.79,-0.39,0.58,3.07,0.6,1.55,4.58, , , , ,662.53,662.5,100.0,100.0, , , ,
121,2018-05-03 09:36:18,-0.33,0.54,-0.55,0.06,0.89,-0.54,0.48,3.19,0.11,1.08,4.58, , , , ,662.53,662.5,200.0,100.0, , , ,
122,2018-05-03 09:36:21,-0.4,0.39,-0.52,0.03,0.59,-0.66,0.15,3.05,-0.02,0.99,4.35, , , , ,662.92,662.64,300.0,200.0, , , ,
123,2018-05-03 09:36:24,-0.32,0.59,-0.43,0.2,1.52,-0.56,0.28,3.98,0.03,1.29,5.29, , , , ,662.5,662.03,300.0,100.0, , , ,
124,2018-05-03 09:36:27,-0.68,0.44,-1.16,0.04,1.43,-1.0,0.04,3.73,0.12,1.24,5.1, , , , ,662.5,662.3,6500.0,500.0, , , ,
125,2018-05-03 09:36:30,-0.49,0.32,-0.85,-0.29,1.54,-0.79,-0.0,3.79,0.18,1.25,4.96, , , , ,662.5,662.3,6000.0,600.0, , , ,
126,2018-05-03 09:36:33,-0.23,0.55,-0.54,0.07,1.71,-0.48,0.2,3.73,0.34,1.38,4.67, , , , ,662.5,662.3,3800.0,600.0, , , ,
127,2018-05-03 09:36:36,0.26,0.88,-0.3,0.11,1.86,-0.14,0.69,3.81,1.22,1.83,4.53, , , , ,662.5,662.3,3100.0,400.0, , , ,
128,2018-05-03 09:36:39,0.38,1.0,-0.06,0.25,1.92,-0.29,0.7,3.77,1.49,2.05,4.53, , , , ,662.5,662.3,1300.0,500.0, , , ,
129,2018-05-03 09:36:42,0.57,1.13,0.09,0.27,2.04,-0.04,1.04,3.66,1.65,2.07,4.7, , , , ,662.5,662.3,1100.0,400.0, , , ,
130,2018-05-03 09:36:45,0.71,1.12,0.23,0.34,1.93,0.27,1.02,3.52,1.65,2.01,4.69, , , , ,662.53,662.5,200.0,500.0, , , ,
131,2018-05-03 09:36:48,0.93,1.39,0.31,0.52,1.64,0.39,1.56,3.19,2.08,2.1,4.46, , , , ,662.95,662.5,200.0,600.0, , , ,
132,2018-05-03 09:36:51,1.02,1.48,0.35,0.79,1.97,0.45,1.44,3.65,2.27,2.22,4.95, , , , ,662.97,662.02,100.0,4300.0, , , ,
133,2018-05-03 09:36:54,1.08,1.4,0.35,0.62,1.9,0.57,1.46,3.76,2.31,2.13,4.96, , , , ,662.97,662.02,100.0,3600.0, , , ,
134,2018-05-03 09:36:57,0.74,1.05,0.14,0.39,2.3,0.19,1.1,4.15,1.87,1.65,5.3, , , , ,662.5,662.03,900.0,100.0, , , ,
135,2018-05-03 09:37:00,0.38,0.88,-0.27,0.23,2.36,-0.13,0.85,4.29,1.54,1.58,5.25, , , , ,662.5,662.02,900.0,3200.0, , , ,
136,2018-05-03 09:37:03,0.41,0.9,-0.11,0.31,2.29,-0.19,0.78,4.05,1.52,1.61,4.79, , , , ,662.93,662.02,600.0,7800.0, , , ,
137,2018-05-03 09:37:06,0.6,1.01,0.06,0.28,2.62,0.17,1.03,4.19,1.58,1.72,5.04, , , , ,662.93,662.02,600.0,7600.0, , , ,
138,2018-05-03 09:37:09,0.64,1.37,0.04,0.65,1.96,0.55,1.57,3.66,1.31,1.88,4.28, , , , ,663.0,662.95,4714.0,1000.0, , , ,
139,2018-05-03 09:37:12,1.1,1.72,0.49,1.07,2.1,0.99,2.08,3.71,1.81,2.01,4.28, , , , ,663.0,662.95,1400.0,700.0, , , ,
140,2018-05-03 09:37:15,0.96,1.54,0.54,0.86,2.38,0.64,1.64,3.86,1.7,2.14,4.28, , , , ,663.0,662.95,1400.0,400.0, , , ,
141,2018-05-03 09:37:18,1.43,1.87,0.94,1.11,2.09,1.43,2.13,3.63,1.92,2.37,3.64, , , , ,663.3,663.17,100.0,1300.0, , , ,
142,2018-05-03 09:37:21,1.47,1.88,1.09,1.05,2.35,1.54,2.08,3.72,1.77,2.49,3.64, , , , ,663.31,663.17,200.0,1200.0, , , ,
143,2018-05-03 09:37:24,1.63,2.04,1.08,1.1,2.49,1.56,2.19,3.84,2.24,2.82,3.62, , , , ,663.33,663.17,100.0,1200.0, , , ,
144,2018-05-03 09:37:27,1.71,2.27,1.13,1.44,2.25,1.66,2.23,3.75,2.33,3.15,3.57, , , , ,663.4,663.35,100.0,500.0, , , ,
145,2018-05-03 09:37:30,1.71,2.08,1.14,1.26,2.08,1.81,2.18,3.78,2.19,2.8,3.46, , , , ,663.56,663.5,1000.0,300.0, , , ,
146,2018-05-03 09:37:33,1.6,1.99,1.15,1.32,2.02,1.57,2.29,4.05,2.08,2.34,3.44, , , , ,663.56,663.5,1100.0,600.0, , , ,
147,2018-05-03 09:37:36,1.69,2.21,1.18,1.47,1.84,1.87,2.54,4.13,2.03,2.62,3.37, , , , ,663.77,663.63,100.0,600.0, , , ,
148,2018-05-03 09:37:39,1.62,2.2,1.25,1.48,1.71,1.63,2.43,4.28,1.99,2.7,3.31, , , , ,663.9,663.63,200.0,200.0, , , ,
149,2018-05-03 09:37:42,1.43,1.91,1.11,1.29,1.69,1.69,2.04,4.56,1.49,2.41,3.45, , , , ,663.77,663.63,300.0,200.0, , , ,
150,2018-05-03 09:37:45,1.3,1.82,1.04,1.39,1.5,1.43,1.89,4.42,1.43,2.18,3.38, , , , ,664.0,663.7,4300.0,95.0, , , ,
151,2018-05-03 09:37:48,1.45,2.15,1.2,1.57,1.49,1.52,2.47,4.43,1.64,2.41,3.38, , , , ,664.0,663.7,1100.0,276.0, , , ,
152,2018-05-03 09:37:51,1.73,2.35,1.4,1.7,1.59,1.69,2.44,4.44,2.1,2.91,3.35, , , , ,664.02,663.7,400.0,276.0, , , ,
153,2018-05-03 09:37:54,1.56,2.18,1.19,1.49,2.03,1.49,2.32,4.63,2.01,2.73,3.69, , , , ,663.72,663.56,500.0,2176.0, , , ,
154,2018-05-03 09:37:57,1.19,1.79,0.89,1.19,2.08,1.14,1.85,4.47,1.53,2.32,3.74, , , , ,663.72,663.56,300.0,2100.0, , , ,
155,2018-05-03 09:38:00,1.01,1.65,0.8,1.04,1.64,0.89,1.88,3.75,1.33,2.03,3.08, , , , ,664.03,664.0,400.0,100.0, , , ,
156,2018-05-03 09:38:03,1.04,1.59,0.89,1.15,1.73,0.8,1.62,3.62,1.41,2.0,2.87, , , , ,664.03,664.0,100.0,3800.0, , , ,
157,2018-05-03 09:38:06,1.22,1.73,0.95,1.21,1.41,1.4,1.81,3.08,1.31,2.18,2.08, , , , ,664.6,664.03,100.0,400.0, , , ,
158,2018-05-03 09:38:09,1.11,1.56,0.84,1.24,1.36,1.17,1.74,2.75,1.32,1.71,1.54, , , , ,664.99,664.0,100.0,5400.0, , , ,
159,2018-05-03 09:38:12,1.12,1.7,0.84,1.5,1.77,1.24,1.94,3.05,1.27,1.67,1.65, , , , ,664.5,664.03,100.0,300.0, , , ,
160,2018-05-03 09:38:15,1.02,1.57,0.88,1.29,1.69,0.99,1.72,2.83,1.2,1.7,1.4, , , , ,664.8,664.03,100.0,100.0, , , ,
161,2018-05-03 09:38:18,0.76,1.41,0.41,1.2,0.93,1.02,1.36,1.81,0.84,1.66,0.58, , , , ,665.05,665.0,100.0,1800.0, , , ,
162,2018-05-03 09:38:21,0.47,1.32,0.37,1.37,1.37,0.48,1.27,2.16,0.56,1.31,0.84, , , , ,665.0,664.6,1800.0,14600.0, , , ,
163,2018-05-03 09:38:24,0.6,1.59,0.68,1.69,1.23,0.51,1.69,1.87,0.62,1.4,0.56, , , , ,665.0,664.95,300.0,100.0, , , ,
164,2018-05-03 09:38:27,0.42,1.2,0.57,1.27,1.61,0.25,1.09,2.04,0.44,1.25,0.75, , , , ,664.99,664.6,300.0,14100.0, , , ,
165,2018-05-03 09:38:30,0.42,1.0,0.56,1.17,1.72,0.37,0.88,1.89,0.35,0.95,0.49, , , , ,664.99,664.8,300.0,100.0, , , ,
166,2018-05-03 09:38:33,0.5,1.08,0.6,1.14,1.84,0.52,0.95,1.72,0.38,1.15,0.32, , , , ,665.0,664.99,400.0,200.0, , , ,
167,2018-05-03 09:38:36,0.02,0.75,0.08,0.86,2.48,-0.25,0.59,1.95,0.22,0.81,0.52, , , , ,665.0,664.6,500.0,8600.0, , , ,
168,2018-05-03 09:38:39,-0.36,0.23,-0.27,0.47,2.42,-0.66,0.02,1.69,-0.16,0.19,0.13, , , , ,665.0,664.99,300.0,500.0, , , ,
169,2018-05-03 09:38:42,-0.37,0.19,-0.31,0.56,2.9,-0.23,0.0,2.02,-0.58,0.0,0.3, , , , ,665.0,664.6,100.0,7100.0, , , ,
170,2018-05-03 09:38:45,-0.36,0.21,-0.27,0.62,3.12,-0.3,0.01,2.16,-0.51,-0.0,0.31, , , , ,664.8,664.6,300.0,7300.0, , , ,
171,2018-05-03 09:38:48,-0.41,0.07,-0.52,0.41,2.88,-0.38,-0.05,1.95,-0.32,-0.16,-0.19, , , , ,664.95,664.8,1500.0,100.0, , , ,
172,2018-05-03 09:38:51,-0.56,-0.11,-0.55,-0.03,2.75,-0.71,-0.25,1.75,-0.42,-0.05,-0.24, , , , ,665.0,664.95,400.0,1100.0, , , ,
173,2018-05-03 09:38:54,-0.19,0.3,-0.23,0.51,2.4,-0.25,0.07,1.49,-0.08,0.32,-0.55, , , , ,665.18,665.06,200.0,1200.0, , , ,
174,2018-05-03 09:38:57,-0.01,0.4,-0.1,0.51,2.46,-0.23,0.14,1.48,0.31,0.54,-0.04, , , , ,665.0,664.95,1000.0,700.0, , , ,
175,2018-05-03 09:39:00,-0.29,0.25,-0.33,0.41,2.27,-0.61,-0.01,1.24,0.08,0.36,0.38, , , , ,665.0,664.99,200.0,100.0, , , ,
176,2018-05-03 09:39:03,0.05,0.38,0.15,0.54,1.64,-0.31,0.17,0.56,0.32,0.45,-0.17, , , , ,665.48,665.18,100.0,400.0, , , ,
177,2018-05-03 09:39:06,0.15,0.53,0.17,0.74,1.53,-0.11,0.27,0.36,0.39,0.6,-0.01, , , , ,665.5,665.18,1000.0,200.0, , , ,
178,2018-05-03 09:39:09,0.2,0.43,0.17,0.61,1.48,-0.18,0.17,0.34,0.61,0.51,-0.16, , , , ,665.5,665.18,1000.0,1200.0, , , ,
179,2018-05-03 09:39:12,0.55,0.88,0.51,1.03,1.06,0.16,0.77,-0.05,0.99,0.83,-0.7, , , , ,666.0,665.18,4500.0,1200.0, , , ,
180,2018-05-03 09:39:15,0.63,1.19,0.7,1.37,1.21,0.17,1.03,0.09,1.03,1.16,-0.53, , , , ,665.5,665.48,100.0,100.0, , , ,
181,2018-05-03 09:39:18,0.88,1.41,0.84,1.57,0.74,0.71,1.35,-0.28,1.09,1.31,-1.09, , , , ,666.0,665.48,4670.0,100.0, , , ,
182,2018-05-03 09:39:21,0.79,1.15,0.76,1.27,0.73,0.45,1.02,-0.14,1.14,1.16,-1.29, , , , ,666.0,665.5,4600.0,30.0, , , ,
183,2018-05-03 09:39:24,0.94,1.3,0.81,1.51,0.53,0.74,1.23,-0.15,1.28,1.17,-1.65, , , , ,665.95,665.78,300.0,800.0, , , ,
184,2018-05-03 09:39:27,1.15,1.65,1.07,1.68,0.47,0.9,1.6,-0.09,1.48,1.68,-1.78, , , , ,665.89,665.78,100.0,800.0, , , ,
185,2018-05-03 09:39:30,1.45,1.84,1.28,1.86,0.21,1.34,1.56,-0.48,1.73,2.11,-2.0, , , , ,666.01,666.0,200.0,9600.0, , , ,
186,2018-05-03 09:39:33,1.24,1.61,1.01,1.69,-0.46,0.92,1.29,-1.44,1.8,1.85,-2.63, , , , ,666.5,666.39,100.0,100.0, , , ,
187,2018-05-03 09:39:36,0.9,1.13,0.8,1.43,-0.77,0.22,0.76,-1.81,1.67,1.2,-2.87, , , , ,666.68,666.53,100.0,300.0, , , ,
188,2018-05-03 09:39:39,0.5,0.78,0.59,1.14,-0.91,-0.32,0.37,-1.99,1.24,0.82,-2.92, , , , ,666.78,666.68,500.0,100.0, , , ,
189,2018-05-03 09:39:42,0.24,0.59,0.23,1.08,-0.74,-0.2,0.18,-1.7,0.7,0.5,-2.79, , , , ,666.89,666.4,200.0,300.0, , , ,
190,2018-05-03 09:39:45,0.13,0.57,0.22,1.12,-1.19,-0.35,0.18,-1.96,0.53,0.41,-3.24, , , , ,666.97,666.89,3400.0,100.0, , , ,
191,2018-05-03 09:39:48,0.14,0.45,0.19,1.11,-0.97,-0.43,0.07,-1.7,0.66,0.17,-3.08, , , , ,666.89,666.73,100.0,100.0, , , ,
192,2018-05-03 09:39:51,0.28,0.49,0.38,1.09,-0.95,-0.33,0.19,-1.5,0.79,0.18,-3.18, , , , ,666.82,666.73,100.0,200.0, , , ,
193,2018-05-03 09:39:54,0.31,0.51,0.25,1.18,-0.9,0.04,0.17,-1.4,0.64,0.17,-3.06, , , , ,666.73,666.69,100.0,400.0, , , ,
194,2018-05-03 09:39:57,-0.15,0.1,-0.11,0.75,-0.91,-0.59,-0.12,-1.18,0.23,-0.33,-2.34, , , , ,666.63,666.5,300.0,300.0, , , ,
195,2018-05-03 09:40:00,-0.63,-0.27,-0.73,0.14,-0.84,-0.72,-0.21,-0.96,-0.43,-0.74,-1.85, , , , ,666.63,666.12,1000.0,600.0, , , ,
196,2018-05-03 09:40:03,-0.83,-0.31,-0.98,-0.08,-1.01,-1.05,-0.16,-1.09,-0.47,-0.67,-1.67,-900.0,666.61,-0.0,2500.0,666.63,666.12,700.0,600.0, ,2018-05-03 09:40:03.654000,2018-05-03 09:40:07.016000,
197,2018-05-03 09:40:06,-0.97,-0.4,-1.21,-0.27,-1.18,-0.96,-0.33,-0.83,-0.76,-0.61,-1.34,-1900.0,666.58,-0.0,2500.0,666.6,666.12,100.0,500.0, ,2018-05-03 09:40:07.016000,2018-05-03 09:40:10.031000,
198,2018-05-03 09:40:09,-1.11,-0.49,-1.23,-0.44,-1.11,-1.28,-0.46,-0.75,-0.81,-0.57,-1.57,-200.0,666.48,-200.0,2300.0,666.5,666.12,100.0,500.0, ,2018-05-03 09:40:10.032000,2018-05-03 09:40:11.073000,
199,2018-05-03 09:40:12,-1.08,-0.38,-1.18,-0.35,-1.05,-1.4,-0.36,-0.68,-0.65,-0.43,-1.48,-1800.0,666.38,-800.0,1500.0,666.4,666.12,100.0,500.0, ,2018-05-03 09:40:12.620000,2018-05-03 09:40:16.066000,
200,2018-05-03 09:40:15,-0.98,-0.36,-1.13,-0.43,-1.06,-1.37,-0.38,-0.67,-0.45,-0.27,-1.34, , , , ,666.38,666.13,1000.0,100.0, , , ,
201,2018-05-03 09:40:18,-0.99,-0.39,-1.12,-0.52,-1.19,-1.4,-0.54,-1.03,-0.44,-0.1,-1.43,-1300.0,666.48,-1300.0,200.0,666.5,666.18,400.0,100.0, ,2018-05-03 09:40:18.636000,2018-05-03 09:40:22.669000,
202,2018-05-03 09:40:21,-0.96,-0.43,-1.07,-0.58,-0.61,-1.45,-0.59,-0.62,-0.35,-0.1,-0.72, , , , ,666.12,666.01,1000.0,1000.0, , , ,
203,2018-05-03 09:40:24,-0.63,-0.14,-0.78,-0.25,-0.77,-1.08,-0.29,-0.95,-0.04,0.12,-0.76, , , , ,666.55,666.01,1900.0,500.0, , , ,
204,2018-05-03 09:40:27,-0.56,-0.2,-0.66,-0.2,-0.62,-1.01,-0.36,-0.68,0.0,-0.04,-0.47, , , , ,666.38,666.0,100.0,6300.0, , , ,
205,2018-05-03 09:40:30,-0.42,-0.01,-0.6,-0.04,-0.57,-0.73,-0.07,-0.35,0.07,0.07,-0.43, , , , ,666.1,666.02,1700.0,300.0, , , ,
206,2018-05-03 09:40:33,-0.26,0.25,-0.46,0.08,-0.85,-0.41,0.18,-0.36,0.08,0.5,-0.72, , , , ,666.1,666.02,200.0,600.0, , , ,
207,2018-05-03 09:40:36,-0.35,0.08,-0.99,-0.16,-1.28,-0.4,0.06,-0.48,0.33,0.36,-1.16, , , , ,666.5,666.0,900.0,4200.0, , , ,
208,2018-05-03 09:40:39,-0.27,-0.01,-0.83,-0.24,-0.91,-0.55,0.01,-0.07,0.58,0.18,-0.93, , , , ,666.02,666.0,300.0,3100.0, , , ,
209,2018-05-03 09:40:42,-0.24,0.11,-0.72,-0.11,-0.99,-0.48,0.02,-0.28,0.49,0.43,-1.03, , , , ,666.35,666.0,100.0,1800.0, , , ,
210,2018-05-03 09:40:45,-0.34,0.06,-0.76,-0.12,-0.79,-0.42,-0.08,-0.09,0.17,0.39,-0.82, , , , ,666.3,666.0,100.0,1500.0, , , ,
211,2018-05-03 09:40:48,-0.11,0.15,-0.46,-0.0,-0.78,-0.25,0.08,-0.17,0.4,0.37,-0.86, , , , ,666.3,666.1,100.0,300.0, , , ,
212,2018-05-03 09:40:51,-0.38,0.06,-0.61,-0.16,-0.56,-0.8,-0.05,-0.1,0.26,0.39,-0.78, , , , ,666.3,666.0,100.0,1200.0, , , ,
213,2018-05-03 09:40:54,-0.45,-0.05,-0.73,-0.12,-0.41,-0.74,-0.12,0.05,0.12,0.09,-0.76, , , , ,666.1,666.0,100.0,1000.0, , , ,
214,2018-05-03 09:40:57,-0.58,-0.2,-0.84,-0.29,-0.41,-0.71,-0.22,0.1,-0.17,-0.08,-0.91, , , , ,666.1,666.0,100.0,100.0, , , ,
215,2018-05-03 09:41:00,-0.67,-0.09,-0.87,-0.2,0.21,-0.88,-0.19,0.7,-0.26,0.12,-0.36, , , , ,666.0,665.18,2000.0,2530.0, , , ,
216,2018-05-03 09:41:03,-0.87,-0.18,-1.1,-0.32,0.08,-1.29,-0.24,0.5,-0.23,0.02,-0.52, , , , ,666.0,665.18,6300.0,2730.0, , , ,
217,2018-05-03 09:41:06,-0.66,-0.02,-0.91,-0.1,0.32,-0.92,-0.08,0.15,-0.15,0.14,-0.64, , , , ,665.99,665.2,1200.0,5300.0, , , ,
218,2018-05-03 09:41:09,-0.52,0.08,-0.81,0.06,0.4,-0.76,-0.16,-0.04,0.0,0.33,-0.69, , , , ,665.89,665.2,200.0,5100.0, , , ,
219,2018-05-03 09:41:12,-0.43,0.09,-1.01,0.11,0.4,-0.64,-0.15,-0.28,0.36,0.33,-0.82, , , , ,665.89,665.2,200.0,3800.0, , , ,
220,2018-05-03 09:41:15,-0.43,0.13,-1.03,-0.11,0.4,-0.54,0.14,-0.31,0.29,0.35,-1.05, , , , ,665.89,665.2,400.0,3700.0, , , ,
221,2018-05-03 09:41:18,-0.23,0.4,-0.83,0.23,0.14,-0.11,0.42,-0.23,0.24,0.56,-1.19, , , , ,665.89,665.22,100.0,1700.0, , , ,
222,2018-05-03 09:41:21,-0.08,0.44,-0.95,0.26,0.16,0.16,0.35,-0.29,0.54,0.72,-1.28, , , , ,665.89,665.2,100.0,886.0, , , ,
223,2018-05-03 09:41:24,-0.15,0.1,-1.02,-0.06,-0.49,0.04,-0.25,-0.95,0.54,0.61,-1.85, , , , ,666.0,665.97,2300.0,1000.0, , , ,
224,2018-05-03 09:41:27,0.05,0.27,-0.73,0.03,-0.35,0.05,-0.01,-1.03,0.81,0.8,-1.88, , , , ,665.99,665.97,200.0,200.0, , , ,
225,2018-05-03 09:41:30,-0.03,0.33,-0.76,0.21,0.36,0.04,0.01,-0.54,0.65,0.78,-1.19, , , , ,665.99,665.18,200.0,2116.0, , , ,
226,2018-05-03 09:41:33,0.13,0.59,-0.5,0.34,0.94,0.18,0.34,0.01,0.7,1.1,-0.56, , , , ,665.2,665.18,100.0,2316.0, , , ,
227,2018-05-03 09:41:36,0.74,1.03,-0.03,0.68,1.09,0.58,0.82,-0.1,1.67,1.61,-0.74, , , , ,665.22,665.2,200.0,10600.0, , , ,
228,2018-05-03 09:41:39,1.07,1.69,0.18,1.14,0.54,0.7,1.84,-0.79,2.34,2.1,-1.08, , , , ,665.99,665.22,100.0,400.0, , , ,
229,2018-05-03 09:41:42,1.14,1.43,0.04,1.03,0.58,1.02,1.55,-0.91,2.37,1.72,-0.99, , , , ,665.99,665.22,300.0,400.0, , , ,
230,2018-05-03 09:41:45,0.93,1.25,0.02,0.82,0.69,0.7,1.4,-1.09,2.07,1.54,-0.81, , , , ,665.97,665.29,100.0,1500.0, , , ,
231,2018-05-03 09:41:48,1.35,1.69,0.3,1.46,0.66,1.23,1.66,-1.35,2.53,1.97,-0.59, , , , ,666.0,665.3,900.0,400.0, , , ,
232,2018-05-03 09:41:51,1.57,2.17,0.65,1.83,0.39,1.31,2.41,-1.52,2.75,2.26,-0.74, , , , ,666.0,665.65,500.0,100.0, , , ,
233,2018-05-03 09:41:54,1.91,2.34,1.07,1.98,0.14,1.85,2.65,-1.86,2.83,2.39,-0.77,300.0,666.0,300.0,500.0,666.0,665.99,300.0,100.0, ,2018-05-03 09:41:54.635000,2018-05-03 09:41:55.233000,
234,2018-05-03 09:41:57,1.84,2.26,0.97,1.81,0.71,1.71,2.57,-1.05,2.84,2.4,-0.08,200.0,666.0,200.0,700.0,666.0,665.29,200.0,600.0, ,2018-05-03 09:41:57.622000,2018-05-03 09:41:58.275000,
235,2018-05-03 09:42:00,1.41,1.71,0.44,1.28,0.62,1.33,1.8,-0.59,2.45,2.04,-0.1, , , , ,666.0,665.29,200.0,600.0, , , ,
236,2018-05-03 09:42:03,1.11,1.53,0.41,1.09,0.41,1.0,1.61,-0.65,1.92,1.89,-0.17, , , , ,666.0,665.29,200.0,900.0, , , ,
237,2018-05-03 09:42:06,0.95,1.14,0.31,0.76,0.07,0.74,1.37,-0.47,1.81,1.29,-0.33, , , , ,666.0,665.29,200.0,600.0, , , ,
238,2018-05-03 09:42:09,0.85,1.05,0.26,0.91,-1.18,0.84,1.28,-1.61,1.47,0.98,-1.46, , , , ,666.35,666.26,100.0,400.0, , , ,
239,2018-05-03 09:42:12,0.89,1.19,0.21,1.08,-0.42,0.89,1.42,-0.78,1.56,1.06,-0.45, , , , ,666.0,665.29,100.0,300.0, , , ,
240,2018-05-03 09:42:15,0.84,1.34,0.23,1.23,-0.45,0.76,1.6,-0.76,1.52,1.18,-0.42, , , , ,666.0,665.29,100.0,400.0, , , ,
241,2018-05-03 09:42:18,0.59,0.9,-0.03,0.83,-0.35,0.33,1.06,-0.94,1.48,0.81,-0.43, , , , ,666.0,665.29,2100.0,400.0, , , ,
242,2018-05-03 09:42:21,0.3,0.74,-0.43,0.77,-0.48,0.22,0.8,-1.18,1.09,0.63,-0.52, , , , ,666.0,665.35,2300.0,100.0, , , ,
243,2018-05-03 09:42:24,0.38,1.12,-0.47,1.07,-0.44,0.34,1.16,-1.31,1.28,1.14,-0.46, , , , ,666.0,665.29,1500.0,100.0, , , ,
244,2018-05-03 09:42:27,0.44,1.07,-0.29,0.97,-0.53,0.08,1.18,-1.49,1.54,1.07,-0.24, , , , ,666.0,665.29,400.0,100.0, , , ,
245,2018-05-03 09:42:30,0.51,0.84,-0.21,0.74,-1.17,0.21,0.81,-2.0,1.54,0.97,-0.49, , , , ,666.01,666.0,200.0,26.0, , , ,
246,2018-05-03 09:42:33,0.71,0.89,0.01,0.92,-1.21,0.47,0.87,-1.98,1.65,0.87,-0.4, , , , ,666.01,666.0,200.0,326.0, , , ,
247,2018-05-03 09:42:36,0.76,1.0,-0.0,0.78,-0.7,0.54,1.05,-1.37,1.76,1.16,0.23, , , , ,666.0,665.21,174.0,100.0, , , ,
248,2018-05-03 09:42:39,0.67,0.87,-0.03,0.73,-1.56,0.46,0.74,-2.0,1.59,1.14,-0.82, , , , ,666.23,666.01,200.0,875.0, , , ,
249,2018-05-03 09:42:42,0.91,1.03,0.29,0.74,-1.68,0.88,1.13,-2.01,1.55,1.21,-1.1, , , , ,666.23,666.01,200.0,275.0, , , ,
250,2018-05-03 09:42:45,0.77,0.91,0.08,0.81,-1.81,0.91,0.84,-2.02,1.33,1.08,-1.18, , , , ,666.23,666.0,200.0,1675.0, , , ,
251,2018-05-03 09:42:48,0.66,0.91,0.09,0.75,-1.89,0.54,1.04,-1.88,1.36,0.93,-1.01, , , , ,666.01,666.0,300.0,1775.0, , , ,
252,2018-05-03 09:42:51,0.56,0.83,-0.01,0.67,-1.96,0.51,0.96,-2.19,1.19,0.86,-0.98, , , , ,666.22,666.01,300.0,200.0, , , ,
253,2018-05-03 09:42:54,0.62,0.77,0.16,0.75,-2.01,0.55,0.95,-2.15,1.15,0.61,-0.75, , , , ,666.18,666.01,200.0,975.0, , , ,
254,2018-05-03 09:42:57,0.78,0.94,0.2,1.01,-1.76,0.82,1.01,-1.67,1.32,0.8,-0.59, , , , ,666.18,666.06,100.0,1000.0, , , ,
255,2018-05-03 09:43:00,0.96,1.02,0.2,0.91,-1.34,1.05,1.08,-1.5,1.62,1.06,-0.61, , , , ,666.22,666.06,300.0,500.0, , , ,
256,2018-05-03 09:43:03,0.39,0.55,-0.16,0.6,-1.0,0.21,0.52,-0.93,1.14,0.54,-0.25, , , , ,666.0,665.77,600.0,75.0, , , ,
257,2018-05-03 09:43:06,0.1,0.37,-0.42,0.58,-0.31,-0.03,0.2,-0.1,0.76,0.32,0.26, , , , ,665.77,665.3,25.0,100.0, , , ,
258,2018-05-03 09:43:09,0.07,0.56,-0.71,0.84,0.03,0.04,0.56,0.09,0.89,0.27,0.74, , , , ,665.21,665.2,100.0,10800.0, , , ,
259,2018-05-03 09:43:12,-0.1,0.35,-0.75,0.39,-0.5,-0.23,0.37,-0.28,0.68,0.28,0.35, , , , ,665.72,665.2,500.0,10800.0, , , ,
260,2018-05-03 09:43:15,-0.35,0.26,-0.84,0.15,-0.17,-0.72,0.39,0.17,0.51,0.25,0.67, , , , ,665.3,665.2,100.0,10900.0, , , ,
261,2018-05-03 09:43:18,-0.61,0.12,-1.08,0.03,-0.67,-1.03,0.09,-0.1,0.28,0.24,0.42, , , , ,665.72,665.2,700.0,7900.0, , , ,
262,2018-05-03 09:43:21,-0.82,-0.15,-1.27,-0.27,-0.86,-1.07,-0.22,0.18,-0.13,0.03,0.43, , , , ,665.72,665.2,700.0,7600.0, , , ,
263,2018-05-03 09:43:24,-1.04,-0.48,-1.31,-0.56,-0.72,-1.4,-0.55,0.79,-0.4,-0.33,0.82,-700.0,665.28,-100.0,600.0,665.3,665.2,800.0,7100.0, ,2018-05-03 09:43:24.634000,2018-05-03 09:43:28.357000,
264,2018-05-03 09:43:27,-1.28,-0.56,-1.59,-0.7,-0.89,-1.68,-0.54,0.96,-0.56,-0.46,0.75,-600.0,665.26,-0.0,600.0,665.28,665.2,600.0,100.0, ,2018-05-03 09:43:28.357000,2018-05-03 09:43:30.873000,
265,2018-05-03 09:43:30,-1.5,-0.79,-1.61,-0.84,-0.82,-2.03,-0.88,0.83,-0.87,-0.65,0.63,-600.0,665.18,-600.0,0.0,665.26,665.18,600.0,1616.0, ,2018-05-03 09:43:30.873000,2018-05-03 09:43:32.302000,
266,2018-05-03 09:43:33,-1.51,-0.6,-1.72,-0.55,-0.75,-1.95,-0.64,0.59,-0.85,-0.62,0.49, , , , ,665.2,665.18,300.0,116.0, , , ,
267,2018-05-03 09:43:36,-1.5,-0.61,-1.89,-0.81,-0.7,-2.14,-0.46,0.48,-0.47,-0.54,0.37, , , , ,665.2,665.12,200.0,16.0, , , ,
268,2018-05-03 09:43:39,-1.5,-0.66,-1.92,-0.55,-0.31,-2.04,-0.68,0.6,-0.54,-0.74,0.53, , , , ,665.0,664.99,84.0,100.0, , , ,
269,2018-05-03 09:43:42,-1.5,-0.73,-1.65,-0.43,-0.29,-2.09,-0.87,0.78,-0.75,-0.89,0.55,-200.0,664.95,-200.0,-200.0,665.0,664.95,200.0,200.0, ,2018-05-03 09:43:42.634000,2018-05-03 09:43:45.337000,
270,2018-05-03 09:43:45,-1.42,-0.64,-1.65,-0.43,-0.16,-1.87,-0.7,1.09,-0.75,-0.79,0.77, , , , ,665.07,664.68,400.0,100.0, , , ,
271,2018-05-03 09:43:48,-1.44,-0.73,-1.65,-0.59,-0.03,-1.92,-0.89,1.28,-0.74,-0.7,0.94, , , , ,664.95,664.6,100.0,100.0, , , ,
272,2018-05-03 09:43:51,-1.24,-0.08,-1.37,0.5,0.45,-1.69,-0.2,1.93,-0.65,-0.53,1.57, , , , ,664.68,664.03,800.0,100.0, , , ,
273,2018-05-03 09:43:54,-1.11,0.14,-1.02,0.57,-0.86,-1.59,0.11,0.46,-0.73,-0.25,0.18, , , , ,665.3,665.18,100.0,900.0, , , ,
274,2018-05-03 09:43:57,-0.76,0.13,-0.85,0.71,0.53,-0.81,0.13,1.2,-0.61,-0.45,1.01, , , , ,665.3,664.0,100.0,2100.0, , , ,
275,2018-05-03 09:44:00,-0.58,0.13,-0.9,0.28,-0.62,-0.55,0.12,-0.3,-0.3,-0.02,-0.21, , , , ,666.0,665.1,200.0,1000.0, , , ,
276,2018-05-03 09:44:03,-0.88,-0.36,-1.22,-0.15,-0.42,-1.04,-0.34,-0.45,-0.39,-0.57,-0.08, , , , ,665.99,665.1,500.0,100.0, , , ,
277,2018-05-03 09:44:06,-0.82,-0.14,-0.88,0.19,0.53,-0.98,-0.02,0.09,-0.6,-0.58,0.57, , , , ,665.13,665.1,100.0,300.0, , , ,
278,2018-05-03 09:44:09,-0.37,0.23,-0.61,0.33,0.22,-0.27,0.41,-0.04,-0.23,-0.06,0.41, , , , ,665.13,665.1,100.0,600.0, , , ,
279,2018-05-03 09:44:12,-0.28,0.29,-0.65,0.31,0.2,-0.35,0.43,-0.21,0.15,0.14,0.05, , , , ,665.18,665.1,200.0,600.0, , , ,
280,2018-05-03 09:44:15,-0.41,0.15,-0.55,0.27,0.34,-0.59,0.25,-0.44,-0.08,-0.09,-0.27, , , , ,665.18,665.1,300.0,600.0, , , ,
281,2018-05-03 09:44:18,-0.35,0.32,-0.37,0.46,0.35,-0.5,0.46,-0.59,-0.19,0.02,-0.48, , , , ,665.18,665.13,300.0,100.0, , , ,
282,2018-05-03 09:44:21,-0.25,0.4,-0.4,0.52,1.44,-0.31,0.6,0.1,-0.03,0.07,0.28, , , , ,665.0,664.25,100.0,1500.0, , , ,
283,2018-05-03 09:44:24,-0.29,0.36,-0.42,0.39,1.73,-0.37,0.57,0.18,-0.07,0.13,0.16, , , , ,665.0,664.26,300.0,100.0, , , ,
284,2018-05-03 09:44:27,-0.29,0.36,-0.45,0.42,1.81,-0.35,0.59,0.08,-0.08,0.08,0.19, , , , ,665.1,664.25,300.0,1500.0, , , ,
285,2018-05-03 09:44:30,-0.4,0.26,-0.61,0.24,1.65,-0.47,0.34,0.17,-0.12,0.21,0.28, , , , ,665.1,664.26,3300.0,100.0, , , ,
286,2018-05-03 09:44:33,-0.42,0.2,-0.65,0.13,1.33,-0.5,0.23,0.18,-0.11,0.23,0.25, , , , ,665.1,664.3,3400.0,300.0, , , ,
287,2018-05-03 09:44:36,-0.41,0.26,-0.65,0.14,1.17,-0.71,0.27,0.03,0.12,0.36,0.3, , , , ,665.1,664.3,3400.0,900.0, , , ,
288,2018-05-03 09:44:39,-0.44,0.26,-0.64,0.13,1.04,-0.72,0.27,0.28,0.02,0.37,0.2, , , , ,665.1,664.3,4500.0,800.0, , , ,
289,2018-05-03 09:44:42,-0.54,0.17,-0.67,0.02,0.67,-0.88,0.2,-0.15,-0.07,0.29,-0.6, , , , ,665.1,665.0,4600.0,100.0, , , ,
290,2018-05-03 09:44:45,-0.4,0.32,-0.62,0.2,1.39,-0.72,0.47,0.62,0.12,0.29,-0.2, , , , ,665.0,664.35,300.0,300.0, , , ,
291,2018-05-03 09:44:48,-0.35,0.38,-0.59,0.27,1.47,-0.74,0.54,0.91,0.28,0.34,-0.13, , , , ,665.0,664.3,200.0,800.0, , , ,
292,2018-05-03 09:44:51,-0.44,0.32,-0.62,0.29,1.49,-0.75,0.48,1.04,0.06,0.19,-0.12, , , , ,664.98,664.3,200.0,300.0, , , ,
293,2018-05-03 09:44:54,-0.58,0.36,-0.62,0.32,1.35,-0.93,0.42,1.25,-0.18,0.34,0.04, , , , ,665.0,664.3,500.0,500.0, , , ,
294,2018-05-03 09:44:57,-0.24,0.74,-0.43,0.57,1.09,-0.4,0.85,1.29,0.1,0.8,0.01, , , , ,665.1,664.35,1600.0,100.0, , , ,
295,2018-05-03 09:45:00,-0.21,0.69,-0.57,0.49,-0.98,-0.24,0.61,-0.65,0.17,0.98,-2.05, , , , ,666.01,666.0,1200.0,300.0, , , ,
296,2018-05-03 09:45:03,-0.04,0.85,-0.14,0.72,0.1,0.15,1.14,0.54,-0.13,0.71,-1.01, , , , ,666.0,664.35,300.0,200.0, , , ,
297,2018-05-03 09:45:06,0.3,1.25,0.14,1.03,0.03,0.54,1.46,0.41,0.21,1.25,-1.24,200.0,664.38,100.0,-100.0,665.95,664.36,100.0,300.0, ,2018-05-03 09:45:06.621000,2018-05-03 09:45:10.202000,
298,2018-05-03 09:45:09,0.21,1.28,0.17,1.0,-0.66,0.29,1.42,-0.28,0.18,1.42,-1.95, , , , ,665.95,665.1,100.0,3300.0, , , ,
299,2018-05-03 09:45:12,-0.35,1.11,-0.5,1.06,-0.3,-0.03,1.25,0.22,-0.51,1.02,-1.67, , , , ,665.3,665.1,1400.0,3300.0, , , ,
300,2018-05-03 09:45:15,0.11,1.44,0.23,1.21,-0.54,0.16,1.61,0.26,-0.05,1.51,-1.8, , , , ,665.3,665.1,1400.0,3300.0, , , ,
301,2018-05-03 09:45:18,0.06,1.41,-0.08,1.27,-1.15,0.1,1.39,-0.26,0.17,1.58,-2.54, , , , ,665.95,665.1,100.0,3100.0, , , ,
302,2018-05-03 09:45:21,-0.21,0.99,-0.46,0.77,-1.42,-0.03,1.08,-0.46,-0.13,1.12,-2.98, , , , ,665.95,665.32,300.0,300.0, , , ,
303,2018-05-03 09:45:24,-0.19,0.93,-0.4,0.76,-1.83,0.09,1.2,-0.96,-0.24,0.83,-3.72, , , , ,666.0,665.95,2800.0,700.0, , , ,
304,2018-05-03 09:45:27,-0.18,0.83,-0.27,0.62,-1.87,-0.01,1.16,-0.72,-0.26,0.72,-4.24, , , , ,666.0,665.94,2700.0,100.0, , , ,
305,2018-05-03 09:45:30,-0.14,0.78,-0.23,0.71,-1.73,0.05,0.87,-0.41,-0.25,0.75,-4.55, , , , ,665.95,665.94,100.0,200.0, , , ,
306,2018-05-03 09:45:33,0.02,1.07,0.09,1.13,-0.59,0.2,1.06,0.8,-0.22,1.03,-3.78, , , , ,665.32,665.1,400.0,3000.0, , , ,
307,2018-05-03 09:45:36,0.11,1.16,-0.11,1.19,-0.74,0.67,1.35,0.82,-0.22,0.93,-4.05, , , , ,665.32,665.1,600.0,3300.0, , , ,
308,2018-05-03 09:45:39,0.05,0.99,-0.1,0.88,-0.99,0.39,1.25,0.03,-0.14,0.83,-4.47, , , , ,666.0,665.1,2800.0,3200.0, , , ,
309,2018-05-03 09:45:42,-0.01,0.92,-0.44,0.75,-0.98,0.42,1.08,-0.32,-0.02,0.92,-4.46, , , , ,666.0,665.2,3000.0,100.0, , , ,
310,2018-05-03 09:45:45,0.09,0.86,-0.19,0.68,-0.76,0.44,0.75,-0.41,0.01,1.16,-4.28, , , , ,666.0,665.2,3000.0,400.0, , , ,
311,2018-05-03 09:45:48,0.31,1.02,-0.21,0.78,-0.59,0.82,0.99,-0.48,0.31,1.29,-4.54,100.0,665.32,100.0,0.0,666.0,665.3,2900.0,800.0, ,2018-05-03 09:45:48.646000,2018-05-03 09:45:51.473000,
312,2018-05-03 09:45:51,0.12,0.68,-0.33,0.45,-0.47,0.48,0.69,-0.27,0.2,0.89,-4.63, , , , ,665.99,665.3,100.0,700.0, , , ,
313,2018-05-03 09:45:54,0.08,0.75,-0.33,0.56,-0.25,0.33,0.69,-0.08,0.23,1.0,-4.99, , , , ,665.99,665.3,100.0,700.0, , , ,
314,2018-05-03 09:45:57,0.19,0.81,-0.12,0.63,0.51,0.21,0.75,0.72,0.47,1.06,-4.86, , , , ,665.3,665.2,10418.0,100.0, , , ,
315,2018-05-03 09:46:00,-0.2,0.56,-0.57,0.49,0.49,-0.05,0.35,0.72,0.02,0.85,-4.96, , , , ,665.3,665.2,10618.0,400.0, , , ,
316,2018-05-03 09:46:03,-0.38,0.38,-0.52,0.4,0.43,-0.52,0.23,0.71,-0.11,0.51,-5.31, , , , ,665.3,665.2,10718.0,500.0, , , ,
317,2018-05-03 09:46:06,-0.4,0.27,-0.57,0.21,0.3,-0.43,0.06,0.73,-0.19,0.53,-5.45, , , , ,665.3,665.15,10618.0,500.0, , , ,
318,2018-05-03 09:46:09,-0.66,0.2,-0.84,0.2,0.54,-0.76,-0.07,1.09,-0.39,0.46,-5.25, , , , ,665.15,664.8,100.0,100.0, , , ,
319,2018-05-03 09:46:12,-0.97,0.06,-1.09,0.09,0.67,-1.12,-0.12,1.2,-0.7,0.2,-5.13, , , , ,665.0,664.8,800.0,100.0, , , ,
320,2018-05-03 09:46:15,-0.77,0.25,-0.81,0.26,0.7,-0.96,0.11,1.19,-0.53,0.39,-5.04, , , , ,665.0,664.8,300.0,100.0, , , ,
321,2018-05-03 09:46:18,-0.55,0.38,-0.7,0.42,1.13,-0.58,0.14,1.71,-0.38,0.59,-4.16, , , , ,664.75,664.46,700.0,100.0, , , ,
322,2018-05-03 09:46:21,-0.59,0.34,-0.85,0.42,1.05,-0.66,0.1,1.68,-0.25,0.49,-3.76, , , , ,664.8,664.46,100.0,300.0, , , ,
323,2018-05-03 09:46:24,-0.45,0.38,-0.57,0.4,1.05,-0.48,0.22,1.74,-0.29,0.51,-3.49, , , , ,664.8,664.47,300.0,300.0, , , ,
324,2018-05-03 09:46:27,-0.6,0.31,-0.93,0.27,0.51,-0.68,0.21,0.89,-0.2,0.45,-3.99, , , , ,665.3,665.0,13018.0,100.0, , , ,
325,2018-05-03 09:46:30,-0.58,0.6,-0.75,0.58,1.79,-0.56,0.5,1.73,-0.43,0.73,-2.96, , , , ,664.5,664.47,100.0,200.0, , , ,
326,2018-05-03 09:46:33,-0.54,0.65,-0.81,0.67,1.26,-0.55,0.58,0.93,-0.28,0.69,-3.46, , , , ,665.3,664.5,12918.0,100.0, , , ,
327,2018-05-03 09:46:36,-0.82,0.2,-0.98,0.18,1.53,-0.94,0.15,1.0,-0.55,0.28,-2.88, , , , ,665.0,664.48,200.0,600.0, , , ,
328,2018-05-03 09:46:39,-0.77,0.47,-0.77,0.5,1.23,-0.91,0.55,0.91,-0.64,0.37,-2.48, , , , ,665.0,664.5,900.0,100.0, , , ,
329,2018-05-03 09:46:42,-0.33,0.97,-0.52,0.86,0.35,-0.23,1.15,0.29,-0.23,0.92,-2.7, , , , ,665.3,665.0,1718.0,1400.0, , , ,
330,2018-05-03 09:46:45,-0.18,1.14,-0.48,0.87,0.27,-0.03,1.48,0.36,-0.03,1.07,-2.42, , , , ,665.3,665.0,718.0,1100.0, , , ,
331,2018-05-03 09:46:48,-0.14,0.87,-0.32,0.65,0.02,-0.01,1.28,0.13,-0.09,0.68,-2.35, , , , ,665.32,665.31,500.0,482.0, , , ,
332,2018-05-03 09:46:51,-0.09,0.75,-0.27,0.55,0.09,0.28,1.24,-0.01,-0.28,0.46,-2.25, , , , ,665.5,665.31,200.0,582.0, , , ,
333,2018-05-03 09:46:54,-0.02,0.84,-0.38,0.64,0.21,0.42,1.24,-0.14,-0.1,0.63,-2.07, , , , ,665.5,665.42,400.0,600.0, , , ,
334,2018-05-03 09:46:57,0.05,0.78,-0.34,0.57,-0.02,0.61,1.07,-0.64,-0.12,0.71,-2.23, , , , ,665.98,665.5,400.0,200.0, , , ,
335,2018-05-03 09:47:00,0.11,0.74,-0.21,0.58,-0.01,0.66,1.07,-0.5,-0.12,0.56,-2.25, , , , ,665.98,665.5,400.0,300.0, , , ,
336,2018-05-03 09:47:03,0.03,0.79,-0.08,0.63,0.55,0.33,1.12,0.21,-0.15,0.62,-1.69, , , , ,665.42,665.3,100.0,182.0, , , ,
337,2018-05-03 09:47:06,-0.07,0.76,-0.29,0.74,0.6,0.27,1.07,0.29,-0.2,0.48,-1.6, , , , ,665.31,665.3,500.0,282.0, , , ,
338,2018-05-03 09:47:09,-0.12,0.61,-0.37,0.61,0.59,0.17,0.78,0.11,-0.15,0.43,-1.57, , , , ,665.31,665.3,600.0,382.0, , , ,
339,2018-05-03 09:47:12,-0.03,0.57,-0.26,0.5,0.5,0.23,0.86,-0.29,-0.06,0.35,-1.63, , , , ,665.42,665.31,100.0,400.0, , , ,
340,2018-05-03 09:47:15,-0.08,0.59,-0.19,0.5,0.44,0.14,0.86,-0.68,-0.18,0.41,-1.89, , , , ,665.5,665.31,700.0,200.0, , , ,
341,2018-05-03 09:47:18,-0.45,0.27,-0.48,0.35,0.52,-0.48,0.38,-0.85,-0.39,0.07,-2.08, , , , ,665.5,665.3,900.0,100.0, , , ,
342,2018-05-03 09:47:21,-0.58,0.14,-0.59,0.21,0.75,-0.68,0.29,-0.66,-0.46,-0.08,-2.06, , , , ,665.5,665.0,800.0,700.0, , , ,
343,2018-05-03 09:47:24,-0.34,0.15,-0.42,0.23,0.82,-0.32,0.29,-0.76,-0.28,-0.06,-2.25, , , , ,665.5,665.0,500.0,500.0, , , ,
344,2018-05-03 09:47:27,-0.22,0.33,-0.3,0.23,0.44,-0.13,0.51,-0.97,-0.23,0.23,-2.54, , , , ,665.89,665.0,200.0,500.0, , , ,
345,2018-05-03 09:47:30,0.28,0.69,-0.05,0.55,-0.55,0.71,0.92,-1.71,0.18,0.6,-2.89, , , , ,666.01,666.0,700.0,646.0, , , ,
346,2018-05-03 09:47:33,0.91,1.15,0.43,0.81,-0.72,1.34,1.4,-1.71,0.96,1.23,-2.41,500.0,666.01,500.0,500.0,666.01,666.0,700.0,346.0, ,2018-05-03 09:47:33.618000,2018-05-03 09:47:34.672000,
347,2018-05-03 09:47:36,0.79,1.27,0.3,1.18,-0.15,1.2,1.69,-0.9,0.86,0.95,-1.16, , , , ,666.0,665.01,200.0,100.0, , , ,
348,2018-05-03 09:47:39,0.4,1.21,0.26,1.17,-0.23,0.75,1.47,-1.01,0.18,0.99,-0.67, , , , ,666.0,665.01,200.0,100.0, , , ,
349,2018-05-03 09:47:42,0.48,1.11,0.18,1.09,0.11,0.73,1.21,-0.93,0.54,1.02,-0.29, , , , ,665.5,665.03,200.0,500.0, , , ,
350,2018-05-03 09:47:45,0.51,1.28,0.23,1.19,0.19,0.64,1.27,-1.09,0.65,1.37,-0.29, , , , ,665.5,665.03,400.0,500.0, , , ,
351,2018-05-03 09:47:48,0.25,0.92,-0.05,0.8,0.19,0.19,1.08,-1.06,0.59,0.88,-0.29, , , , ,665.5,665.04,300.0,100.0, , , ,
352,2018-05-03 09:47:51,0.02,0.79,-0.33,0.58,-0.18,0.13,0.82,-1.44,0.27,0.96,-0.59, , , , ,666.0,665.04,1800.0,200.0, , , ,
353,2018-05-03 09:47:54,-0.0,0.6,-0.26,0.52,-0.65,0.13,0.61,-1.69,0.12,0.67,-1.11, , , , ,666.0,665.6,1900.0,700.0, , , ,
354,2018-05-03 09:47:57,-0.15,0.6,-0.3,0.55,-0.71,-0.01,0.5,-1.6,-0.14,0.75,-1.21, , , , ,665.99,665.6,100.0,600.0, , , ,
355,2018-05-03 09:48:00,-0.15,0.42,-0.32,0.34,-0.58,-0.04,0.49,-1.73,-0.09,0.43,-1.31, , , , ,665.99,665.6,100.0,200.0, , , ,
356,2018-05-03 09:48:03,-0.05,0.47,-0.15,0.53,-0.08,0.02,0.46,-1.58,-0.01,0.43,-1.31, , , , ,665.6,665.5,200.0,100.0, , , ,
357,2018-05-03 09:48:06,0.11,0.4,-0.24,0.47,-0.38,0.35,0.35,-2.13,0.23,0.38,-1.8, , , , ,666.0,665.5,3000.0,200.0, , , ,
358,2018-05-03 09:48:09,0.3,0.61,-0.04,0.58,-0.55,0.56,0.59,-2.28,0.37,0.66,-2.19, , , , ,665.99,665.5,100.0,1400.0, , , ,
359,2018-05-03 09:48:12,0.33,0.57,-0.1,0.53,-0.86,0.62,0.65,-2.48,0.47,0.55,-2.74, , , , ,665.99,665.5,100.0,1400.0, , , ,
360,2018-05-03 09:48:15,0.03,0.55,-0.21,0.51,-0.89,0.22,0.55,-2.33,0.1,0.6,-2.81, , , , ,665.6,665.5,100.0,1200.0, , , ,
361,2018-05-03 09:48:18,-0.13,0.36,-0.35,0.36,-1.38,-0.07,0.3,-2.87,0.04,0.41,-3.27, , , , ,665.99,665.5,400.0,1100.0, , , ,
362,2018-05-03 09:48:21,-0.07,0.41,-0.31,0.3,-1.69,-0.05,0.4,-3.42,0.16,0.53,-3.23, , , , ,666.0,665.86,3300.0,100.0, , , ,
363,2018-05-03 09:48:24,-0.05,0.32,-0.16,0.23,-1.52,-0.03,0.34,-3.39,0.05,0.38,-2.76, , , , ,666.0,665.5,3700.0,800.0, , , ,
364,2018-05-03 09:48:27,-0.19,0.28,-0.25,0.19,-1.43,-0.26,0.31,-3.91,-0.07,0.33,-2.56, , , , ,666.0,665.5,3700.0,700.0, , , ,
365,2018-05-03 09:48:30,-0.28,0.12,-0.34,0.18,-1.0,-0.36,0.06,-3.93,-0.13,0.14,-2.07, , , , ,666.0,665.06,3900.0,100.0, , , ,
366,2018-05-03 09:48:33,-0.31,0.19,-0.31,0.24,-1.0,-0.52,0.14,-4.26,-0.11,0.2,-2.44, , , , ,666.0,665.06,3600.0,300.0, , , ,
367,2018-05-03 09:48:36,-0.24,0.25,-0.32,0.36,-0.57,-0.37,0.19,-4.16,-0.02,0.19,-1.91, , , , ,665.5,665.06,200.0,300.0, , , ,
368,2018-05-03 09:48:39,-0.52,0.3,-0.65,0.52,-0.67,-0.74,0.22,-4.08,-0.17,0.17,-1.96, , , , ,665.5,665.06,200.0,300.0, , , ,
369,2018-05-03 09:48:42,-0.39,0.4,-0.54,0.53,-1.02,-0.53,0.39,-4.05,-0.11,0.3,-2.41, , , , ,665.5,665.15,200.0,800.0, , , ,
370,2018-05-03 09:48:45,-0.39,0.49,-0.61,0.57,-1.4,-0.51,0.46,-4.09,-0.05,0.44,-2.48, , , , ,665.5,665.45,400.0,100.0, , , ,
371,2018-05-03 09:48:48,-0.35,0.19,-0.55,0.25,-1.37,-0.51,0.16,-4.28,0.0,0.17,-2.64, , , , ,665.5,665.45,498.0,300.0, , , ,
372,2018-05-03 09:48:51,-0.44,0.2,-0.52,0.26,-1.15,-0.65,0.16,-4.15,-0.17,0.17,-2.66, , , , ,665.5,665.15,498.0,500.0, , , ,
373,2018-05-03 09:48:54,-0.5,0.14,-0.55,0.19,-0.97,-0.69,0.08,-4.51,-0.26,0.15,-2.66, , , , ,665.5,665.15,498.0,600.0, , , ,
374,2018-05-03 09:48:57,-0.42,0.24,-0.43,0.28,-0.9,-0.67,0.2,-4.97,-0.16,0.24,-2.94, , , , ,665.5,665.15,398.0,600.0, , , ,
375,2018-05-03 09:49:00,-0.5,0.11,-0.54,0.16,-0.99,-0.72,0.12,-5.03,-0.23,0.05,-3.12, , , , ,665.45,665.15,100.0,400.0, , , ,
376,2018-05-03 09:49:03,-0.55,0.13,-0.67,0.13,-1.77,-0.64,0.1,-5.96,-0.34,0.17,-3.64, , , , ,665.86,665.5,200.0,302.0, , , ,
377,2018-05-03 09:49:06,-0.44,0.19,-0.58,0.17,-2.03,-0.48,0.17,-6.12,-0.26,0.22,-3.64, , , , ,665.86,665.5,200.0,102.0, , , ,
378,2018-05-03 09:49:09,-0.33,0.22,-0.27,0.31,-1.65,-0.48,0.15,-5.77,-0.23,0.21,-3.1, , , , ,665.45,665.2,98.0,800.0, , , ,
379,2018-05-03 09:49:12,-0.33,0.26,-0.33,0.37,-1.12,-0.46,0.24,-5.04,-0.19,0.18,-2.37, , , , ,665.0,664.68,598.0,200.0, , , ,
380,2018-05-03 09:49:15,-0.69,0.14,-0.71,0.31,-1.26,-0.8,0.2,-4.95,-0.57,-0.09,-2.09, , , , ,665.0,664.68,598.0,200.0, , , ,
381,2018-05-03 09:49:18,-0.7,0.13,-0.7,0.33,-1.49,-0.88,0.23,-4.48,-0.53,-0.17,-1.6, , , , ,665.0,664.65,598.0,100.0, , , ,
382,2018-05-03 09:49:21,-0.59,0.25,-0.52,0.45,-1.75,-0.79,0.18,-4.04,-0.45,0.14,-1.32, , , , ,664.99,664.65,100.0,100.0, , , ,
383,2018-05-03 09:49:24,-0.58,0.2,-0.6,0.33,-1.9,-0.82,0.22,-3.67,-0.32,0.03,-0.95, , , , ,665.0,664.51,198.0,100.0, , , ,
384,2018-05-03 09:49:27,-0.52,0.17,-0.51,0.35,-2.12,-0.77,0.16,-3.09,-0.28,-0.0,-0.65, , , , ,664.6,664.51,500.0,100.0, , , ,
385,2018-05-03 09:49:30,-0.72,0.04,-0.79,0.2,-3.25,-0.85,-0.01,-3.85,-0.51,-0.08,-1.62, , , , ,665.15,665.0,500.0,202.0, , , ,
386,2018-05-03 09:49:33,-0.75,0.04,-0.95,0.18,-3.58,-0.84,0.11,-3.73,-0.47,-0.16,-1.8, , , , ,665.15,665.0,500.0,102.0, , , ,
387,2018-05-03 09:49:36,-0.62,0.04,-0.65,0.21,-3.38,-0.76,0.13,-2.91,-0.44,-0.22,-1.59, , , , ,665.0,664.51,298.0,200.0, , , ,
388,2018-05-03 09:49:39,-0.4,0.13,-0.48,0.25,-3.21,-0.57,0.17,-2.4,-0.14,-0.03,-1.77, , , , ,665.0,664.4,198.0,100.0, , , ,
389,2018-05-03 09:49:42,-0.51,0.11,-0.7,0.23,-3.26,-0.62,0.09,-2.17,-0.2,0.02,-2.2, , , , ,665.0,664.6,598.0,100.0, , , ,
390,2018-05-03 09:49:45,-0.66,0.02,-0.76,0.18,-2.38,-0.87,-0.04,-1.2,-0.36,-0.09,-1.57, , , , ,664.35,664.31,100.0,100.0, , , ,
391,2018-05-03 09:49:48,-0.64,0.09,-0.62,0.33,-2.56,-0.87,-0.05,-0.87,-0.44,-0.0,-1.57, , , , ,664.35,664.31,100.0,100.0, , , ,
392,2018-05-03 09:49:51,-0.7,0.07,-0.76,0.12,-3.35,-0.92,-0.01,-1.33,-0.44,0.09,-2.25, , , , ,664.98,664.6,100.0,600.0, , , ,
393,2018-05-03 09:49:54,-0.82,-0.08,-0.86,0.04,-3.71,-0.89,-0.14,-1.06,-0.73,-0.14,-2.23, , , , ,664.98,664.6,100.0,400.0, , , ,
394,2018-05-03 09:49:57,-0.52,0.15,-0.58,0.26,-4.18,-0.74,0.18,-0.81,-0.24,0.01,-2.23, , , , ,665.0,664.6,1598.0,300.0, , , ,
395,2018-05-03 09:50:00,-0.17,0.22,-0.18,0.37,-3.88,-0.22,0.22,-0.44,-0.09,0.06,-1.76, , , , ,664.6,664.46,400.0,100.0, , , ,
396,2018-05-03 09:50:03,-0.32,0.16,-0.23,0.27,-4.09,-0.49,0.2,-0.3,-0.24,0.03,-1.63, , , , ,664.6,664.27,400.0,500.0, , , ,
397,2018-05-03 09:50:06,-0.23,0.2,-0.14,0.4,-3.98,-0.44,0.2,-0.01,-0.12,-0.0,-1.29, , , , ,664.26,664.23,100.0,2000.0, , , ,
398,2018-05-03 09:50:09,-0.33,0.17,-0.51,0.41,-3.96,-0.44,0.15,0.21,-0.02,-0.06,-1.02, , , , ,664.23,664.0,500.0,2000.0, , , ,
399,2018-05-03 09:50:12,-0.61,-0.1,-0.6,0.21,-3.96,-0.81,-0.16,0.24,-0.41,-0.34,-1.09,-500.0,664.21,-0.0,500.0,664.23,664.0,600.0,600.0, ,2018-05-03 09:50:12.671000,2018-05-03 09:50:16.247000,
400,2018-05-03 09:50:15,-0.85,-0.36,-0.79,-0.24,-3.52,-1.04,-0.35,0.39,-0.72,-0.49,-0.75,-500.0,663.98,-500.0,0.0,664.0,663.78,4100.0,200.0, ,2018-05-03 09:50:16.248000,2018-05-03 09:50:18.492000,
401,2018-05-03 09:50:18,-0.9,-0.46,-0.75,-0.31,-3.08,-1.14,-0.52,0.19,-0.81,-0.54,-0.82, , , , ,664.0,663.78,4500.0,100.0, , , ,
402,2018-05-03 09:50:21,-0.94,-0.36,-1.17,-0.28,-1.97,-1.08,-0.4,0.67,-0.58,-0.39,-0.21, , , , ,663.78,663.1,1100.0,200.0, , , ,
403,2018-05-03 09:50:24,-0.81,-0.26,-1.0,-0.22,-1.62,-1.03,-0.27,0.55,-0.42,-0.3,-0.13, , , , ,663.78,663.0,1400.0,700.0, , , ,
404,2018-05-03 09:50:27,-0.85,-0.08,-1.12,-0.14,-1.14,-1.04,-0.09,0.77,-0.4,-0.01,0.08, , , , ,663.5,663.0,1500.0,600.0, , , ,
405,2018-05-03 09:50:30,-0.58,0.04,-0.78,-0.07,0.0,-0.82,0.09,2.36,-0.13,0.09,1.2, , , , ,663.0,662.03,100.0,300.0, , , ,
406,2018-05-03 09:50:33,-0.41,0.48,-0.68,0.39,0.14,-0.62,0.56,2.87,0.08,0.49,1.2, , , , ,662.98,662.03,300.0,1100.0, , , ,
407,2018-05-03 09:50:36,-0.42,0.53,-0.65,0.44,0.47,-0.82,0.45,3.36,0.21,0.69,1.12, , , , ,662.98,662.03,200.0,1000.0, , , ,
408,2018-05-03 09:50:39,-0.46,0.61,-0.78,0.48,0.89,-0.73,0.67,3.85,0.14,0.68,1.03, , , , ,663.0,662.03,1400.0,200.0, , , ,
409,2018-05-03 09:50:42,-0.41,0.46,-0.78,0.11,0.91,-0.7,0.56,3.5,0.25,0.72,0.66, , , , ,663.0,662.5,1500.0,300.0, , , ,
410,2018-05-03 09:50:45,-0.48,0.55,-0.86,0.22,1.19,-0.73,0.73,3.51,0.14,0.69,0.66, , , , ,663.0,662.5,1500.0,100.0, , , ,
411,2018-05-03 09:50:48,-0.76,0.54,-1.16,0.4,1.15,-0.97,0.6,3.15,-0.16,0.63,0.35, , , , ,663.0,662.98,1500.0,200.0, , , ,
412,2018-05-03 09:50:51,-0.2,0.81,-0.43,0.74,2.84,-0.38,0.87,4.69,0.2,0.82,1.8, , , , ,662.03,662.02,100.0,200.0, , , ,
413,2018-05-03 09:50:54,-0.1,0.78,-0.44,0.63,2.4,-0.23,0.88,3.88,0.37,0.82,1.18, , , , ,662.98,662.0,400.0,1500.0, , , ,
414,2018-05-03 09:50:57,-0.21,0.74,-0.59,0.56,3.75,-0.18,0.81,4.87,0.16,0.85,2.34, , , , ,662.0,661.55,1500.0,100.0, , , ,
415,2018-05-03 09:51:00,0.03,0.78,-0.29,0.68,3.72,0.05,0.85,4.76,0.33,0.83,2.42, , , , ,662.0,661.55,997.0,300.0, , , ,
416,2018-05-03 09:51:03,0.39,1.19,-0.03,1.0,3.72,0.58,1.4,4.38,0.63,1.18,2.58, , , , ,662.0,661.55,1697.0,200.0, , , ,
417,2018-05-03 09:51:06,0.45,1.23,0.11,1.06,4.08,0.62,1.38,4.55,0.63,1.26,2.95, , , , ,661.55,661.53,1600.0,100.0, , , ,
418,2018-05-03 09:51:09,0.54,1.35,0.1,1.12,4.45,0.83,1.5,4.5,0.7,1.44,3.23, , , , ,661.53,661.1,100.0,800.0, , , ,
419,2018-05-03 09:51:12,0.72,1.54,0.39,1.56,4.48,0.92,1.63,3.94,0.85,1.42,3.16,100.0,661.53,100.0,100.0,661.53,661.1,100.0,800.0, ,2018-05-03 09:51:12.685000,2018-05-03 09:51:14.379000,
420,2018-05-03 09:51:15,0.63,1.72,0.2,1.62,3.58,0.83,1.78,2.87,0.85,1.76,2.38, , , , ,662.03,661.53,197.0,100.0, , , ,
421,2018-05-03 09:51:18,0.81,1.83,0.5,1.73,3.38,0.76,1.95,2.7,1.17,1.81,2.3, , , , ,662.03,661.53,97.0,100.0, , , ,
422,2018-05-03 09:51:21,0.55,1.85,-0.22,1.73,2.08,0.48,1.88,1.92,1.4,1.94,1.21, , , , ,662.98,662.03,100.0,3.0, , , ,
423,2018-05-03 09:51:24,0.29,1.84,-0.45,1.73,1.96,0.18,1.83,2.2,1.13,1.96,1.29, , , , ,662.88,662.03,100.0,103.0, , , ,
424,2018-05-03 09:51:27,0.08,1.88,-0.53,1.57,1.88,-0.03,1.82,2.33,0.81,2.24,1.11, , , , ,662.99,662.03,100.0,3.0, , , ,
425,2018-05-03 09:51:30,0.18,1.89,-0.06,1.48,2.35,-0.2,1.8,2.46,0.81,2.37,1.0, , , , ,663.0,662.04,600.0,100.0, , , ,
426,2018-05-03 09:51:33,0.32,1.83,0.04,1.39,2.76,0.04,1.73,2.0,0.87,2.38,0.83, , , , ,663.1,662.05,200.0,500.0, , , ,
427,2018-05-03 09:51:36,0.34,1.59,-0.07,1.3,2.95,-0.02,1.44,1.85,1.1,2.02,0.44, , , , ,663.5,662.06,100.0,200.0, , , ,
428,2018-05-03 09:51:39,-0.21,1.46,-0.87,1.17,2.5,-0.57,1.26,0.85,0.8,1.96,-0.51, , , , ,663.5,663.31,200.0,100.0, , , ,
429,2018-05-03 09:51:42,-0.32,1.27,-0.98,0.98,2.12,-0.61,1.03,0.1,0.65,1.8,-0.9, , , , ,664.0,663.32,700.0,700.0, , , ,
430,2018-05-03 09:51:45,-0.31,1.39,-0.82,1.08,2.27,-0.6,1.1,0.38,0.5,1.99,-0.78, , , , ,664.0,663.15,400.0,100.0, , , ,
431,2018-05-03 09:51:48,-0.21,1.3,-0.75,1.02,2.38,-0.41,1.02,0.32,0.53,1.87,-0.75, , , , ,664.0,663.0,100.0,1000.0, , , ,
432,2018-05-03 09:51:51,-0.34,1.18,-1.07,0.82,1.29,-0.55,0.91,-1.07,0.59,1.8,-1.99, , , , ,664.55,664.0,1300.0,2700.0, , , ,
433,2018-05-03 09:51:54,-0.22,1.06,-0.98,0.8,1.18,-0.53,0.69,-1.08,0.84,1.69,-2.2, , , , ,664.55,664.0,1200.0,2000.0, , , ,
434,2018-05-03 09:51:57,-0.2,0.89,-0.73,0.59,1.08,-0.59,0.51,-1.36,0.71,1.56,-2.46, , , , ,664.55,664.0,1200.0,1500.0, , , ,
435,2018-05-03 09:52:00,-0.29,0.73,-0.91,0.45,1.09,-0.53,0.58,-1.47,0.58,1.17,-2.54, , , , ,664.4,664.0,100.0,1500.0, , , ,
436,2018-05-03 09:52:03,-0.54,0.52,-1.11,0.25,0.72,-0.81,0.43,-1.42,0.31,0.89,-2.72, , , , ,664.4,664.0,100.0,1400.0, , , ,
437,2018-05-03 09:52:06,-0.67,0.53,-1.2,0.41,0.41,-0.85,0.4,-1.53,0.03,0.79,-2.89, , , , ,664.55,664.0,900.0,1300.0, , , ,
438,2018-05-03 09:52:09,-0.35,0.6,-0.79,0.42,0.02,-0.43,0.44,-1.52,0.17,0.96,-2.9, , , , ,664.55,664.0,800.0,1200.0, , , ,
439,2018-05-03 09:52:12,-0.24,0.59,-0.95,0.38,-0.54,-0.34,0.5,-1.53,0.57,0.89,-2.9, , , , ,664.55,664.01,800.0,400.0, , , ,
440,2018-05-03 09:52:15,-0.26,0.62,-0.94,0.37,-0.91,-0.42,0.47,-1.25,0.56,1.02,-2.62, , , , ,664.55,664.01,600.0,200.0, , , ,
441,2018-05-03 09:52:18,-0.59,0.5,-1.02,0.36,-0.27,-0.83,0.35,0.01,0.08,0.79,-1.66, , , , ,664.0,663.5,5100.0,100.0, , , ,
442,2018-05-03 09:52:21,-0.68,0.49,-0.99,0.38,0.04,-0.86,0.37,0.29,-0.18,0.71,-1.29, , , , ,664.0,663.51,4900.0,100.0, , , ,
443,2018-05-03 09:52:24,-0.5,0.55,-0.93,0.55,0.23,-0.56,0.46,0.56,-0.0,0.66,-1.43, , , , ,664.0,663.51,4600.0,100.0, , , ,
444,2018-05-03 09:52:27,-0.53,0.53,-1.04,0.48,0.44,-0.63,0.39,0.55,0.08,0.72,-1.53, , , , ,664.0,663.51,4800.0,400.0, , , ,
445,2018-05-03 09:52:30,-0.49,0.55,-0.98,0.52,0.6,-0.61,0.57,0.37,0.12,0.56,-1.49, , , , ,664.0,663.51,4300.0,400.0, , , ,
446,2018-05-03 09:52:33,-0.74,0.2,-1.23,0.2,-1.72,-0.94,-0.13,-1.77,-0.04,0.55,-3.79, , , , ,665.1,665.0,200.0,2671.0, , , ,
447,2018-05-03 09:52:36,-0.99,0.03,-1.52,0.08,-1.57,-1.16,-0.19,-2.04,-0.3,0.2,-3.65, , , , ,665.1,665.0,200.0,2271.0, , , ,
448,2018-05-03 09:52:39,-1.01,0.02,-1.61,-0.03,-1.66,-1.08,-0.22,-2.33,-0.35,0.32,-3.85, , , , ,665.15,665.0,500.0,2371.0, , , ,
449,2018-05-03 09:52:42,-1.17,-0.13,-1.64,-0.11,-2.02,-1.5,-0.34,-2.6,-0.39,0.06,-3.96,-100.0,665.13,-100.0,0.0,665.15,665.0,500.0,2171.0, ,2018-05-03 09:52:42.690000,2018-05-03 09:52:45.381000,
450,2018-05-03 09:52:45,-1.03,-0.04,-1.34,-0.03,-1.88,-1.2,-0.39,-2.69,-0.55,0.29,-3.85, , , , ,665.15,665.0,400.0,2171.0, , , ,
451,2018-05-03 09:52:48,-1.09,-0.05,-1.47,0.04,-2.04,-1.32,-0.38,-2.69,-0.48,0.18,-3.85, , , , ,665.15,665.0,400.0,2071.0, , , ,
452,2018-05-03 09:52:51,-1.08,-0.03,-1.48,0.08,-2.28,-1.19,-0.4,-2.67,-0.58,0.23,-3.83, , , , ,665.15,665.0,400.0,571.0, , , ,
453,2018-05-03 09:52:54,-1.17,-0.13,-1.73,-0.14,-2.62,-1.32,-0.39,-2.99,-0.46,0.14,-4.1, , , , ,665.44,665.15,100.0,100.0, , , ,
454,2018-05-03 09:52:57,-1.36,-0.36,-1.65,-0.36,-2.16,-1.52,-0.62,-2.23,-0.92,-0.11,-3.29, , , , ,665.0,664.6,4300.0,71.0, , , ,
455,2018-05-03 09:53:00,-1.27,-0.34,-1.59,-0.34,-2.37,-1.4,-0.55,-2.17,-0.83,-0.14,-3.14, , , , ,665.0,664.6,5200.0,271.0, , , ,
456,2018-05-03 09:53:03,-1.16,-0.25,-1.46,-0.26,-2.32,-1.34,-0.48,-2.18,-0.68,-0.01,-2.99, , , , ,665.0,664.6,5100.0,171.0, , , ,
457,2018-05-03 09:53:06,-1.1,-0.02,-1.37,-0.09,-1.56,-1.3,-0.16,-1.38,-0.65,0.17,-2.22, , , , ,664.6,664.0,29.0,200.0, , , ,
458,2018-05-03 09:53:09,-0.93,0.48,-1.21,0.3,-1.56,-0.9,0.78,-1.31,-0.66,0.37,-2.21, , , , ,664.6,664.0,100.0,200.0, , , ,
459,2018-05-03 09:53:12,-0.56,0.89,-0.78,0.92,-0.73,-0.56,0.97,-0.54,-0.35,0.77,-1.37, , , , ,664.0,663.5,200.0,100.0, , , ,
460,2018-05-03 09:53:15,-0.29,1.44,-0.38,1.31,0.17,-0.42,1.6,0.08,-0.07,1.42,-0.75, , , , ,663.5,663.17,100.0,100.0, , , ,
461,2018-05-03 09:53:18,-0.15,1.95,-0.37,1.71,0.66,-0.22,2.34,0.03,0.14,1.81,-0.73, , , , ,663.5,663.15,400.0,400.0, , , ,
462,2018-05-03 09:53:21,-0.89,1.17,-1.26,1.12,0.12,-0.99,1.35,-0.84,-0.42,1.03,-1.54, , , , ,664.6,663.12,100.0,400.0, , , ,
463,2018-05-03 09:53:24,-1.15,0.8,-1.5,0.68,-0.72,-1.31,1.23,-1.96,-0.64,0.5,-2.57, , , , ,664.61,664.6,200.0,200.0, , , ,
464,2018-05-03 09:53:27,-1.02,0.68,-1.29,0.62,0.4,-1.09,1.05,-0.84,-0.69,0.37,-1.2, , , , ,664.6,663.12,300.0,300.0, , , ,
465,2018-05-03 09:53:30,-0.78,0.85,-1.22,0.81,0.19,-0.73,1.23,-0.85,-0.38,0.51,-0.79, , , , ,664.55,663.2,300.0,900.0, , , ,
466,2018-05-03 09:53:33,-1.33,0.65,-1.6,0.8,-0.6,-1.53,0.69,-1.48,-0.87,0.44,-0.72, , , , ,664.55,664.0,400.0,100.0, , , ,
467,2018-05-03 09:53:36,-1.16,0.77,-1.23,0.87,0.15,-1.45,1.01,-0.54,-0.8,0.43,0.88, , , , ,664.0,663.2,200.0,300.0, , , ,
468,2018-05-03 09:53:39,-0.93,0.87,-1.03,0.96,-1.13,-1.13,1.05,-1.62,-0.63,0.59,0.29, , , , ,664.55,664.0,100.0,100.0, , , ,
469,2018-05-03 09:53:42,-0.85,0.77,-1.03,0.78,-0.61,-1.08,1.02,-0.85,-0.45,0.51,0.92, , , , ,664.0,663.5,200.0,300.0, , , ,
470,2018-05-03 09:53:45,-0.52,0.81,-0.22,1.05,0.02,-0.94,0.96,-0.13,-0.4,0.43,1.27, , , , ,663.5,663.05,100.0,1000.0, , , ,
471,2018-05-03 09:53:48,-0.54,0.84,-0.61,0.97,-1.07,-0.92,1.05,-1.17,-0.1,0.51,-0.17, , , , ,664.5,663.5,700.0,100.0, , , ,
472,2018-05-03 09:53:51,-0.9,0.88,-1.16,1.04,-0.82,-1.17,0.97,-0.94,-0.36,0.63,-0.28, , , , ,664.49,663.2,100.0,100.0, , , ,
473,2018-05-03 09:53:54,-0.27,1.58,-0.16,1.59,0.28,-0.57,1.54,0.22,-0.09,1.6,0.88, , , , ,663.2,663.05,100.0,500.0, , , ,
474,2018-05-03 09:53:57,0.1,1.69,0.19,1.6,0.08,0.02,1.73,0.1,0.08,1.75,0.71, , , , ,663.5,663.01,600.0,2000.0, , , ,
475,2018-05-03 09:54:00,0.05,1.56,0.25,1.24,0.15,-0.08,1.75,0.18,-0.01,1.68,0.71, , , , ,663.5,663.01,800.0,2100.0, , , ,
476,2018-05-03 09:54:03,0.11,1.18,0.38,1.23,0.13,-0.07,1.06,0.33,0.04,1.25,0.67, , , , ,663.5,663.02,700.0,100.0, , , ,
477,2018-05-03 09:54:06,0.03,1.3,-0.07,1.19,0.19,-0.04,1.33,0.34,0.21,1.38,0.67, , , , ,663.5,663.02,900.0,300.0, , , ,
478,2018-05-03 09:54:09,-0.1,1.21,-0.03,1.11,0.27,-0.39,1.26,0.28,0.12,1.27,0.53, , , , ,663.5,663.02,400.0,500.0, , , ,
479,2018-05-03 09:54:12,-0.22,1.16,-0.05,0.97,0.19,-0.63,1.26,0.21,0.01,1.26,0.53, , , , ,663.51,663.02,200.0,300.0, , , ,
480,2018-05-03 09:54:15,-0.15,1.07,-0.02,0.9,0.18,-0.41,1.13,0.13,-0.01,1.19,0.54, , , , ,663.52,663.02,200.0,300.0, , , ,
481,2018-05-03 09:54:18,-0.65,0.84,-0.96,0.76,-0.99,-0.93,0.79,-1.05,-0.06,0.97,-0.59, , , , ,664.49,663.51,100.0,100.0, , , ,
482,2018-05-03 09:54:21,-1.1,0.52,-1.36,0.63,-1.79,-1.36,0.38,-1.79,-0.57,0.55,-1.19, , , , ,664.5,664.49,300.0,100.0, , , ,
483,2018-05-03 09:54:24,-0.98,0.65,-1.13,0.77,-1.05,-1.23,0.7,-1.05,-0.58,0.47,-0.43, , , , ,664.5,663.51,100.0,200.0, , , ,
484,2018-05-03 09:54:27,-0.91,0.61,-0.84,0.83,-1.05,-1.21,0.63,-1.14,-0.68,0.38,-0.4, , , , ,664.5,663.5,300.0,400.0, , , ,
485,2018-05-03 09:54:30,-1.0,0.59,-1.03,0.79,-1.04,-1.23,0.45,-1.23,-0.75,0.53,-0.36, , , , ,664.5,663.5,300.0,600.0, , , ,
486,2018-05-03 09:54:33,-0.85,0.58,-0.67,0.78,-1.05,-1.04,0.62,-1.31,-0.84,0.34,-0.34, , , , ,664.49,663.5,100.0,300.0, , , ,
487,2018-05-03 09:54:36,-0.32,1.03,-0.05,1.17,-0.39,-0.47,1.02,-0.67,-0.44,0.88,0.41, , , , ,663.51,663.5,815.0,100.0, , , ,
488,2018-05-03 09:54:39,-0.19,1.07,-0.2,1.22,-0.14,-0.14,1.14,-0.34,-0.23,0.85,0.86, , , , ,663.51,663.07,515.0,100.0, , , ,
489,2018-05-03 09:54:42,-0.32,0.96,-0.5,1.15,-0.16,-0.01,1.04,-0.35,-0.43,0.7,0.99, , , , ,663.5,663.1,300.0,100.0, , , ,
490,2018-05-03 09:54:45,-0.63,0.62,-0.33,0.88,-0.14,-0.65,0.68,-0.32,-0.91,0.3,1.24, , , , ,663.45,663.1,500.0,100.0, , , ,
491,2018-05-03 09:54:48,-0.52,0.55,-0.19,0.74,-0.08,-0.64,0.65,-0.41,-0.73,0.27,1.45, , , , ,663.45,663.1,300.0,100.0, , , ,
492,2018-05-03 09:54:51,-0.34,0.62,0.01,0.82,-0.12,-0.62,0.61,-0.53,-0.4,0.42,1.53, , , , ,663.45,663.15,200.0,800.0, , , ,
493,2018-05-03 09:54:54,-0.43,0.6,-0.16,0.7,-0.08,-0.68,0.59,-0.77,-0.45,0.5,1.46, , , , ,663.5,663.15,500.0,100.0, , , ,
494,2018-05-03 09:54:57,-0.5,0.58,-0.16,0.73,0.0,-0.68,0.6,-1.04,-0.65,0.41,1.33, , , , ,663.5,663.15,500.0,100.0, , , ,
495,2018-05-03 09:55:00,-0.42,0.48,-0.14,0.65,0.12,-0.53,0.56,-1.18,-0.57,0.24,1.38, , , , ,663.5,663.09,500.0,100.0, , , ,
496,2018-05-03 09:55:03,-0.51,0.49,-0.27,0.68,0.01,-0.68,0.54,-1.63,-0.58,0.24,1.06, , , , ,663.5,663.45,500.0,100.0, , , ,
497,2018-05-03 09:55:06,-0.51,0.56,-0.38,0.72,0.29,-0.56,0.57,-1.43,-0.58,0.39,1.48, , , , ,663.51,663.09,115.0,200.0, , , ,
498,2018-05-03 09:55:09,-0.41,0.54,-0.38,0.63,-0.05,-0.38,0.62,-1.7,-0.48,0.38,1.4, , , , ,663.51,663.45,15.0,200.0, , , ,
499,2018-05-03 09:55:12,-0.48,0.44,-0.41,0.53,-0.11,-0.42,0.51,-1.69,-0.6,0.26,1.46, , , , ,663.51,663.45,115.0,200.0, , , ,
500,2018-05-03 09:55:15,-0.4,0.39,-0.15,0.57,0.07,-0.47,0.47,-1.16,-0.59,0.14,1.78, , , , ,663.51,663.1,115.0,200.0, , , ,
501,2018-05-03 09:55:18,-0.36,0.32,-0.12,0.5,0.01,-0.27,0.39,-0.98,-0.68,0.07,1.77, , , , ,663.5,663.1,500.0,200.0, , , ,
502,2018-05-03 09:55:21,-0.43,0.24,-0.15,0.38,0.04,-0.37,0.29,-0.57,-0.77,0.04,1.69, , , , ,663.45,663.1,100.0,200.0, , , ,
503,2018-05-03 09:55:24,-0.3,0.35,-0.28,0.46,-0.03,-0.12,0.47,-0.78,-0.49,0.13,1.49, , , , ,663.5,663.15,200.0,100.0, , , ,
504,2018-05-03 09:55:27,-0.2,0.5,-0.14,0.61,-0.09,-0.12,0.48,-0.85,-0.35,0.41,1.46, , , , ,663.5,663.11,200.0,300.0, , , ,
505,2018-05-03 09:55:30,-0.21,0.49,-0.17,0.59,-0.18,-0.16,0.5,-0.8,-0.28,0.38,1.4, , , , ,663.5,663.1,100.0,500.0, , , ,
506,2018-05-03 09:55:33,-0.16,0.56,-0.11,0.6,-0.27,-0.11,0.6,-1.17,-0.24,0.48,1.55, , , , ,663.51,663.1,215.0,500.0, , , ,
507,2018-05-03 09:55:36,-0.07,0.58,-0.12,0.59,-0.32,0.03,0.6,-0.99,-0.14,0.57,1.74, , , , ,663.45,663.1,500.0,600.0, , , ,
508,2018-05-03 09:55:39,-0.01,0.71,0.01,0.65,-0.06,0.0,0.72,-0.89,-0.04,0.77,2.0, , , , ,663.11,663.1,100.0,700.0, , , ,
509,2018-05-03 09:55:42,-0.05,0.63,-0.03,0.56,-0.06,-0.01,0.62,-1.0,-0.11,0.73,2.05, , , , ,663.11,663.1,100.0,300.0, , , ,
510,2018-05-03 09:55:45,-0.2,0.44,-0.12,0.52,-0.32,-0.11,0.5,-1.15,-0.35,0.31,1.72, , , , ,663.45,663.1,400.0,200.0, , , ,
511,2018-05-03 09:55:48,-0.31,0.26,-0.18,0.43,-0.39,-0.16,0.28,-1.12,-0.58,0.06,1.7, , , , ,663.45,663.07,500.0,500.0, , , ,
512,2018-05-03 09:55:51,-0.36,0.26,-0.2,0.47,-0.47,-0.19,0.27,-1.11,-0.69,0.05,1.79, , , , ,663.45,663.07,500.0,500.0, , , ,
513,2018-05-03 09:55:54,-0.29,0.37,-0.11,0.45,-0.41,-0.18,0.44,-0.78,-0.57,0.22,2.04, , , , ,663.1,663.07,100.0,700.0, , , ,
514,2018-05-03 09:55:57,-0.28,0.37,-0.15,0.42,-1.27,-0.18,0.42,-1.29,-0.5,0.27,1.4, , , , ,663.5,663.45,200.0,100.0, , , ,
515,2018-05-03 09:56:00,-0.5,0.26,-0.42,0.35,-1.45,-0.34,0.41,-1.15,-0.74,0.02,1.3, , , , ,663.5,663.45,200.0,100.0, , , ,
516,2018-05-03 09:56:03,-0.54,0.39,-0.41,0.58,-1.63,-0.44,0.47,-0.99,-0.77,0.13,1.04, , , , ,663.5,663.45,200.0,400.0, , , ,
517,2018-05-03 09:56:06,-0.38,0.51,-0.46,0.59,-1.73,-0.27,0.55,-1.02,-0.41,0.4,0.99, , , , ,663.51,663.5,215.0,100.0, , , ,
518,2018-05-03 09:56:09,-0.5,0.52,-0.51,0.56,-1.74,-0.49,0.53,-1.02,-0.49,0.47,0.97, , , , ,663.51,663.5,215.0,100.0, , , ,
519,2018-05-03 09:56:12,-0.28,0.44,-0.33,0.49,-1.44,-0.13,0.47,-0.7,-0.38,0.36,1.28, , , , ,663.5,663.11,1000.0,700.0, , , ,
520,2018-05-03 09:56:15,-0.27,0.37,-0.17,0.47,-1.16,-0.06,0.42,-0.7,-0.57,0.22,1.44, , , , ,663.5,663.11,1100.0,700.0, , , ,
521,2018-05-03 09:56:18,-0.29,0.4,-0.14,0.42,-0.98,-0.11,0.45,-0.7,-0.62,0.33,1.17, , , , ,663.5,663.11,1100.0,700.0, , , ,
522,2018-05-03 09:56:21,-0.4,0.34,-0.2,0.4,-0.61,-0.26,0.4,-0.69,-0.72,0.21,0.99, , , , ,663.49,663.11,100.0,600.0, , , ,
523,2018-05-03 09:56:24,-0.32,0.35,-0.22,0.43,-0.74,-0.13,0.43,-0.61,-0.61,0.2,0.88, , , , ,663.5,663.11,300.0,200.0, , , ,
524,2018-05-03 09:56:27,-0.44,0.27,-0.24,0.39,-0.85,-0.23,0.37,-0.36,-0.85,0.04,0.73, , , , ,663.5,663.11,300.0,100.0, , , ,
525,2018-05-03 09:56:30,-0.52,0.06,-0.17,0.15,-0.46,-0.36,0.15,0.42,-1.03,-0.13,1.16, , , , ,663.11,663.02,100.0,500.0, , , ,
526,2018-05-03 09:56:33,-0.41,0.07,-0.21,0.17,-0.81,-0.31,0.21,1.09,-0.71,-0.19,1.22, , , , ,663.11,663.02,200.0,700.0, , , ,
527,2018-05-03 09:56:36,-0.55,-0.12,-0.38,0.05,-0.67,-0.46,0.02,1.69,-0.81,-0.41,1.01, , , , ,663.11,663.02,200.0,700.0, , , ,
528,2018-05-03 09:56:39,-0.69,-0.05,-0.48,0.16,-0.83,-0.53,0.01,2.11,-1.04,-0.32,0.83, , , , ,663.11,663.02,200.0,700.0, , , ,
529,2018-05-03 09:56:42,-0.76,-0.14,-0.5,-0.0,-0.94,-0.77,-0.05,1.95,-1.01,-0.38,1.07, , , , ,663.11,663.02,200.0,100.0, , , ,
530,2018-05-03 09:56:45,-0.93,-0.39,-0.84,-0.29,-0.81,-0.9,-0.32,1.61,-1.07,-0.55,1.33, , , , ,663.11,663.0,100.0,800.0, , , ,
531,2018-05-03 09:56:48,-1.01,-0.59,-0.85,-0.48,-0.81,-0.97,-0.51,1.26,-1.22,-0.8,1.75, , , , ,663.11,663.0,300.0,700.0, , , ,
532,2018-05-03 09:56:51,-1.09,-0.67,-0.94,-0.53,-0.47,-0.99,-0.71,1.24,-1.34,-0.77,2.49, , , , ,663.0,662.68,700.0,300.0, , , ,
533,2018-05-03 09:56:54,-1.18,-0.75,-0.97,-0.65,-0.41,-1.2,-0.82,1.31,-1.36,-0.77,2.49,-300.0,662.68,-300.0,-300.0,663.0,662.68,1200.0,300.0, ,2018-05-03 09:56:54.699000,2018-05-03 09:56:56.628000,
534,2018-05-03 09:56:57,-1.15,-0.62,-1.17,-0.44,0.15,-1.11,-0.66,1.83,-1.16,-0.77,2.98, , , , ,663.0,662.03,1100.0,200.0, , , ,
535,2018-05-03 09:57:00,-0.79,-0.42,-0.77,-0.26,0.54,-0.73,-0.39,2.08,-0.86,-0.59,3.17, , , , ,662.68,662.03,300.0,500.0, , , ,
536,2018-05-03 09:57:03,-0.91,-0.3,-0.98,-0.2,0.7,-0.84,-0.38,2.04,-0.91,-0.32,2.96, , , , ,662.68,662.03,300.0,500.0, , , ,
537,2018-05-03 09:57:06,-0.9,-0.35,-0.93,-0.35,0.71,-0.85,-0.41,2.04,-0.93,-0.29,2.75, , , , ,662.68,662.03,300.0,400.0, , , ,
538,2018-05-03 09:57:09,-0.79,-0.13,-0.95,-0.13,0.72,-0.71,-0.05,1.9,-0.71,-0.2,2.52, , , , ,662.68,662.03,300.0,500.0, , , ,
539,2018-05-03 09:57:12,-0.67,-0.06,-0.83,-0.18,0.76,-0.68,-0.03,1.93,-0.51,0.03,2.21, , , , ,662.68,662.0,221.0,900.0, , , ,
540,2018-05-03 09:57:15,-0.47,0.17,-0.53,0.15,0.71,-0.53,0.25,1.91,-0.34,0.11,2.16, , , , ,662.68,662.05,321.0,100.0, , , ,
541,2018-05-03 09:57:18,-0.64,0.34,-1.12,0.27,-0.39,-0.62,0.45,0.78,-0.18,0.3,1.03, , , , ,663.51,662.68,415.0,79.0, , , ,
542,2018-05-03 09:57:21,-0.44,0.77,-0.87,0.67,0.06,-0.38,0.77,1.36,-0.06,0.87,1.32, , , , ,663.51,662.1,415.0,79.0, , , ,
543,2018-05-03 09:57:24,-0.31,1.03,-0.81,0.73,-0.62,-0.27,0.92,0.61,0.16,1.43,0.55, , , , ,663.51,663.11,415.0,100.0, , , ,
544,2018-05-03 09:57:27,-0.27,1.17,-0.44,1.09,1.57,-0.4,1.42,2.59,0.02,1.01,2.34, , , , ,662.03,662.01,121.0,1400.0, , , ,
545,2018-05-03 09:57:30,-0.48,1.04,-0.6,1.06,0.81,-0.44,1.1,1.43,-0.4,0.96,1.01, , , , ,663.51,662.11,315.0,100.0, , , ,
546,2018-05-03 09:57:33,-0.72,1.11,-1.22,0.89,1.31,-0.54,1.21,1.27,-0.42,1.22,0.84, , , , ,663.51,662.33,315.0,100.0, , , ,
547,2018-05-03 09:57:36,-0.22,1.27,-0.63,0.99,2.76,0.1,1.28,2.14,-0.13,1.52,1.69, , , , ,662.68,662.03,800.0,100.0, , , ,
548,2018-05-03 09:57:39,0.08,1.38,-0.36,1.15,3.12,0.28,1.52,2.21,0.32,1.48,1.64, , , , ,662.68,662.11,800.0,100.0, , , ,
549,2018-05-03 09:57:42,-0.19,1.22,-0.67,1.0,2.96,-0.06,1.25,2.36,0.15,1.43,1.64, , , , ,662.68,662.11,900.0,100.0, , , ,
550,2018-05-03 09:57:45,-0.41,1.12,-0.81,0.92,2.25,-0.29,1.1,2.21,-0.12,1.35,1.25, , , , ,662.68,662.58,800.0,100.0, , , ,
551,2018-05-03 09:57:48,-0.07,1.3,-0.44,1.08,1.9,0.11,1.29,2.42,0.11,1.52,1.23, , , , ,662.68,662.58,800.0,100.0, , , ,
552,2018-05-03 09:57:51,0.01,1.27,-0.22,1.09,1.88,0.04,1.26,2.87,0.2,1.46,1.96, , , , ,662.68,662.15,800.0,500.0, , , ,
553,2018-05-03 09:57:54,-0.05,1.08,-0.27,0.88,1.95,0.0,1.06,2.83,0.12,1.31,2.3, , , , ,662.68,662.16,500.0,3900.0, , , ,
554,2018-05-03 09:57:57,-0.43,0.84,-0.75,0.64,1.39,-0.44,0.71,2.11,-0.1,1.16,2.15, , , , ,662.94,662.68,300.0,200.0, , , ,
555,2018-05-03 09:58:00,-0.47,0.87,-0.71,0.64,1.39,-0.53,0.65,2.11,-0.17,1.31,2.58, , , , ,662.94,662.68,300.0,400.0, , , ,
556,2018-05-03 09:58:03,-0.26,0.94,-0.42,0.78,1.35,-0.34,0.76,2.06,-0.02,1.29,2.54, , , , ,662.94,662.68,200.0,400.0, , , ,
557,2018-05-03 09:58:06,-0.37,0.89,-0.57,0.75,1.3,-0.5,0.65,2.17,-0.04,1.26,2.33, , , , ,663.0,662.68,10000.0,500.0, , , ,
558,2018-05-03 09:58:09,-0.41,0.75,-0.49,0.58,1.16,-0.5,0.57,2.37,-0.24,1.11,2.21, , , , ,663.0,662.68,10000.0,400.0, , , ,
559,2018-05-03 09:58:12,-0.41,0.81,-0.48,0.7,1.17,-0.52,0.72,2.43,-0.24,1.01,2.21, , , , ,663.0,662.68,10000.0,600.0, , , ,
560,2018-05-03 09:58:15,-0.27,0.88,-0.43,0.77,1.18,-0.31,0.78,2.48,-0.07,1.09,2.05, , , , ,663.0,662.68,8000.0,600.0, , , ,
561,2018-05-03 09:58:18,-0.26,0.92,-0.48,0.81,1.16,-0.35,0.73,2.47,0.04,1.21,2.04, , , , ,663.0,662.68,7300.0,600.0, , , ,
562,2018-05-03 09:58:21,0.02,1.01,-0.13,0.86,1.3,-0.09,0.8,2.34,0.28,1.37,1.94, , , , ,663.0,662.68,4500.0,400.0, , , ,
563,2018-05-03 09:58:24,0.14,1.21,-0.06,0.93,1.32,0.09,0.97,2.22,0.38,1.72,1.74, , , , ,663.0,662.69,2000.0,400.0, , , ,
564,2018-05-03 09:58:27,0.28,1.33,0.17,0.99,1.01,0.21,1.15,1.82,0.45,1.84,1.62,300.0,663.04,0.0,-300.0,663.11,663.02,100.0,300.0, ,2018-05-03 09:58:27.685000,2018-05-03 09:58:31.294000,
565,2018-05-03 09:58:30,-0.1,1.23,-0.4,1.01,0.39,-0.15,0.95,1.09,0.27,1.73,1.19, , , , ,663.51,663.49,215.0,200.0, , , ,
566,2018-05-03 09:58:33,-0.38,0.98,-0.61,0.77,-0.32,-0.35,0.76,0.53,-0.18,1.41,0.69, , , , ,664.0,663.96,1600.0,100.0, , , ,
567,2018-05-03 09:58:36,-0.85,1.0,-1.32,0.75,-1.27,-0.96,0.77,-0.28,-0.28,1.48,-0.08, , , , ,664.92,664.32,200.0,100.0, , , ,
568,2018-05-03 09:58:39,-0.78,1.18,-1.06,1.03,-1.15,-1.03,0.83,-0.29,-0.27,1.66,-0.25, , , , ,664.93,664.32,200.0,200.0, , , ,
569,2018-05-03 09:58:42,-0.66,1.07,-0.91,0.73,-1.0,-0.97,0.75,-0.24,-0.12,1.75,-0.43, , , , ,664.93,664.32,200.0,200.0, , , ,
570,2018-05-03 09:58:45,-0.6,0.92,-0.62,0.6,0.82,-1.07,0.5,1.29,-0.12,1.66,1.0, , , , ,664.0,663.11,4100.0,2000.0, , , ,
571,2018-05-03 09:58:48,-0.9,1.26,-0.93,1.03,0.83,-0.94,1.07,1.06,-0.82,1.68,0.64, , , , ,664.0,663.36,3500.0,100.0, , , ,
572,2018-05-03 09:58:51,-0.96,1.11,-0.99,0.82,0.95,-1.04,0.98,1.15,-0.85,1.54,0.6, , , , ,664.0,663.37,3100.0,400.0, , , ,
573,2018-05-03 09:58:54,-0.76,1.19,-0.81,0.98,0.85,-0.92,1.35,1.07,-0.54,1.23,0.71, , , , ,663.95,663.5,100.0,300.0, , , ,
574,2018-05-03 09:58:57,-0.61,1.4,-0.83,1.16,0.69,-0.84,1.54,0.98,-0.16,1.51,0.73, , , , ,664.0,663.5,3100.0,200.0, , , ,
575,2018-05-03 09:59:00,-0.72,1.33,-0.91,1.01,0.69,-0.73,1.12,0.89,-0.51,1.86,0.8, , , , ,664.0,663.5,700.0,100.0, , , ,
576,2018-05-03 09:59:03,-0.63,1.14,-0.78,0.83,0.75,-0.6,1.1,0.72,-0.52,1.48,0.96, , , , ,664.0,663.37,500.0,300.0, , , ,
577,2018-05-03 09:59:06,-0.44,1.19,-0.6,1.0,0.97,-0.34,1.15,0.8,-0.39,1.41,1.01, , , , ,663.9,663.37,300.0,800.0, , , ,
578,2018-05-03 09:59:09,-0.39,1.17,-0.52,0.89,0.99,-0.41,1.14,0.6,-0.26,1.49,1.03, , , , ,664.0,663.5,1900.0,100.0, , , ,
579,2018-05-03 09:59:12,-0.48,1.12,-0.66,0.97,1.64,-0.46,0.86,1.19,-0.32,1.52,1.7, , , , ,663.37,663.36,1200.0,100.0, , , ,
580,2018-05-03 09:59:15,-0.45,1.04,-0.61,1.0,1.18,-0.45,0.85,0.84,-0.27,1.27,1.31, , , , ,664.0,663.4,1700.0,100.0, , , ,
581,2018-05-03 09:59:18,-0.54,0.81,-0.75,0.77,1.19,-0.53,0.7,0.59,-0.34,0.97,1.36, , , , ,664.0,663.37,1700.0,2200.0, , , ,
582,2018-05-03 09:59:21,-0.72,0.7,-0.79,0.65,1.06,-0.73,0.66,0.41,-0.65,0.79,1.54, , , , ,664.0,663.37,1800.0,2200.0, , , ,
583,2018-05-03 09:59:24,-0.63,0.68,-0.77,0.49,0.85,-0.57,0.61,0.2,-0.56,0.95,1.71, , , , ,664.0,663.5,1700.0,1200.0, , , ,
584,2018-05-03 09:59:27,-0.66,0.59,-0.69,0.43,0.79,-0.62,0.57,0.05,-0.67,0.77,1.97, , , , ,664.0,663.5,1800.0,1200.0, , , ,
585,2018-05-03 09:59:30,-0.74,0.56,-0.74,0.48,0.71,-0.72,0.51,0.11,-0.75,0.71,2.13, , , , ,664.0,663.51,2700.0,500.0, , , ,
586,2018-05-03 09:59:33,-0.74,0.5,-0.72,0.53,0.83,-0.74,0.37,0.13,-0.76,0.6,2.04, , , , ,664.0,663.56,3700.0,200.0, , , ,
587,2018-05-03 09:59:36,-0.74,0.43,-0.72,0.31,0.99,-0.73,0.34,-0.06,-0.77,0.66,1.87, , , , ,663.99,663.56,200.0,400.0, , , ,
588,2018-05-03 09:59:39,-0.6,0.64,-0.55,0.5,0.98,-0.59,0.61,-0.24,-0.67,0.81,1.74, , , , ,663.99,663.56,100.0,400.0, , , ,
589,2018-05-03 09:59:42,-0.33,0.76,-0.44,0.59,0.53,-0.24,0.62,-0.51,-0.31,1.08,1.38, , , , ,664.23,664.0,100.0,3200.0, , , ,
590,2018-05-03 09:59:45,-0.26,0.89,-0.43,0.45,0.35,-0.24,0.88,-0.36,-0.11,1.34,1.39, , , , ,664.36,664.0,100.0,2000.0, , , ,
591,2018-05-03 09:59:48,-0.48,0.72,-0.55,0.43,0.1,-0.51,0.61,-0.15,-0.37,1.11,1.06, , , , ,664.64,664.0,100.0,1900.0, , , ,
592,2018-05-03 09:59:51,-0.64,0.51,-0.59,0.23,0.19,-0.79,0.49,0.26,-0.54,0.79,0.93, , , , ,664.64,664.0,100.0,1500.0, , , ,
593,2018-05-03 09:59:54,-0.63,0.47,-0.71,0.22,-0.01,-0.77,0.49,0.07,-0.41,0.69,0.59, , , , ,664.86,664.03,600.0,200.0, , , ,
594,2018-05-03 09:59:57,-0.7,0.54,-0.62,0.44,0.47,-0.86,0.49,0.59,-0.63,0.68,1.23, , , , ,664.86,663.33,600.0,2200.0, , , ,
595,2018-05-03 10:00:00,-0.92,0.51,-0.75,0.64,0.54,-1.0,0.53,0.7,-1.02,0.36,1.86, , , , ,664.64,663.33,700.0,2200.0, , , ,
596,2018-05-03 10:00:03,-1.1,0.25,-0.97,0.37,-0.23,-1.23,0.26,-0.01,-1.1,0.13,1.79, , , , ,664.64,664.0,500.0,200.0, , , ,
597,2018-05-03 10:00:06,-1.09,0.15,-1.04,0.24,-0.23,-1.22,0.15,-0.23,-1.02,0.07,2.04, , , , ,664.64,664.0,500.0,300.0, , , ,
598,2018-05-03 10:00:09,-0.79,0.24,-0.82,0.15,-0.53,-0.83,0.33,-0.71,-0.72,0.24,1.52, , , , ,664.64,664.36,400.0,200.0, , , ,
599,2018-05-03 10:00:12,-0.77,0.24,-0.75,0.11,-0.53,-0.84,0.35,-1.05,-0.72,0.26,1.61, , , , ,664.64,664.36,1200.0,400.0, , , ,
600,2018-05-03 10:00:15,-0.78,0.24,-0.75,0.2,-0.33,-0.87,0.39,-1.03,-0.71,0.14,1.73, , , , ,664.59,664.36,600.0,100.0, , , ,
601,2018-05-03 10:00:18,-0.93,0.02,-0.86,0.15,-0.59,-1.0,0.02,-1.03,-0.92,-0.11,1.82, , , , ,664.57,664.36,500.0,100.0, , , ,
602,2018-05-03 10:00:21,-0.85,0.09,-0.81,0.14,-0.77,-0.98,0.1,-1.19,-0.77,0.02,2.2, , , , ,664.57,664.36,500.0,100.0, , , ,
603,2018-05-03 10:00:24,-0.66,0.2,-0.59,0.21,-0.41,-0.72,0.15,-0.72,-0.67,0.24,2.73, , , , ,664.31,664.0,400.0,400.0, , , ,
604,2018-05-03 10:00:27,-0.68,0.29,-0.63,0.36,-0.59,-0.73,0.29,-0.91,-0.68,0.23,2.87, , , , ,664.36,664.0,100.0,400.0, , , ,
605,2018-05-03 10:00:30,-0.72,0.2,-0.68,0.17,-0.69,-0.71,0.19,-1.22,-0.77,0.23,2.9, , , , ,664.57,664.0,200.0,400.0, , , ,
606,2018-05-03 10:00:33,-0.7,0.16,-0.69,0.2,-0.62,-0.77,0.18,-1.22,-0.65,0.1,3.07, , , , ,664.57,664.0,300.0,600.0, , , ,
607,2018-05-03 10:00:36,-0.61,0.17,-0.7,0.07,-1.27,-0.68,0.14,-1.66,-0.46,0.3,2.78, , , , ,664.59,664.56,500.0,100.0, , , ,
608,2018-05-03 10:00:39,-0.56,0.24,-0.68,0.09,-1.44,-0.67,0.16,-1.66,-0.33,0.47,2.86, , , , ,664.59,664.56,500.0,300.0, , , ,
609,2018-05-03 10:00:42,-0.59,0.23,-0.65,0.15,-0.76,-0.67,0.15,-1.21,-0.45,0.4,3.42, , , , ,664.56,664.0,400.0,400.0, , , ,
610,2018-05-03 10:00:45,-0.59,0.19,-0.59,0.19,-0.74,-0.7,0.17,-1.46,-0.48,0.2,3.31, , , , ,664.56,664.3,500.0,200.0, , , ,
611,2018-05-03 10:00:48,-0.49,0.38,-0.49,0.32,-0.21,-0.5,0.35,-1.38,-0.47,0.48,3.55, , , , ,664.42,664.3,100.0,200.0, , , ,
612,2018-05-03 10:00:51,-0.25,0.59,-0.36,0.28,0.03,-0.18,0.66,-1.14,-0.21,0.84,3.52, , , , ,664.64,664.3,200.0,200.0, , , ,
613,2018-05-03 10:00:54,0.05,0.87,-0.12,0.4,-0.06,0.06,0.87,-0.89,0.21,1.34,3.45, , , , ,664.64,664.42,200.0,100.0, , , ,
614,2018-05-03 10:00:57,-0.13,0.71,-0.23,0.28,0.14,-0.28,0.68,-0.24,0.13,1.16,3.79, , , , ,664.5,664.3,8000.0,300.0, , , ,
615,2018-05-03 10:01:00,-0.41,0.61,-0.43,0.39,0.36,-0.62,0.34,0.47,-0.19,1.08,4.22, , , , ,664.3,664.13,100.0,2800.0, , , ,
616,2018-05-03 10:01:03,-0.24,0.63,-0.31,0.41,0.15,-0.31,0.58,0.42,-0.11,0.88,4.52, , , , ,664.3,664.13,100.0,3000.0, , , ,
617,2018-05-03 10:01:06,-0.08,0.94,-0.33,0.7,0.52,-0.17,0.71,0.84,0.25,1.42,5.46, , , , ,664.25,663.4,400.0,500.0, , , ,
618,2018-05-03 10:01:09,-0.33,0.66,-0.45,0.59,-0.56,-0.44,0.2,-0.14,-0.11,1.19,4.92, , , , ,664.5,664.3,1300.0,2400.0, , , ,
619,2018-05-03 10:01:12,-0.88,0.16,-0.9,0.19,-0.52,-0.89,-0.08,0.23,-0.83,0.37,5.73, , , , ,664.3,664.0,600.0,100.0, , , ,
620,2018-05-03 10:01:15,-0.71,0.1,-0.87,0.18,-0.68,-0.72,0.0,-0.06,-0.54,0.13,5.87, , , , ,664.48,664.0,700.0,100.0, , , ,
621,2018-05-03 10:01:18,-0.45,0.17,-0.55,0.15,-0.7,-0.61,0.07,-0.08,-0.17,0.3,6.13, , , , ,664.48,664.0,700.0,200.0, , , ,
622,2018-05-03 10:01:21,-0.4,0.37,-0.43,0.33,-0.01,-0.6,0.34,0.68,-0.17,0.45,7.24, , , , ,663.95,663.4,200.0,500.0, , , ,
623,2018-05-03 10:01:24,-0.29,0.65,-0.23,0.67,0.0,-0.47,0.72,0.48,-0.17,0.56,7.39, , , , ,663.95,663.4,300.0,500.0, , , ,
624,2018-05-03 10:01:27,-0.3,0.82,-0.46,0.67,-0.56,-0.42,0.91,0.3,-0.01,0.9,7.18, , , , ,664.48,663.4,100.0,500.0, , , ,
625,2018-05-03 10:01:30,-0.41,0.71,-0.58,0.68,-0.57,-0.37,0.62,0.67,-0.28,0.83,7.51, , , , ,664.3,663.4,400.0,300.0, , , ,
626,2018-05-03 10:01:33,-0.29,0.72,-0.5,0.66,-0.57,-0.28,0.63,0.88,-0.09,0.87,7.59, , , , ,664.3,663.4,400.0,700.0, , , ,
627,2018-05-03 10:01:36,-0.6,0.88,-0.88,0.76,-0.55,-0.65,0.81,1.08,-0.28,1.07,7.65, , , , ,664.3,663.38,400.0,300.0, , , ,
628,2018-05-03 10:01:39,-0.57,0.78,-0.57,0.94,0.13,-0.76,0.74,1.61,-0.38,0.65,8.33, , , , ,663.4,663.38,100.0,300.0, , , ,
629,2018-05-03 10:01:42,-0.24,0.82,-0.24,0.96,0.13,-0.3,0.8,1.44,-0.17,0.71,8.32, , , , ,663.4,663.38,100.0,300.0, , , ,
630,2018-05-03 10:01:45,-0.71,0.75,-1.1,0.72,-1.55,-0.88,0.59,-0.41,-0.16,0.94,6.72, , , , ,664.5,664.48,1300.0,5800.0, , , ,
631,2018-05-03 10:01:48,-0.8,0.43,-1.19,0.21,-1.58,-0.82,0.14,-0.58,-0.39,0.93,6.71, , , , ,664.5,664.48,1300.0,5300.0, , , ,
632,2018-05-03 10:01:51,-0.91,0.49,-1.09,0.23,-1.17,-1.08,0.42,-0.6,-0.55,0.83,6.64, , , , ,664.5,664.48,1300.0,4800.0, , , ,
633,2018-05-03 10:01:54,-0.88,0.26,-1.25,0.17,-0.82,-1.12,0.14,-0.45,-0.27,0.47,6.56, , , , ,664.5,664.48,1300.0,4000.0, , , ,
634,2018-05-03 10:01:57,-0.83,0.25,-0.99,0.05,-0.38,-1.31,0.29,-0.39,-0.2,0.4,6.41, , , , ,664.5,664.48,1200.0,3800.0, , , ,
635,2018-05-03 10:02:00,-0.68,0.33,-0.89,0.21,0.07,-0.98,0.23,-0.31,-0.19,0.54,6.37, , , , ,664.49,664.48,1000.0,3900.0, , , ,
636,2018-05-03 10:02:03,-0.82,0.32,-1.0,0.19,0.21,-1.0,0.42,-0.04,-0.46,0.34,6.56, , , , ,664.4,664.3,600.0,100.0, , , ,
637,2018-05-03 10:02:06,-0.91,0.2,-0.93,0.35,0.66,-0.98,0.25,0.54,-0.81,0.02,7.2, , , , ,664.4,663.5,700.0,100.0, , , ,
638,2018-05-03 10:02:09,-0.82,0.37,-0.71,0.63,0.61,-0.99,0.47,0.81,-0.77,0.01,7.38, , , , ,664.3,663.5,100.0,100.0, , , ,
639,2018-05-03 10:02:12,-0.75,0.37,-0.82,0.62,0.61,-0.82,0.55,0.89,-0.6,-0.06,7.46, , , , ,664.3,663.5,100.0,100.0, , , ,
640,2018-05-03 10:02:15,-0.54,0.68,-0.45,0.81,1.11,-0.67,0.88,1.67,-0.49,0.34,8.14, , , , ,663.5,663.42,100.0,100.0, , , ,
641,2018-05-03 10:02:18,-0.69,0.56,-0.8,0.68,0.44,-0.74,0.74,1.03,-0.52,0.27,7.46, , , , ,664.3,663.5,300.0,100.0, , , ,
642,2018-05-03 10:02:21,-0.84,0.36,-0.86,0.51,0.4,-0.97,0.54,1.28,-0.7,0.03,7.49, , , , ,664.3,663.42,300.0,100.0, , , ,
643,2018-05-03 10:02:24,-0.59,0.44,-0.48,0.73,0.79,-0.7,0.62,2.12,-0.6,-0.03,8.01, , , , ,663.5,663.45,1000.0,300.0, , , ,
644,2018-05-03 10:02:27,-0.54,0.56,-0.49,0.65,0.99,-0.69,0.76,2.38,-0.44,0.28,8.11, , , , ,663.5,663.45,800.0,100.0, , , ,
645,2018-05-03 10:02:30,-0.67,0.46,-0.9,0.59,1.23,-0.76,0.55,2.55,-0.35,0.23,8.2, , , , ,663.5,663.45,700.0,100.0, , , ,
646,2018-05-03 10:02:33,-0.36,0.56,-0.31,0.64,1.44,-0.6,0.74,2.5,-0.19,0.3,8.22, , , , ,663.5,663.45,600.0,500.0, , , ,
647,2018-05-03 10:02:36,-0.11,0.69,-0.2,0.75,1.64,-0.21,0.87,2.33,0.09,0.46,8.21, , , , ,663.5,663.45,300.0,500.0, , , ,
648,2018-05-03 10:02:39,-0.34,0.65,-0.52,0.61,1.48,-0.48,0.81,2.2,-0.03,0.54,8.12, , , , ,663.5,663.45,900.0,500.0, , , ,
649,2018-05-03 10:02:42,-0.37,0.54,-0.44,0.62,1.3,-0.54,0.6,2.33,-0.12,0.4,8.36, , , , ,663.5,663.46,900.0,100.0, , , ,
650,2018-05-03 10:02:45,-0.15,0.68,-0.19,0.67,1.12,-0.3,0.84,2.44,0.04,0.54,8.34, , , , ,663.5,663.46,800.0,300.0, , , ,
651,2018-05-03 10:02:48,-0.21,0.66,-0.22,0.72,1.05,-0.38,0.78,2.44,-0.04,0.48,8.62, , , , ,663.41,663.4,300.0,900.0, , , ,
652,2018-05-03 10:02:51,-0.29,0.59,-0.2,0.57,1.03,-0.44,0.73,2.3,-0.22,0.48,8.65, , , , ,663.41,663.4,200.0,800.0, , , ,
653,2018-05-03 10:02:54,-1.02,0.3,-1.54,0.26,-0.56,-1.14,0.27,0.41,-0.36,0.38,6.54, , , , ,664.64,664.5,100.0,2000.0, , , ,
654,2018-05-03 10:02:57,-1.13,0.33,-1.43,0.26,-0.24,-1.3,0.27,0.77,-0.68,0.46,6.75, , , , ,664.5,664.29,3700.0,200.0, , , ,
655,2018-05-03 10:03:00,-1.17,0.46,-1.39,0.39,-0.44,-1.35,0.42,0.97,-0.75,0.58,6.37, , , , ,664.64,664.5,100.0,800.0, , , ,
656,2018-05-03 10:03:03,-1.08,0.37,-1.14,0.15,-0.38,-1.44,0.42,1.42,-0.67,0.54,6.41, , , , ,664.64,664.5,100.0,300.0, , , ,
657,2018-05-03 10:03:06,-1.1,0.23,-1.21,0.08,-0.18,-1.53,0.09,1.87,-0.56,0.52,6.71, , , , ,664.5,664.36,900.0,100.0, , , ,
658,2018-05-03 10:03:09,-0.8,0.8,-0.69,0.71,0.69,-1.32,0.84,2.31,-0.39,0.86,7.46, , , , ,664.45,663.5,300.0,1300.0, , , ,
659,2018-05-03 10:03:12,-0.55,1.2,-0.86,0.93,0.37,-0.69,1.26,1.98,-0.12,1.41,7.11, , , , ,664.5,664.0,400.0,200.0, , , ,
660,2018-05-03 10:03:15,-0.78,0.61,-1.05,0.26,0.0,-0.92,0.56,1.59,-0.38,1.01,6.64, , , , ,664.63,664.5,100.0,400.0, , , ,
661,2018-05-03 10:03:18,-0.57,0.75,-0.61,0.53,0.87,-0.84,0.73,2.51,-0.26,1.01,7.34, , , , ,664.5,663.52,1000.0,300.0, , , ,
662,2018-05-03 10:03:21,-0.46,0.88,-0.63,0.69,1.16,-0.56,1.11,2.99,-0.2,0.85,7.29, , , , ,664.36,663.52,200.0,300.0, , , ,
663,2018-05-03 10:03:24,-0.49,0.72,-0.77,0.55,1.36,-0.54,0.89,3.0,-0.15,0.73,7.16, , , , ,664.36,663.6,100.0,200.0, , , ,
664,2018-05-03 10:03:27,-0.56,0.51,-0.76,0.34,1.5,-0.59,0.55,3.05,-0.31,0.64,6.87, , , , ,664.45,663.66,500.0,200.0, , , ,
665,2018-05-03 10:03:30,-0.61,0.43,-0.85,0.32,0.92,-0.63,0.44,2.47,-0.35,0.55,6.04, , , , ,664.63,664.5,600.0,200.0, , , ,
666,2018-05-03 10:03:33,-0.58,0.37,-0.64,0.32,0.86,-0.68,0.38,2.65,-0.4,0.42,6.26, , , , ,664.62,664.5,100.0,600.0, , , ,
667,2018-05-03 10:03:36,-0.7,0.27,-0.86,0.25,0.69,-0.77,0.25,2.8,-0.48,0.32,6.41, , , , ,664.62,664.5,100.0,200.0, , , ,
668,2018-05-03 10:03:39,-0.63,0.22,-0.77,0.25,0.56,-0.64,0.19,2.88,-0.49,0.23,6.58, , , , ,664.62,664.5,100.0,100.0, , , ,
669,2018-05-03 10:03:42,-0.43,0.39,-0.58,0.41,1.32,-0.49,0.39,3.62,-0.23,0.35,7.35, , , , ,664.63,663.67,600.0,200.0, , , ,
670,2018-05-03 10:03:45,-0.32,0.53,-0.4,0.48,1.52,-0.43,0.68,3.83,-0.14,0.44,7.31, , , , ,664.5,663.68,100.0,500.0, , , ,
671,2018-05-03 10:03:48,-0.37,0.67,-0.6,0.55,1.41,-0.34,0.84,3.96,-0.17,0.6,7.24, , , , ,664.5,663.68,1000.0,300.0, , , ,
672,2018-05-03 10:03:51,-0.5,0.67,-0.66,0.66,1.29,-0.47,0.79,4.1,-0.38,0.56,7.32, , , , ,664.5,663.67,1200.0,100.0, , , ,
673,2018-05-03 10:03:54,-0.52,0.65,-0.72,0.63,1.13,-0.46,0.78,4.12,-0.38,0.55,7.44, , , , ,664.5,663.68,1000.0,500.0, , , ,
674,2018-05-03 10:03:57,-0.54,0.57,-0.75,0.54,0.59,-0.65,0.61,3.62,-0.23,0.57,6.99, , , , ,664.53,664.5,100.0,2000.0, , , ,
675,2018-05-03 10:04:00,-0.58,0.56,-0.73,0.43,1.46,-0.66,0.55,4.17,-0.33,0.72,7.45, , , , ,664.5,664.0,100.0,100.0, , , ,
676,2018-05-03 10:04:03,-0.48,0.65,-0.78,0.48,1.87,-0.46,0.62,4.44,-0.19,0.85,7.36, , , , ,664.53,664.0,200.0,100.0, , , ,
677,2018-05-03 10:04:06,-0.43,0.52,-0.7,0.38,2.15,-0.54,0.47,4.81,-0.05,0.71,7.28, , , , ,664.5,664.0,400.0,100.0, , , ,
678,2018-05-03 10:04:09,-0.5,0.47,-0.63,0.34,1.56,-0.67,0.38,4.8,-0.22,0.68,6.78, , , , ,664.95,664.0,1100.0,300.0, , , ,
679,2018-05-03 10:04:12,-0.15,0.69,-0.53,0.3,1.23,-0.04,0.65,4.83,0.14,1.11,6.35, , , , ,665.0,664.5,2629.0,900.0, , , ,
680,2018-05-03 10:04:15,-0.23,0.76,-0.55,0.47,1.69,-0.35,0.74,5.47,0.19,1.08,6.79, , , , ,665.0,664.0,2329.0,100.0, , , ,
681,2018-05-03 10:04:18,-0.02,0.72,-0.39,0.38,1.71,-0.09,0.7,5.67,0.44,1.09,6.64, , , , ,665.0,664.09,2229.0,100.0, , , ,
682,2018-05-03 10:04:21,-0.01,0.69,-0.27,0.42,2.06,-0.22,0.77,5.91,0.47,0.88,6.53, , , , ,665.0,664.1,2129.0,100.0, , , ,
683,2018-05-03 10:04:24,-0.02,0.82,-0.38,0.38,1.1,-0.1,0.77,5.03,0.4,1.31,5.35, , , , ,665.42,665.05,200.0,471.0, , , ,
684,2018-05-03 10:04:27,-0.13,0.9,-0.38,0.46,1.31,-0.22,0.94,5.25,0.2,1.3,5.3, , , , ,665.42,665.0,200.0,71.0, , , ,
685,2018-05-03 10:04:30,0.05,0.93,-0.24,0.56,1.5,-0.06,0.9,5.45,0.45,1.33,5.37, , , , ,665.42,665.0,200.0,371.0, , , ,
686,2018-05-03 10:04:33,-0.07,0.84,-0.31,0.53,1.95,-0.17,0.9,5.81,0.27,1.09,5.72, , , , ,665.05,665.0,400.0,371.0, , , ,
687,2018-05-03 10:04:36,-0.13,0.78,-0.3,0.5,1.98,-0.12,0.73,5.75,0.03,1.1,5.67, , , , ,665.2,665.0,729.0,200.0, , , ,
688,2018-05-03 10:04:39,-0.08,0.94,-0.12,0.78,2.61,-0.08,0.88,6.29,-0.05,1.16,6.22, , , , ,664.95,664.53,100.0,200.0, , , ,
689,2018-05-03 10:04:42,-0.03,0.98,-0.19,0.78,2.54,0.02,1.05,6.08,0.07,1.13,6.07, , , , ,665.2,664.53,329.0,200.0, , , ,
690,2018-05-03 10:04:45,-0.23,0.68,-0.52,0.4,1.85,-0.21,0.73,5.34,0.03,0.91,5.29, , , , ,665.5,665.3,400.0,100.0, , , ,
691,2018-05-03 10:04:48,-0.19,0.55,-0.35,0.28,1.99,-0.18,0.59,5.33,-0.04,0.78,5.4, , , , ,665.5,665.3,400.0,100.0, , , ,
692,2018-05-03 10:04:51,0.0,0.83,-0.09,0.81,3.58,0.07,0.78,6.74,0.02,0.9,6.94, , , , ,664.5,664.35,400.0,300.0, , , ,
693,2018-05-03 10:04:54,0.05,0.98,-0.13,0.89,3.48,0.2,1.13,6.53,0.06,0.92,6.76, , , , ,664.53,664.5,100.0,600.0, , , ,
694,2018-05-03 10:04:57,-0.31,0.6,-0.68,0.63,2.87,-0.2,0.52,5.62,-0.05,0.65,6.0, , , , ,665.5,664.53,1200.0,100.0, , , ,
695,2018-05-03 10:05:00,-0.51,0.34,-0.86,0.2,2.02,-0.48,0.29,4.58,-0.2,0.52,5.01, , , , ,665.85,665.5,100.0,200.0, , , ,
696,2018-05-03 10:05:03,-0.38,0.5,-0.68,0.34,2.31,-0.32,0.46,4.56,-0.15,0.7,5.04, , , , ,665.85,665.5,200.0,500.0, , , ,
697,2018-05-03 10:05:06,-0.44,0.49,-0.82,0.29,2.66,-0.44,0.43,4.58,-0.07,0.74,5.29, , , , ,665.85,665.5,200.0,500.0, , , ,
698,2018-05-03 10:05:09,-0.79,0.15,-1.08,0.1,3.0,-0.87,0.05,4.7,-0.42,0.31,5.55, , , , ,665.85,665.5,1100.0,300.0, , , ,
699,2018-05-03 10:05:12,-0.69,0.43,-0.79,0.63,4.41,-0.59,0.41,5.75,-0.69,0.27,6.54, , , , ,665.45,664.6,300.0,100.0, , , ,
700,2018-05-03 10:05:15,-0.42,0.49,-0.74,0.48,3.37,-0.33,0.45,4.46,-0.18,0.54,5.31, , , , ,665.94,665.85,100.0,3100.0, , , ,
701,2018-05-03 10:05:18,-0.31,0.42,-0.69,0.31,3.63,-0.27,0.36,4.44,0.02,0.6,5.18, , , , ,665.94,665.85,100.0,3600.0, , , ,
702,2018-05-03 10:05:21,-0.3,0.4,-0.61,0.25,3.88,-0.22,0.4,4.42,-0.07,0.56,5.01, , , , ,665.94,665.85,200.0,3500.0, , , ,
703,2018-05-03 10:05:24,0.07,1.26,-0.05,1.02,3.85,0.09,1.39,4.17,0.18,1.36,4.81, , , , ,666.03,666.0,100.0,3200.0, , , ,
704,2018-05-03 10:05:27,0.44,1.33,0.11,1.0,3.95,0.32,1.28,4.18,0.89,1.7,4.79,300.0,666.02,0.0,-300.0,666.15,666.0,100.0,2300.0, ,2018-05-03 10:05:27.697000,2018-05-03 10:05:31.416000,
705,2018-05-03 10:05:30,0.53,1.28,0.22,1.05,3.71,0.25,1.19,3.83,1.12,1.6,4.52,300.0,666.36,0.0,-300.0,666.38,666.34,100.0,200.0, ,2018-05-03 10:05:31.416000,2018-05-03 10:05:34.453000,
706,2018-05-03 10:05:33,0.38,1.15,0.1,0.92,3.76,-0.02,1.14,3.83,1.08,1.37,4.62, , , , ,666.39,666.38,100.0,100.0, , , ,
707,2018-05-03 10:05:36,0.34,1.24,0.27,0.96,3.68,-0.16,1.07,3.68,0.92,1.67,4.69, , , , ,666.5,666.44,900.0,500.0, , , ,
708,2018-05-03 10:05:39,0.34,1.33,0.29,1.29,3.67,-0.04,1.08,3.58,0.78,1.62,4.79, , , , ,666.5,666.44,100.0,100.0, , , ,
709,2018-05-03 10:05:42,0.36,1.33,0.28,1.27,3.5,-0.06,1.1,3.67,0.85,1.63,4.64, , , , ,666.66,666.5,200.0,700.0, , , ,
710,2018-05-03 10:05:45,0.49,1.32,0.45,1.08,3.37,0.05,1.22,3.46,0.97,1.65,4.54,300.0,666.68,300.0,0.0,666.76,666.66,100.0,100.0, ,2018-05-03 10:05:45.766000,2018-05-03 10:05:47.458000,
711,2018-05-03 10:05:48,0.43,1.26,0.35,1.02,3.25,0.05,1.12,3.52,0.88,1.62,4.42, , , , ,666.8,666.76,100.0,2400.0, , , ,
712,2018-05-03 10:05:51,0.41,1.12,0.34,1.0,3.12,0.02,0.95,3.47,0.86,1.41,4.17, , , , ,666.85,666.8,600.0,600.0, , , ,
713,2018-05-03 10:05:54,0.3,1.0,0.25,0.81,2.91,-0.08,0.86,3.0,0.73,1.32,4.04, , , , ,666.97,666.85,200.0,700.0, , , ,
714,2018-05-03 10:05:57,0.19,0.97,0.08,0.74,2.95,-0.16,0.82,3.15,0.63,1.36,4.12, , , , ,666.8,666.77,100.0,100.0, , , ,
715,2018-05-03 10:06:00,0.03,0.84,0.08,0.73,2.35,-0.21,0.73,2.47,0.24,1.05,3.55, , , , ,667.3,667.0,7600.0,4200.0, , , ,
716,2018-05-03 10:06:03,0.42,1.11,0.48,1.12,2.23,0.07,0.95,2.41,0.7,1.26,3.51, , , , ,667.3,667.15,2900.0,100.0, , , ,
717,2018-05-03 10:06:06,0.8,1.47,0.83,1.52,1.54,0.44,1.2,1.78,1.13,1.68,2.92,500.0,667.83,500.0,500.0,667.83,667.57,5800.0,200.0, ,2018-05-03 10:06:06.712000,2018-05-03 10:06:07.573000,
718,2018-05-03 10:06:09,0.88,1.56,0.88,1.49,1.64,0.38,1.38,1.83,1.38,1.8,3.04,500.0,667.83,500.0,1000.0,667.83,667.58,4300.0,1300.0, ,2018-05-03 10:06:09.703000,2018-05-03 10:06:10.583000,
719,2018-05-03 10:06:12,0.94,1.81,1.12,2.0,1.21,0.28,1.4,1.39,1.42,2.02,2.68,100.0,668.08,0.0,1000.0,668.08,668.0,100.0,4700.0, ,2018-05-03 10:06:12.706000,2018-05-03 10:06:16.083000,
720,2018-05-03 10:06:15,0.91,1.74,1.19,2.17,0.7,0.15,1.22,0.89,1.4,1.81,2.17, , , , ,668.43,668.35,100.0,100.0, , , ,
721,2018-05-03 10:06:18,0.78,1.65,1.07,1.9,0.65,0.0,1.22,0.7,1.27,1.82,2.21, , , , ,668.48,668.36,400.0,1400.0, , , ,
722,2018-05-03 10:06:21,0.57,1.59,0.93,1.71,0.66,-0.33,1.3,0.58,1.11,1.77,2.12, , , , ,668.43,668.36,900.0,1300.0, , , ,
723,2018-05-03 10:06:24,0.22,1.48,0.62,1.76,0.14,-0.55,1.09,0.06,0.58,1.59,1.56, , , , ,668.8,668.6,200.0,400.0, , , ,
724,2018-05-03 10:06:27,0.31,1.35,0.67,1.78,0.08,-0.46,0.75,-0.28,0.73,1.52,1.38, , , , ,668.99,668.61,400.0,700.0, , , ,
725,2018-05-03 10:06:30,0.28,1.16,0.51,1.48,-0.01,-0.36,0.7,-0.51,0.69,1.31,0.97, , , , ,668.99,668.85,200.0,100.0, , , ,
726,2018-05-03 10:06:33,0.26,1.13,0.53,1.4,0.01,-0.34,0.74,-0.31,0.58,1.25,1.03, , , , ,669.0,668.85,2100.0,300.0, , , ,
727,2018-05-03 10:06:36,0.11,0.99,0.46,1.16,0.01,-0.55,0.65,-0.14,0.4,1.15,1.42, , , , ,668.95,668.88,1000.0,200.0, , , ,
728,2018-05-03 10:06:39,0.02,0.8,0.22,0.95,-0.1,-0.47,0.53,0.02,0.32,0.93,1.78, , , , ,669.0,668.85,400.0,100.0, , , ,
729,2018-05-03 10:06:42,0.0,0.79,0.19,0.88,0.18,-0.42,0.53,0.19,0.24,0.94,2.21, , , , ,668.95,668.85,600.0,100.0, , , ,
730,2018-05-03 10:06:45,-0.1,0.64,0.02,0.68,0.17,-0.55,0.5,0.07,0.22,0.74,2.66, , , , ,668.95,668.85,500.0,300.0, , , ,
731,2018-05-03 10:06:48,-0.07,0.72,0.11,0.88,0.03,-0.54,0.53,-0.31,0.22,0.76,2.48, , , , ,669.21,669.0,100.0,100.0, , , ,
732,2018-05-03 10:06:51,-0.14,0.57,0.03,0.71,0.36,-0.65,0.28,0.07,0.19,0.71,2.96, , , , ,668.95,668.85,800.0,100.0, , , ,
733,2018-05-03 10:06:54,-0.3,0.48,-0.05,0.63,0.32,-0.79,0.22,0.48,-0.05,0.59,3.4, , , , ,668.8,668.61,200.0,600.0, , , ,
734,2018-05-03 10:06:57,-0.51,0.39,-0.22,0.49,0.27,-0.91,0.3,0.69,-0.41,0.37,3.41, , , , ,668.8,668.6,800.0,500.0, , , ,
735,2018-05-03 10:07:00,-0.58,0.37,-0.29,0.46,0.15,-0.97,0.28,0.74,-0.49,0.38,3.42, , , , ,668.8,668.6,100.0,400.0, , , ,
736,2018-05-03 10:07:03,-0.39,0.5,-0.13,0.5,0.09,-0.73,0.29,0.57,-0.3,0.7,3.33, , , , ,668.99,668.55,300.0,300.0, , , ,
737,2018-05-03 10:07:06,-0.47,0.53,-0.25,0.46,0.32,-0.79,0.36,0.61,-0.36,0.77,3.52, , , , ,668.8,668.55,1000.0,400.0, , , ,
738,2018-05-03 10:07:09,-0.29,0.98,-0.07,1.02,0.24,-0.68,0.57,0.32,-0.11,1.34,3.49, , , , ,668.99,668.55,100.0,400.0, , , ,
739,2018-05-03 10:07:12,-0.44,0.82,-0.19,1.0,-0.03,-0.81,0.28,-0.03,-0.33,1.18,2.81, , , , ,668.99,668.98,100.0,1300.0, , , ,
740,2018-05-03 10:07:15,-0.48,0.62,-0.35,0.68,0.01,-0.79,0.13,0.05,-0.31,1.03,2.81, , , , ,669.0,668.95,500.0,500.0, , , ,
741,2018-05-03 10:07:18,-0.57,0.54,-0.51,0.8,0.25,-1.04,0.02,0.36,-0.17,0.81,2.96, , , , ,668.93,668.5,400.0,800.0, , , ,
742,2018-05-03 10:07:21,-0.56,0.36,-0.62,0.43,0.07,-0.7,0.12,0.23,-0.36,0.54,2.44, , , , ,668.93,668.55,300.0,200.0, , , ,
743,2018-05-03 10:07:24,-0.49,0.32,-0.61,0.44,-0.27,-0.75,0.01,-0.18,-0.12,0.51,2.33, , , , ,668.98,668.85,500.0,100.0, , , ,
744,2018-05-03 10:07:27,-0.55,0.51,-0.58,0.75,-0.26,-0.8,0.19,-0.08,-0.26,0.59,2.33, , , , ,669.02,668.55,100.0,200.0, , , ,
745,2018-05-03 10:07:30,-0.34,0.66,-0.32,0.88,-0.58,-0.8,0.33,-0.29,0.11,0.78,2.06, , , , ,669.0,668.95,100.0,100.0, , , ,
746,2018-05-03 10:07:33,-0.53,0.52,-0.58,0.68,-0.38,-0.95,0.18,-0.21,-0.06,0.7,2.37, , , , ,669.0,668.95,800.0,100.0, , , ,
747,2018-05-03 10:07:36,-0.63,0.41,-0.71,0.56,-0.27,-0.94,0.12,-0.19,-0.24,0.56,2.17, , , , ,669.0,668.99,100.0,100.0, , , ,
748,2018-05-03 10:07:39,-0.61,0.16,-0.79,0.46,0.27,-0.79,-0.16,0.19,-0.25,0.17,2.38, , , , ,668.94,668.56,200.0,100.0, , , ,
749,2018-05-03 10:07:42,-0.63,0.14,-0.91,0.45,0.48,-0.74,-0.08,0.29,-0.23,0.06,2.28, , , , ,668.85,668.56,200.0,100.0, , , ,
750,2018-05-03 10:07:45,-0.81,-0.1,-1.1,0.03,-1.05,-1.02,-0.29,-1.09,-0.32,-0.04,0.57, , , , ,669.8,669.5,100.0,390.0, , , ,
751,2018-05-03 10:07:48,-0.79,-0.02,-0.9,0.18,-0.1,-1.0,-0.17,0.05,-0.46,-0.06,1.6, , , , ,668.99,668.93,200.0,700.0, , , ,
752,2018-05-03 10:07:51,-0.59,0.03,-0.8,0.08,-0.33,-0.63,-0.11,-0.21,-0.33,0.12,1.29, , , , ,669.5,668.85,1110.0,200.0, , , ,
753,2018-05-03 10:07:54,-0.48,0.35,-0.65,0.64,0.37,-0.6,0.17,0.34,-0.2,0.25,1.88, , , , ,669.0,668.56,100.0,100.0, , , ,
754,2018-05-03 10:07:57,-0.47,0.31,-0.51,0.59,0.62,-0.59,-0.02,0.39,-0.31,0.36,1.88, , , , ,668.93,668.56,500.0,100.0, , , ,
755,2018-05-03 10:08:00,-0.49,0.69,-0.6,0.88,0.54,-0.63,0.61,0.27,-0.26,0.58,1.67, , , , ,668.98,668.68,100.0,200.0, , , ,
756,2018-05-03 10:08:03,-0.51,0.88,-0.77,0.67,0.46,-0.41,0.91,0.29,-0.34,1.07,1.52, , , , ,669.0,668.68,2295.0,100.0, , , ,
757,2018-05-03 10:08:06,-0.58,0.27,-0.88,0.35,0.28,-0.72,0.04,0.45,-0.13,0.43,1.2, , , , ,669.0,668.8,2295.0,100.0, , , ,
758,2018-05-03 10:08:09,-0.46,0.22,-0.91,0.27,-0.01,-0.7,0.1,0.58,0.24,0.28,0.95, , , , ,668.99,668.98,100.0,300.0, , , ,
759,2018-05-03 10:08:12,-0.49,0.11,-0.89,0.13,-0.04,-0.76,-0.05,0.57,0.17,0.27,0.78, , , , ,669.0,668.98,2195.0,400.0, , , ,
760,2018-05-03 10:08:15,-0.39,0.11,-0.69,0.07,0.02,-0.65,-0.0,0.66,0.18,0.25,0.76, , , , ,669.0,668.99,2295.0,200.0, , , ,
761,2018-05-03 10:08:18,-0.47,0.04,-0.74,0.02,0.0,-0.74,-0.09,0.57,0.07,0.18,0.81, , , , ,668.98,668.93,100.0,100.0, , , ,
762,2018-05-03 10:08:21,-0.34,0.2,-0.65,0.19,0.44,-0.39,0.03,0.95,0.03,0.37,1.25, , , , ,668.68,668.51,1100.0,100.0, , , ,
763,2018-05-03 10:08:24,-0.29,0.35,-0.61,0.25,0.3,-0.19,0.3,0.94,-0.06,0.49,1.18, , , , ,668.68,668.5,900.0,600.0, , , ,
764,2018-05-03 10:08:27,-0.28,0.28,-0.69,0.09,-0.1,-0.15,0.18,0.69,0.0,0.56,0.68, , , , ,668.93,668.68,100.0,200.0, , , ,
765,2018-05-03 10:08:30,-0.28,0.23,-0.83,-0.01,0.48,-0.27,0.18,1.35,0.25,0.51,1.12, , , , ,668.5,668.43,11800.0,900.0, , , ,
766,2018-05-03 10:08:33,-0.17,0.75,-0.77,0.58,0.55,-0.1,0.58,1.5,0.36,1.09,1.22, , , , ,668.5,668.43,1200.0,200.0, , , ,
767,2018-05-03 10:08:36,-0.04,0.78,-0.5,0.62,-0.42,0.03,0.34,0.66,0.35,1.38,0.28, , , , ,669.3,669.0,100.0,2405.0, , , ,
768,2018-05-03 10:08:39,-0.03,0.72,-0.37,0.59,-0.46,-0.02,0.63,0.71,0.31,0.95,0.32, , , , ,669.37,669.0,100.0,1105.0, , , ,
769,2018-05-03 10:08:42,0.08,0.59,-0.36,0.44,-0.06,-0.08,0.47,1.1,0.68,0.87,0.64, , , , ,668.95,668.93,495.0,200.0, , , ,
770,2018-05-03 10:08:45,0.12,0.44,-0.14,0.47,0.14,-0.03,0.21,1.36,0.53,0.65,0.72, , , , ,668.95,668.7,695.0,100.0, , , ,
771,2018-05-03 10:08:48,-0.24,0.39,-0.42,0.54,0.25,-0.4,0.18,1.35,0.1,0.44,0.71, , , , ,668.95,668.7,695.0,100.0, , , ,
772,2018-05-03 10:08:51,-0.16,0.3,-0.21,0.38,0.05,-0.22,0.18,0.92,-0.06,0.35,0.36, , , , ,669.0,668.99,195.0,100.0, , , ,
773,2018-05-03 10:08:54,-0.02,0.42,-0.15,0.53,-0.21,-0.14,0.23,0.68,0.23,0.49,0.18, , , , ,669.3,669.0,200.0,805.0, , , ,
774,2018-05-03 10:08:57,0.01,0.41,-0.11,0.55,-0.22,-0.08,0.18,0.57,0.22,0.49,0.18, , , , ,669.3,669.0,100.0,405.0, , , ,
775,2018-05-03 10:09:00,0.02,0.53,-0.02,0.75,-0.51,0.01,0.33,0.25,0.07,0.51,-0.12, , , , ,669.37,669.33,200.0,100.0, , , ,
776,2018-05-03 10:09:03,0.08,0.65,-0.06,0.9,-0.15,0.06,0.31,0.66,0.22,0.72,0.36, , , , ,669.3,668.95,95.0,300.0, , , ,
777,2018-05-03 10:09:06,0.24,0.77,0.09,0.86,0.33,0.11,0.39,1.01,0.51,1.05,0.61, , , , ,669.0,668.95,100.0,105.0, , , ,
778,2018-05-03 10:09:09,0.21,0.67,-0.02,0.66,0.72,0.21,0.28,1.26,0.45,1.08,0.64, , , , ,668.95,668.84,100.0,205.0, , , ,
779,2018-05-03 10:09:12,0.04,0.52,-0.13,0.51,0.68,-0.03,0.25,1.36,0.29,0.81,0.54, , , , ,669.0,668.84,300.0,105.0, , , ,
780,2018-05-03 10:09:15,-0.06,0.44,-0.23,0.45,0.55,-0.16,0.18,1.16,0.21,0.69,0.15, , , , ,669.3,668.84,600.0,105.0, , , ,
781,2018-05-03 10:09:18,-0.09,0.39,-0.31,0.42,0.28,-0.26,0.12,1.11,0.31,0.63,0.04, , , , ,669.3,669.0,500.0,5.0, , , ,
782,2018-05-03 10:09:21,-0.1,0.22,-0.41,0.28,0.82,-0.14,-0.05,1.69,0.25,0.42,0.62, , , , ,668.84,668.53,895.0,200.0, , , ,
783,2018-05-03 10:09:24,-0.23,0.3,-0.42,0.39,0.84,-0.27,0.15,1.62,0.0,0.37,0.49, , , , ,668.79,668.53,100.0,200.0, , , ,
784,2018-05-03 10:09:27,-0.26,0.25,-0.47,0.2,0.86,-0.36,0.1,1.54,0.04,0.45,0.27, , , , ,668.84,668.53,595.0,200.0, , , ,
785,2018-05-03 10:09:30,-0.26,0.14,-0.52,0.04,0.68,-0.41,-0.08,0.98,0.14,0.46,-0.32, , , , ,668.98,668.84,100.0,5.0, , , ,
786,2018-05-03 10:09:33,-0.19,0.11,-0.5,-0.01,0.9,-0.34,-0.1,1.11,0.26,0.44,-0.34, , , , ,668.9,668.84,100.0,5.0, , , ,
787,2018-05-03 10:09:36,-0.28,0.1,-0.56,-0.03,1.08,-0.44,-0.03,1.48,0.15,0.37,-0.51, , , , ,668.9,668.84,100.0,105.0, , , ,
788,2018-05-03 10:09:39,-0.13,0.22,-0.44,0.09,1.26,-0.29,0.04,1.94,0.34,0.51,-0.56, , , , ,668.84,668.8,100.0,500.0, , , ,
789,2018-05-03 10:09:42,-0.02,0.28,-0.35,0.1,1.09,-0.23,0.1,2.16,0.53,0.64,-0.82, , , , ,668.98,668.9,395.0,100.0, , , ,
790,2018-05-03 10:09:45,0.14,0.43,-0.26,0.26,1.15,-0.05,0.2,2.55,0.71,0.82,-1.0, , , , ,669.0,668.95,995.0,100.0, , , ,
791,2018-05-03 10:09:48,0.27,0.66,0.02,0.53,1.19,0.13,0.43,2.74,0.67,1.02,-0.97, , , , ,669.0,668.87,95.0,1200.0, , , ,
792,2018-05-03 10:09:51,0.42,0.84,0.09,0.67,0.72,0.36,0.62,2.63,0.81,1.25,-1.33, , , , ,669.3,668.95,695.0,100.0, , , ,
793,2018-05-03 10:09:54,0.24,0.6,-0.04,0.58,0.77,0.13,0.3,2.83,0.64,0.93,-1.44, , , , ,669.3,668.87,695.0,1200.0, , , ,
794,2018-05-03 10:09:57,0.28,0.56,0.07,0.6,0.96,0.22,0.35,3.12,0.54,0.73,-1.29, , , , ,668.9,668.88,100.0,500.0, , , ,
795,2018-05-03 10:10:00,0.21,0.56,0.04,0.54,0.91,0.21,0.42,3.09,0.38,0.71,-1.48, , , , ,668.95,668.88,300.0,800.0, , , ,
