tick_time,bid,ask,bid 20,ask 20,la 20,bid 40,ask 40,la 40,bid 100,ask 100,la 100,order,price,avePrice,trans,net,askp0,bidp0,askv0,bidv0,profit,profit_rate,is_mocked,order_time,exchange_time,orderSide,new_order_status,reason
09:30:17, , , , ,-0.14, , ,1.7, , ,9.6, , , , , ,726.99,726.0,300.0,1000.0, , , , , ,, , 
09:30:20, , , , ,-0.3, , ,1.99, , ,9.35, , , , , ,726.88,726.24,100.0,100.0, , , , , ,, , 
09:30:23, , , , ,-0.85, , ,1.61, , ,8.53, , , , , ,727.0,726.99,1100.0,100.0, , , , , ,, , 
09:30:26, , , , ,-0.25, , ,2.5, , ,9.25, , , , , ,726.97,726.0,100.0,1500.0, , , , , ,, , 
09:30:29, , , , ,-0.68, , ,2.41, , ,8.8, , , , , ,726.87,726.62,100.0,400.0, , , , , ,, , 
09:30:32, , , , ,-0.66, , ,2.5, , ,8.63, , , , , ,726.99,726.6,200.0,200.0, , , , , ,, , 
09:30:35, , , , ,0.63, , ,4.17, , ,9.96, , , , , ,726.88,724.65,100.0,300.0, , , , , ,, , 
09:30:38, , , , ,-1.13, , ,2.73, , ,8.21, , , , , ,727.0,726.98,8000.0,300.0, , , , , ,, , 
09:30:41, , , , ,2.23, , ,6.17, , ,11.41, , , , , ,724.65,724.63,1300.0,100.0, , , , , ,, , 
09:30:44, , , , ,-0.21, , ,3.88, , ,8.8, , , , , ,726.91,726.0,100.0,800.0, , , , , ,, , 
09:30:47, , , , ,0.27, , ,4.36, , ,8.99, , , , , ,726.5,725.95,300.0,279.0, , , , , ,, , 
09:30:50, , , , ,0.25, , ,4.29, , ,8.7, , , , , ,726.74,726.0,2300.0,700.0, , , , , ,, , 
09:30:53, , , , ,0.34, , ,4.42, , ,8.61, , , , , ,726.74,726.0,2100.0,700.0, , , , , ,, , 
09:30:56, , , , ,0.38, , ,4.62, , ,8.54, , , , , ,726.7,726.0,500.0,300.0, , , , , ,, , 
09:30:59, , , , ,-0.29, , ,3.98, , ,7.76, , , , , ,726.88,726.87,100.0,700.0, , , , , ,, , 
09:31:02, , , , ,1.82, , ,6.09, , ,9.74, , , , , ,726.0,724.8,1300.0,200.0, , , , , ,, , 
09:31:05, , , , ,1.29, , ,5.52, , ,9.02, , , , , ,726.0,725.78,800.0,500.0, , , , , ,, , 
09:31:08, , , , ,1.54, , ,5.58, , ,9.04, , , , , ,725.95,725.78,100.0,200.0, , , , , ,, , 
09:31:11, , , , ,1.27, , ,5.04, , ,8.49, , , , , ,726.5,726.08,200.0,100.0, , , , , ,, , 
09:31:14, , , , ,1.46, , ,4.97, , ,8.37, , , , , ,726.7,726.15,1200.0,200.0, , , , , ,, , 
09:31:17,1.05,2.06,0.32,2.07,1.56,1.45,2.01,4.86,1.38,2.1,8.13,500.0,726.7,726.7,500.0,500.0,726.7,726.5,1200.0,100.0, , , ,2018-05-14 09:31:17.900000,2018-05-14 09:31:17.899000,, , 
09:31:20,1.14,1.79,0.37,1.71,2.42,1.81,1.81,5.53,1.24,1.84,8.62,500.0,726.5,726.488,500.0,1000.0,726.5,726.0,300.0,6900.0, , , ,2018-05-14 09:31:20.820000,2018-05-14 09:31:20.820000,, , 
09:31:23,1.16,1.86,0.82,1.78,2.88,1.35,2.0,6.0,1.32,1.8,8.79,500.0,726.15,726.15,300.0,1300.0,726.15,726.01,200.0,100.0, , , ,2018-05-14 09:31:23.814000,2018-05-14 09:31:23.814000,, , 
09:31:26,1.05,1.71,0.54,1.35,2.38,1.36,1.86,5.52,1.25,1.92,8.04, , , , , ,726.6,726.53,300.0,200.0, , , , , ,, , 
09:31:29,0.91,1.72,0.41,1.38,2.96,1.18,1.92,5.94,1.15,1.87,8.32, , , , , ,726.5,726.18,800.0,300.0, , , , , ,, , 
09:31:32,1.44,1.64,0.86,1.16,3.58,1.81,1.66,6.51,1.66,2.1,8.62,500.0,726.01,726.01,500.0,1800.0,726.01,726.0,1353.0,6600.0, , , ,2018-05-14 09:31:32.870000,2018-05-14 09:31:32.870000,, , 
09:31:35,0.84,1.51,0.29,1.04,3.35,0.83,1.51,6.18,1.4,1.98,8.01, , , , , ,726.53,726.18,50.0,100.0, , , , , ,, , 
09:31:38,1.07,1.42,0.49,0.99,3.85,1.48,1.3,6.62,1.22,1.98,8.02, , , , , ,726.3,726.06,500.0,100.0, , , , , ,, , 
09:31:41,0.99,1.47,0.33,0.89,4.09,1.15,1.58,6.93,1.51,1.95,7.85, , , , , ,726.18,726.11,100.0,100.0, , , , , ,, , 
09:31:44,1.08,1.13,0.1,0.36,4.05,1.53,1.15,6.88,1.62,1.88,7.41, , , , , ,726.49,726.18,100.0,200.0, , , , , ,, , 
09:31:47,0.73,1.24,0.19,0.89,3.92,0.57,1.15,6.71,1.44,1.67,6.92, , , , , ,726.59,726.5,100.0,300.0, , , , , ,, , 
09:31:50,1.21,1.28,0.67,0.92,3.9,1.56,1.14,6.72,1.4,1.78,6.71, , , , , ,726.68,726.62,300.0,100.0, , , , , ,, , 
09:31:53,1.49,1.75,0.92,1.57,3.98,1.74,1.91,6.83,1.81,1.79,6.6,500.0,726.69,726.69,500.0,2300.0,726.69,726.68,200.0,600.0, , , ,2018-05-14 09:31:53.958000,2018-05-14 09:31:53.958000,, , 
09:31:56,1.73,1.67,0.98,1.42,4.28,2.27,1.73,7.14,1.94,1.87,6.75,500.0,726.68,726.68,500.0,2800.0,726.68,726.5,6100.0,400.0, , , ,2018-05-14 09:31:56.865000,2018-05-14 09:31:56.865000,, , 
09:31:59,1.36,1.51,0.91,1.13,4.38,1.3,1.65,7.25,1.87,1.73,6.72,500.0,726.68,726.68,500.0,3300.0,726.68,726.5,4200.0,100.0, , , ,2018-05-14 09:31:59.839000,2018-05-14 09:31:59.839000,, , 
09:32:02,2.0,2.28,1.57,2.15,4.18,2.31,2.51,7.06,2.13,2.18,6.35,500.0,726.87,726.87,500.0,3800.0,726.87,726.7,900.0,6300.0, , , ,2018-05-14 09:32:03.003000,2018-05-14 09:32:03.003000,, , 
09:32:05,1.9,2.31,1.42,2.19,4.08,2.09,2.5,6.96,2.18,2.23,6.02,500.0,726.99,726.99,500.0,4300.0,726.99,726.87,2045.0,200.0, , , ,2018-05-14 09:32:06.061000,2018-05-14 09:32:06.061000,, , 
09:32:08,2.5,2.81,2.03,2.6,4.0,3.05,3.04,6.96,2.42,2.8,5.82,500.0,727.01,727.01,100.0,4400.0,727.01,727.0,200.0,13455.0, , , ,2018-05-14 09:32:08.937000,2018-05-14 09:32:08.937000,, , 
09:32:11,2.43,3.22,2.24,3.18,3.8,2.49,3.58,6.92,2.57,2.9,5.5, , , , , ,727.3,727.08,2500.0,500.0, , , , , ,, , 
09:32:14,2.43,3.19,1.86,3.0,3.16,2.9,3.52,6.34,2.53,3.06,4.75,500.0,727.99,727.99,500.0,4900.0,727.99,727.5,2500.0,1700.0, , , ,2018-05-14 09:32:14.846000,2018-05-14 09:32:14.846000,, , 
09:32:17,2.36,3.46,1.97,3.28,2.94,2.59,3.91,6.17,2.54,3.18,4.52,100.0,728.0,728.0,100.0,5000.0,728.0,727.99,8900.0,200.0, , , ,2018-05-14 09:32:17.867000,2018-05-14 09:32:17.867000,, , 
09:32:20,2.81,3.67,2.23,3.47,3.13,3.5,3.87,6.38,2.71,3.66,4.75, , , , , ,728.0,727.97,1300.0,200.0, , , , , ,, , 
09:32:23,2.76,3.67,2.39,3.3,2.94,2.91,3.92,6.14,2.99,3.8,4.65, , , , , ,728.36,728.25,600.0,300.0, , , , , ,, , 
09:32:26,2.77,3.46,2.3,2.98,3.02,3.21,3.58,6.18,2.79,3.82,4.94, , , , , ,728.5,728.26,500.0,1300.0, , , , , ,, , 
09:32:29,2.54,3.34,2.1,2.93,2.92,2.85,3.41,6.21,2.67,3.68,5.08, , , , , ,728.56,728.5,100.0,1200.0, , , , , ,, , 
09:32:32,2.49,3.37,2.16,2.89,2.72,2.97,3.43,6.18,2.34,3.78,4.98, , , , , ,728.9,728.6,100.0,100.0, , , , , ,, , 
09:32:35,2.14,2.96,1.88,2.57,2.83,2.34,3.16,6.31,2.21,3.15,5.15, , , , , ,729.0,728.56,1400.0,200.0, , , , , ,, , 
09:32:38,2.33,3.06,2.11,2.7,2.59,2.64,3.16,6.04,2.25,3.33,4.9, , , , , ,729.2,729.0,100.0,13500.0, , , , , ,, , 
09:32:41,2.27,3.15,2.15,2.77,2.63,2.43,3.29,5.84,2.23,3.4,4.86, , , , , ,729.3,729.22,100.0,500.0, , , , , ,, , 
09:32:44,2.33,3.06,1.9,2.69,2.75,2.94,3.08,5.8,2.14,3.43,5.04, , , , , ,729.43,729.22,100.0,100.0, , , , , ,, , 
09:32:47,2.09,3.08,1.85,2.76,2.75,2.27,3.14,5.79,2.15,3.35,5.12, , , , , ,729.43,729.41,100.0,90.0, , , , , ,, , 
09:32:50,2.16,2.91,1.77,2.52,2.72,2.46,2.84,5.76,2.26,3.37,5.25, , , , , ,729.6,729.5,200.0,90.0, , , , , ,, , 
09:32:53,1.92,2.84,1.67,2.46,2.75,1.97,2.92,5.55,2.13,3.15,5.47, , , , , ,729.68,729.6,100.0,100.0, , , , , ,, , 
09:32:56,1.75,2.63,1.21,2.12,2.85,2.01,2.56,5.39,2.03,3.21,5.62, , , , , ,729.89,729.5,100.0,1200.0, , , , , ,, , 
09:32:59,1.0,1.88,0.66,1.51,2.65,1.04,1.57,5.02,1.31,2.54,5.5, , , , , ,729.95,729.89,300.0,100.0, , , , , ,, , 
09:33:02,0.64,1.55,0.51,1.21,2.87,0.79,1.18,5.11,0.63,2.26,5.57, , , , , ,729.94,729.7,100.0,5100.0, , , , , ,, , 
09:33:05,0.22,1.13,0.2,0.97,2.94,0.35,0.72,5.18,0.12,1.7,5.57, , , , , ,730.0,729.7,27700.0,3900.0, , , , , ,, , 
09:33:08,-0.1,0.82,-0.15,0.73,2.83,-0.01,0.45,5.06,-0.14,1.29,5.4, , , , , ,730.0,729.98,29400.0,100.0, , , , , ,, , 
09:33:11,0.33,1.13,0.32,1.02,3.04,0.35,1.0,5.15,0.33,1.37,5.42, , , , , ,730.0,729.99,14900.0,200.0, , , , , ,, , 
09:33:14,1.33,2.04,1.34,1.77,3.27,1.65,2.01,4.91,1.0,2.35,5.66, , , , , ,730.0,729.95,900.0,200.0, , , , , ,, , 
09:33:17,1.25,2.08,1.37,1.83,3.12,1.29,1.93,4.47,1.08,2.47,5.31, , , , , ,730.35,730.06,200.0,100.0, , , , , ,, , 
09:33:20,1.27,2.19,1.07,1.85,3.12,1.62,2.11,4.11,1.11,2.6,5.1, , , , , ,730.36,730.35,500.0,100.0, , , , , ,, , 
09:33:23,1.29,2.27,0.98,1.87,3.06,1.45,2.13,3.63,1.46,2.81,4.82, , , , , ,730.58,730.5,100.0,4400.0, , , , , ,, , 
09:33:26,1.4,2.09,1.06,1.71,3.03,1.57,1.81,3.46,1.57,2.74,4.42, , , , , ,730.68,730.66,600.0,500.0, , , , , ,, , 
09:33:29,1.06,1.99,1.0,1.71,3.17,0.79,1.55,3.28,1.38,2.72,4.1, , , , , ,730.8,730.68,100.0,300.0, , , , , ,, , 
09:33:32,0.95,1.88,0.92,1.72,3.54,0.52,1.29,3.29,1.39,2.63,3.96, , , , , ,730.67,730.66,400.0,400.0, , , , , ,, , 
09:33:35,0.66,1.6,0.51,1.46,3.48,0.36,1.13,2.95,1.11,2.2,3.31, , , , , ,730.98,730.7,700.0,100.0, , , , , ,, , 
09:33:38,1.1,1.87,0.99,1.7,3.25,0.89,1.55,2.5,1.43,2.38,2.51, , , , , ,731.26,731.0,100.0,17800.0, , , , , ,, , 
09:33:41,1.33,2.12,1.32,2.08,3.01,1.28,1.73,2.17,1.38,2.56,1.87, , , , , ,731.4,731.25,100.0,400.0, , , , , ,, , 
09:33:44,1.27,2.29,1.15,1.98,2.93,1.12,1.85,1.96,1.53,3.03,1.37, , , , , ,731.43,731.4,100.0,200.0, , , , , ,, , 
09:33:47,1.15,2.12,1.06,1.71,2.99,1.01,1.86,1.77,1.38,2.79,0.89, , , , , ,731.48,731.43,100.0,100.0, , , , , ,, , 
09:33:50,1.0,1.79,0.87,1.61,3.08,0.82,1.35,1.63,1.31,2.42,0.33, , , , , ,731.56,731.43,700.0,100.0, , , , , ,, , 
09:33:53,0.91,1.72,0.85,1.57,2.62,0.68,1.3,1.17,1.21,2.28,-0.47, , , , , ,731.88,731.66,100.0,400.0, , , , , ,, , 
09:33:56,0.87,1.71,0.74,1.62,2.4,0.56,1.18,0.93,1.3,2.32,-1.02, , , , , ,731.95,731.8,200.0,100.0, , , , , ,, , 
09:33:59,0.65,1.4,0.58,1.29,2.19,0.14,0.87,0.72,1.23,2.03,-1.13, , , , , ,731.99,731.98,300.0,300.0, , , , , ,, , 
09:34:02,0.31,0.97,0.24,0.87,2.42,-0.14,0.42,0.95,0.84,1.63,-0.73, , , , , ,731.99,731.56,300.0,300.0, , , , , ,, , 
09:34:05,0.36,0.95,0.35,0.96,2.2,-0.1,0.54,0.56,0.84,1.35,-0.95, , , , , ,732.05,731.99,900.0,200.0, , , , , ,, , 
09:34:08,0.96,1.73,1.0,1.68,2.06,0.33,1.31,0.34,1.55,2.2,-1.27, , , , , ,732.3,732.05,100.0,1000.0, , , , , ,, , 
09:34:11,1.1,1.91,1.19,1.61,2.02,0.59,1.62,0.26,1.53,2.49,-1.72, , , , , ,732.38,732.17,500.0,900.0, , , , , ,, , 
09:34:14,1.04,1.77,0.93,1.35,1.58,0.55,1.52,0.13,1.64,2.42,-2.12, , , , , ,732.48,732.33,200.0,100.0, , , , , ,, , 
09:34:17,1.01,1.71,0.89,1.55,1.21,0.65,1.38,-0.1,1.5,2.19,-2.54, , , , , ,732.66,732.51,400.0,400.0, , , , , ,, , 
09:34:20,0.98,1.78,0.99,1.68,0.91,0.58,1.38,-0.23,1.36,2.29,-2.62, , , , , ,732.7,732.66,300.0,800.0, , , , , ,, , 
09:34:23,1.13,1.89,1.29,1.93,0.47,0.65,1.5,-0.54,1.44,2.23,-2.93, , , , , ,733.0,732.7,1600.0,200.0, , , , , ,, , 
09:34:26,1.22,1.84,1.28,1.82,0.29,0.77,1.36,-0.8,1.61,2.34,-3.18, , , , , ,733.0,732.99,100.0,300.0, , , , , ,, , 
09:34:29,0.9,1.55,1.01,1.59,0.2,0.4,1.05,-0.84,1.29,2.0,-3.49, , , , , ,733.0,732.99,1600.0,100.0, , , , , ,, , 
09:34:32,0.87,1.7,0.83,1.84,-0.44,0.54,1.24,-1.54,1.23,2.01,-4.27, , , , , ,733.5,733.29,100.0,200.0, , , , , ,, , 
09:34:35,0.92,1.65,0.98,1.76,-0.88,0.5,1.15,-1.99,1.27,2.04,-4.74, , , , , ,733.88,733.39,600.0,200.0, , , , , ,, , 
09:34:38,0.87,1.61,0.97,1.56,-0.74,0.37,1.19,-2.03,1.28,2.08,-4.63, , , , , ,733.5,733.49,100.0,300.0, , , , , ,, , 
09:34:41,0.32,1.34,0.35,1.27,-0.78,-0.34,0.74,-2.23,0.96,2.02,-4.31, , , , , ,733.96,733.0,100.0,11300.0, , , , , ,, , 
09:34:44,-0.26,0.91,-0.49,0.71,-0.88,-0.84,0.25,-2.42,0.55,1.77,-4.44, , , , , ,733.69,733.29,500.0,100.0, , , , , ,, , 
09:34:47,-0.42,0.59,-0.58,0.44,-1.39,-0.91,0.03,-2.99,0.24,1.29,-4.87, , , , , ,733.85,733.69,500.0,100.0, , , , , ,, , 
09:34:50,-0.49,0.23,-0.69,-0.1,-1.54,-0.92,-0.25,-3.12,0.13,1.03,-5.09, , , , , ,733.84,733.8,1500.0,100.0, , , , , ,, , 
09:34:53,-0.45,0.27,-0.49,0.15,-1.77,-0.86,-0.16,-3.33,0.01,0.82,-5.61, , , , , ,734.0,733.85,4700.0,200.0, , , , , ,, , 
09:34:56,-0.27,0.77,-0.32,0.75,-0.94,-0.84,0.34,-2.4,0.35,1.23,-4.62, , , , , ,733.49,733.0,100.0,3400.0, , , , , ,, , 
09:34:59,-0.42,0.39,-0.69,-0.01,-1.37,-1.03,0.14,-2.79,0.45,1.04,-5.12, , , , , ,733.8,733.24,200.0,400.0, , , , , ,, , 
09:35:02,-0.89,-0.09,-1.3,-0.63,-1.6,-1.27,-0.33,-3.06,-0.09,0.68,-5.46, , , , , ,733.8,733.49,2800.0,300.0, , , , , ,, , 
09:35:05,-0.63,0.07,-0.97,-0.48,-1.81,-0.99,-0.21,-3.35,0.08,0.91,-5.73, , , , , ,733.93,733.6,100.0,100.0, , , , , ,, , 
09:35:08,-0.5,0.16,-0.84,-0.36,-1.6,-0.72,-0.13,-3.21,0.05,0.98,-5.71, , , , , ,733.7,733.49,1000.0,2900.0, , , , , ,, , 
09:35:11,-0.62,0.03,-1.07,-0.63,-1.73,-0.86,-0.27,-3.47,0.06,1.0,-5.93, , , , , ,733.87,733.6,200.0,1200.0, , , , , ,, , 
09:35:14,-0.67,0.04,-1.21,-0.72,-1.93,-0.81,-0.23,-3.71,0.01,1.08,-6.18, , , , , ,733.97,733.87,100.0,200.0, , , , , ,, , 
09:35:17,-0.51,0.12,-0.91,-0.67,-0.65,-0.73,-0.06,-2.32,0.11,1.09,-4.87, , , , , ,733.0,732.97,2300.0,1600.0, , , , , ,, , 
09:35:20,-0.61,0.2,-1.26,-0.66,-1.0,-0.73,0.06,-2.44,0.15,1.19,-5.29, , , , , ,733.49,733.0,100.0,200.0, , , , , ,, , 
09:35:23,-0.73,0.08,-1.43,-0.89,-1.09,-0.84,0.01,-2.13,0.09,1.13,-5.44, , , , , ,733.5,733.01,300.0,200.0, , , , , ,, , 
09:35:26,-0.56,0.04,-1.25,-0.96,-1.22,-0.74,-0.05,-1.8,0.31,1.14,-5.67, , , , , ,733.59,733.01,100.0,200.0, , , , , ,, , 
09:35:29,-0.17,0.18,-0.68,-0.92,-0.85,-0.37,0.29,-1.06,0.53,1.18,-5.5, , , , , ,733.01,733.0,100.0,1800.0, , , , , ,, , 
09:35:32,-0.32,0.11,-1.3,-1.04,-0.99,-0.25,0.27,-0.83,0.58,1.11,-5.61, , , , , ,733.0,732.99,400.0,200.0, , , , , ,, , 
09:35:35,-0.35,0.06,-1.29,-1.0,-1.1,-0.24,0.12,-0.61,0.47,1.06,-5.68, , , , , ,733.0,732.97,200.0,700.0, , , , , ,, , 
09:35:38,-0.07,0.43,-0.89,-0.86,-1.34,0.09,0.7,-0.42,0.61,1.44,-5.75, , , , , ,732.99,732.98,200.0,100.0, , , , , ,, , 
09:35:41,0.01,0.54,-0.81,-0.85,-1.37,-0.03,0.87,-0.06,0.87,1.59,-5.64, , , , , ,733.0,732.7,1700.0,600.0, , , , , ,, , 
09:35:44,0.33,0.78,-0.41,-0.55,-1.52,0.34,1.01,0.23,1.06,1.9,-5.74, , , , , ,732.95,732.7,100.0,500.0, , , , , ,, , 
09:35:47,0.5,0.95,-0.05,-0.52,-1.58,0.36,1.11,0.56,1.17,2.24,-5.65, , , , , ,732.97,732.5,600.0,1193.0, , , , , ,, , 
09:35:50,0.38,0.87,-0.4,-0.64,-1.46,0.49,0.94,1.07,1.05,2.3,-5.59, , , , , ,732.7,732.5,1600.0,1193.0, , , , , ,, , 
09:35:53,0.34,0.87,-0.31,-0.58,-1.52,0.41,0.91,1.41,0.92,2.28,-5.5, , , , , ,732.7,732.5,200.0,493.0, , , , , ,, , 
09:35:56,0.41,0.93,-0.09,-0.46,-1.47,0.45,1.01,1.69,0.86,2.24,-5.3, , , , , ,732.7,732.43,207.0,200.0, , , , , ,, , 
09:35:59,0.47,0.89,0.14,-0.36,-1.34,0.64,1.15,2.0,0.64,1.88,-5.1, , , , , ,732.5,732.43,200.0,100.0, , , , , ,, , 
09:36:02,0.71,1.04,0.16,-0.16,-1.4,0.85,1.24,1.98,1.12,2.04,-5.0, , , , , ,732.48,732.38,100.0,11200.0, , , , , ,, , 
09:36:05,0.61,1.05,0.07,-0.2,-1.5,0.73,1.12,2.06,1.03,2.21,-4.91, , , , , ,732.43,732.38,100.0,6300.0, , , , , ,, , 
09:36:08,0.76,1.13,0.23,-0.14,-1.62,0.76,1.16,2.06,1.27,2.38,-4.9, , , , , ,732.47,732.38,600.0,5400.0, , , , , ,, , 
09:36:11,0.71,1.15,0.27,-0.06,-1.69,0.69,1.26,2.07,1.18,2.25,-4.86, , , , , ,732.48,732.38,300.0,4800.0, , , , , ,, , 
09:36:14,0.69,1.13,0.26,0.13,-1.9,0.6,0.99,2.08,1.22,2.27,-4.92, , , , , ,732.7,732.47,807.0,300.0, , , , , ,, , 
09:36:17,0.72,1.15,0.5,0.2,-1.77,0.49,1.04,2.05,1.17,2.2,-4.89, , , , , ,732.7,732.46,100.0,100.0, , , , , ,, , 
09:36:20,0.9,1.23,0.69,0.37,-1.35,0.7,1.25,2.24,1.32,2.06,-4.73, , , , , ,732.5,732.38,100.0,2593.0, , , , , ,, , 
09:36:23,0.87,1.14,0.63,0.28,-1.02,0.72,1.32,2.22,1.27,1.82,-4.87, , , , , ,732.5,732.38,2800.0,1793.0, , , , , ,, , 
09:36:26,0.35,0.64,-0.32,-0.29,-0.54,0.45,0.74,2.1,0.93,1.48,-4.82, , , , , ,732.38,732.36,3478.0,100.0, , , , , ,, , 
09:36:29,0.14,0.7,-0.37,-0.19,-0.2,0.35,0.8,1.87,0.44,1.5,-4.95, , , , , ,732.38,732.36,4278.0,200.0, , , , , ,, , 
09:36:32,0.5,0.85,0.31,0.03,0.07,0.48,0.95,1.67,0.7,1.58,-4.93, , , , , ,732.36,732.31,200.0,200.0, , , , , ,, , 
09:36:35,0.32,0.69,-0.24,-0.2,0.73,0.62,0.93,1.73,0.57,1.33,-4.33, , , , , ,732.0,731.99,500.0,100.0, , , , , ,, , 
09:36:38,0.04,0.5,-0.62,-0.38,0.93,0.33,0.72,1.32,0.4,1.17,-4.21, , , , , ,732.0,731.99,29800.0,200.0, , , , , ,, , 
09:36:41,-0.09,0.41,-0.55,-0.48,1.52,0.02,0.6,1.36,0.26,1.11,-3.69, , , , , ,731.79,731.6,1300.0,500.0, , , , , ,, , 
09:36:44,-0.02,0.59,-0.43,-0.22,1.77,-0.02,0.83,0.99,0.4,1.16,-3.59, , , , , ,731.79,731.6,200.0,200.0, , , , , ,, , 
09:36:47,-0.01,0.64,-0.47,-0.11,2.31,0.1,0.86,0.88,0.35,1.18,-3.12, , , , , ,731.5,731.42,300.0,300.0, , , , , ,, , 
09:36:50,-0.12,0.7,-0.44,0.1,2.63,-0.22,0.8,0.38,0.3,1.21,-3.04, , , , , ,731.5,731.42,100.0,400.0, , , , , ,, , 
09:36:53,-0.07,0.84,-0.37,0.39,2.92,-0.09,0.88,-0.1,0.25,1.25,-3.08, , , , , ,731.59,731.4,100.0,200.0, , , , , ,, , 
09:36:56,-0.07,0.78,-0.37,0.22,3.14,-0.17,0.91,-0.51,0.34,1.21,-3.03, , , , , ,731.59,731.42,100.0,500.0, , , , , ,, , 
09:36:59,-0.01,0.9,-0.28,0.32,3.33,-0.04,1.13,-0.46,0.3,1.24,-2.96, , , , , ,731.59,731.4,100.0,200.0, , , , , ,, , 
09:37:02,-0.08,0.89,-0.53,0.34,3.38,0.09,1.11,-0.23,0.18,1.21,-2.82, , , , , ,731.42,731.4,900.0,100.0, , , , , ,, , 
09:37:05,0.12,1.03,-0.17,0.56,3.71,0.36,1.3,0.17,0.18,1.24,-2.46, , , , , ,731.39,731.01,300.0,200.0, , , , , ,, , 
09:37:08,0.17,1.07,-0.03,0.67,3.85,0.31,1.25,0.17,0.22,1.28,-2.23, , , , , ,731.23,731.01,100.0,400.0, , , , , ,, , 
09:37:11,0.42,1.24,0.28,0.85,3.72,0.64,1.47,-0.29,0.32,1.39,-2.49, , , , , ,731.42,731.03,1400.0,100.0, , , , , ,, , 
09:37:14,0.88,1.45,0.64,1.2,3.96,0.97,1.45,-0.49,1.03,1.69,-2.34, , , , , ,731.4,731.02,100.0,100.0, , , , , ,, , 
09:37:17,1.33,1.69,1.08,1.22,3.89,1.3,1.72,-0.7,1.6,2.13,-2.25, , , , , ,731.42,731.05,100.0,500.0, , , , , ,, , 
09:37:20,1.09,1.58,0.57,1.25,3.58,0.92,1.47,-0.96,1.78,2.03,-2.51, , , , , ,731.5,731.43,300.0,400.0, , , , , ,, , 
09:37:23,0.83,1.34,0.77,1.03,2.98,0.2,1.2,-1.63,1.53,1.79,-2.9, , , , , ,731.9,731.88,100.0,200.0, , , , , ,, , 
09:37:26,0.63,1.68,0.42,1.6,2.37,-0.02,1.44,-2.06,1.49,2.02,-3.41, , , , , ,732.36,731.99,1500.0,900.0, , , , , ,, , 
09:37:29,0.9,1.76,1.03,1.5,1.87,0.06,1.58,-2.64,1.59,2.19,-3.61, , , , , ,732.38,732.36,4678.0,400.0, , , , , ,, , 
09:37:32,1.05,2.04,1.11,1.84,1.48,0.25,1.96,-3.02,1.78,2.32,-4.02, , , , , ,732.48,732.47,200.0,300.0, , , , , ,, , 
09:37:35,0.95,1.84,0.93,1.38,1.03,0.12,2.17,-3.21,1.8,1.99,-4.0, , , , , ,732.51,732.5,200.0,900.0, , , , , ,, , 
09:37:38,0.98,1.99,0.87,1.48,0.24,0.29,2.18,-3.68,1.77,2.31,-4.38, , , , , ,732.88,732.7,200.0,400.0, , , , , ,, , 
09:37:41,1.19,1.86,1.07,1.24,-0.34,0.81,1.89,-3.56,1.7,2.44,-4.54, , , , , ,732.97,732.9,500.0,200.0, , , , , ,, , 
09:37:44,1.08,1.89,1.16,1.42,-0.79,0.76,1.85,-3.76,1.33,2.4,-4.31, , , , , ,733.0,732.99,4400.0,600.0, , , , , ,, , 
09:37:47,1.39,2.13,1.63,1.66,-1.57,0.75,2.12,-4.18,1.8,2.6,-4.83, , , , , ,733.3,733.22,100.0,1000.0, , , , , ,, , 
09:37:50,1.5,2.27,1.66,2.24,-2.27,0.61,2.04,-4.53,2.22,2.53,-4.98, , , , , ,733.48,733.33,100.0,600.0, , , , , ,, , 
09:37:53,1.15,2.16,1.28,2.0,-3.33,0.55,1.98,-5.54,1.63,2.51,-5.95, , , , , ,733.88,733.87,1300.0,2400.0, , , , , ,, , 
09:37:56,1.16,2.0,1.21,1.73,-3.88,0.4,1.95,-5.61,1.87,2.32,-6.16, , , , , ,733.99,733.96,1200.0,1200.0, , , , , ,, , 
09:37:59,0.94,1.88,1.08,1.55,-3.79,0.16,1.92,-5.7,1.58,2.18,-6.12, , , , , ,734.0,733.88,4100.0,700.0, , , , , ,, , 
09:38:02,0.86,1.9,0.94,1.81,-3.69,-0.16,1.71,-5.88,1.81,2.19,-6.29, , , , , ,734.0,733.9,3000.0,600.0, , , , , ,, , 
09:38:05,0.49,1.81,0.37,1.67,-3.19,-0.33,1.58,-5.61,1.43,2.18,-5.75, , , , , ,734.0,733.34,200.0,100.0, , , , , ,, , 
09:38:08,0.26,1.39,0.34,1.22,-3.89,-0.52,1.17,-6.39,0.97,1.79,-6.45, , , , , ,734.2,734.0,100.0,300.0, , , , , ,, , 
09:38:11,-0.0,1.06,0.12,0.96,-4.08,-0.62,0.79,-6.31,0.5,1.44,-6.47, , , , , ,734.02,734.0,100.0,2200.0, , , , , ,, , 
09:38:14,-0.2,0.88,-0.15,0.77,-4.3,-1.05,0.51,-6.29,0.58,1.36,-6.25, , , , , ,734.02,734.0,200.0,900.0, , , , , ,, , 
09:38:17,-0.68,0.49,-0.57,0.37,-4.86,-1.22,-0.0,-6.64,-0.24,1.11,-6.81, , , , , ,734.6,733.99,3100.0,200.0, , , , , ,, , 
09:38:20,-0.76,0.15,-0.49,0.17,-4.44,-1.45,-0.23,-6.35,-0.35,0.5,-6.59, , , , , ,734.04,734.0,3000.0,400.0, , , , , ,, , 
09:38:23,-1.0,-0.04,-0.85,-0.08,-4.49,-1.69,-0.27,-6.45,-0.45,0.23,-6.52, , , , , ,734.0,733.99,100.0,300.0, , , , , ,, , 
09:38:26,-1.36,-0.3,-1.36,-0.36,-4.48,-2.13,-0.54,-6.55,-0.59,0.0,-6.72,-2500.0,733.98,733.98,-2200.0,2800.0,734.0,733.91,400.0,100.0, , , ,2018-05-14 09:38:26.761000,2018-05-14 09:38:26.761000,, , 
09:38:29,-1.56,-0.4,-1.46,-0.47,-4.38,-2.22,-0.72,-6.38,-0.99,-0.02,-6.33,-2500.0,733.89,0.0,-0.0,2800.0,733.91,733.4,500.0,500.0, , , ,2018-05-14 09:38:30.359000,2018-05-14 09:38:30.359000,, , 
09:38:32,-1.52,-0.44,-1.34,-0.56,-4.21,-2.04,-0.63,-6.08,-1.17,-0.13,-6.0,-2500.0,733.34,733.34,-800.0,2000.0,733.35,733.34,500.0,100.0, , , ,2018-05-14 09:38:33.421000,2018-05-14 09:38:33.421000,, , 
09:38:35,-1.49,-0.48,-1.52,-0.62,-4.26,-1.86,-0.73,-6.08,-1.1,-0.08,-6.03,-2000.0,733.32,0.0,-0.0,2000.0,733.34,733.22,3200.0,400.0, , , ,2018-05-14 09:38:36.443000,2018-05-14 09:38:36.443000,, , 
09:38:38,-1.23,-0.23,-1.17,-0.35,-3.62,-1.63,-0.28,-5.43,-0.88,-0.07,-5.35, , , , , ,733.0,732.5,1500.0,1100.0, , , , , ,, , 
09:38:41,-0.98,-0.02,-0.83,-0.1,-2.96,-1.49,0.04,-5.16,-0.62,0.02,-4.97, , , , , ,732.5,732.49,2000.0,100.0, , , , , ,, , 
09:38:44,-0.99,0.03,-1.06,-0.0,-2.74,-1.29,0.07,-4.94,-0.63,0.01,-4.54, , , , , ,732.38,732.1,700.0,400.0, , , , , ,, , 
09:38:47,-1.07,-0.1,-1.09,-0.08,-2.72,-1.46,-0.25,-4.9,-0.66,0.03,-4.35, , , , , ,732.38,731.99,300.0,100.0, , , , , ,, , 
09:38:50,-0.68,0.17,-0.49,0.22,-1.94,-1.02,0.17,-4.1,-0.54,0.12,-3.17, , , , , ,731.99,731.01,300.0,500.0, , , , , ,, , 
09:38:53,-0.36,0.54,0.02,0.67,-1.65,-0.69,0.65,-3.34,-0.41,0.31,-2.42, , , , , ,731.02,731.01,500.0,500.0, , , , , ,, , 
09:38:56,-0.33,0.56,0.16,0.79,-1.56,-0.67,0.59,-3.19,-0.48,0.31,-2.3, , , , , ,731.01,731.0,200.0,800.0, , , , , ,, , 
09:38:59,-0.35,0.56,0.25,0.8,-1.71,-0.75,0.45,-3.12,-0.54,0.43,-2.25, , , , , ,731.01,731.0,100.0,400.0, , , , , ,, , 
09:39:02,-0.36,0.57,0.45,0.86,-2.69,-0.97,0.29,-3.86,-0.57,0.55,-3.14, , , , , ,732.0,731.2,5500.0,600.0, , , , , ,, , 
09:39:05,-0.53,0.52,0.45,0.75,-2.45,-1.28,0.22,-3.47,-0.77,0.59,-2.8, , , , , ,732.0,730.7,5400.0,400.0, , , , , ,, , 
09:39:08,-0.4,0.5,0.74,0.74,-2.64,-1.06,0.33,-3.42,-0.9,0.43,-2.88, , , , , ,731.97,730.7,100.0,100.0, , , , , ,, , 
09:39:11,-0.25,0.57,0.98,0.83,-1.79,-0.85,0.43,-2.48,-0.87,0.44,-2.02, , , , , ,730.7,730.68,200.0,100.0, , , , , ,, , 
09:39:14,-0.19,0.78,1.0,1.12,-1.78,-0.89,0.82,-2.34,-0.67,0.4,-2.04, , , , , ,730.7,730.68,100.0,200.0, , , , , ,, , 
09:39:17,-0.22,0.86,0.86,1.05,-1.73,-0.87,1.14,-2.31,-0.65,0.38,-1.96, , , , , ,730.7,730.66,100.0,300.0, , , , , ,, , 
09:39:20,-0.25,0.8,0.62,0.97,-2.04,-0.7,1.04,-2.56,-0.67,0.38,-2.0, , , , , ,731.0,730.7,600.0,700.0, , , , , ,, , 
09:39:23,-0.43,0.61,0.45,0.77,-2.15,-0.99,0.77,-2.69,-0.76,0.28,-1.88, , , , , ,731.0,730.68,600.0,100.0, , , , , ,, , 
09:39:26,-0.53,0.47,0.21,0.7,-1.76,-0.9,0.7,-2.19,-0.91,-0.01,-1.2, , , , , ,730.5,730.36,500.0,200.0, , , , , ,, , 
09:39:29,-0.29,0.72,0.58,0.97,-2.13,-0.48,1.07,-2.44,-0.98,0.13,-1.27, , , , , ,730.65,730.4,100.0,1300.0, , , , , ,, , 
09:39:32,-0.45,0.68,0.11,0.98,-1.47,-0.43,0.98,-1.69,-1.05,0.08,-0.42, , , , , ,729.96,729.95,200.0,100.0, , , , , ,, , 
09:39:35,-0.56,0.53,0.25,0.85,-1.8,-0.77,0.71,-1.79,-1.14,0.04,-0.61, , , , , ,730.35,729.93,600.0,200.0, , , , , ,, , 
09:39:38,-0.54,0.55,0.38,0.91,-1.69,-0.96,0.76,-1.5,-1.04,-0.04,-0.37, , , , , ,730.01,730.0,100.0,100.0, , , , , ,, , 
09:39:41,-0.42,0.71,0.58,1.09,-2.16,-0.84,0.92,-1.76,-0.99,0.12,-0.67, , , , , ,730.5,730.07,300.0,100.0, , , , , ,, , 
09:39:44,-0.47,0.62,0.42,1.03,-3.05,-1.05,0.77,-2.44,-0.79,0.08,-1.37, , , , , ,731.0,730.7,500.0,500.0, , , , , ,, , 
09:39:47,-0.2,0.77,0.68,1.23,-1.65,-0.64,0.94,-0.86,-0.64,0.14,0.14, , , , , ,729.93,729.68,200.0,100.0, , , , , ,, , 
09:39:50,-0.0,0.85,0.95,1.23,-1.83,-0.18,1.25,-0.83,-0.77,0.08,0.18, , , , , ,730.0,729.68,300.0,100.0, , , , , ,, , 
09:39:53,-0.15,0.73,0.67,1.11,-1.73,-0.2,1.08,-0.82,-0.92,0.02,0.21, , , , , ,730.0,729.68,100.0,100.0, , , , , ,, , 
09:39:56,-0.43,0.57,0.27,0.9,-1.47,-0.38,0.91,-0.63,-1.18,-0.08,0.41, , , , , ,730.0,729.5,200.0,500.0, , , , , ,, , 
09:39:59,-0.53,0.48,0.02,0.72,-1.75,-0.46,0.86,-0.93,-1.14,-0.13,0.17, , , , , ,730.01,730.0,200.0,200.0, , , , , ,, , 
09:40:02,-0.55,0.48,-0.07,0.85,-0.92,-0.43,0.86,-0.13,-1.15,-0.28,1.12, , , , , ,729.68,729.2,100.0,400.0, , , , , ,, , 
09:40:05,-0.59,0.45,-0.09,0.67,-0.74,-0.42,0.85,0.07,-1.25,-0.16,1.47, , , , , ,729.5,729.2,1000.0,400.0, , , , , ,, , 
09:40:08,-0.56,0.42,-0.01,0.73,-0.81,-0.28,0.82,0.09,-1.39,-0.28,1.76, , , , , ,729.65,729.2,1000.0,400.0, , , , , ,, , 
09:40:11,-0.59,0.43,-0.11,0.64,-0.72,-0.26,0.8,0.01,-1.39,-0.16,2.37, , , , , ,729.6,729.2,100.0,200.0, , , , , ,, , 
09:40:14,-0.55,0.47,0.07,0.77,-0.51,-0.27,0.8,0.2,-1.46,-0.16,2.96, , , , , ,729.5,729.2,100.0,100.0, , , , , ,, , 
09:40:17,-0.56,0.46,0.07,0.75,-0.54,-0.38,0.73,0.28,-1.37,-0.09,3.29, , , , , ,729.5,729.27,100.0,100.0, , , , , ,, , 
09:40:20,-0.57,0.42,-0.01,0.7,-0.79,-0.3,0.71,0.11,-1.41,-0.13,3.12, , , , , ,729.6,729.5,100.0,300.0, , , , , ,, , 
09:40:23,-0.48,0.49,0.11,0.72,-0.39,-0.23,0.81,0.84,-1.33,-0.06,3.27, , , , , ,729.2,729.11,300.0,100.0, , , , , ,, , 
09:40:26,-0.53,0.53,-0.13,0.77,-0.2,-0.21,0.87,0.97,-1.24,-0.05,3.12, , , , , ,729.0,728.95,8623.0,100.0, , , , , ,, , 
09:40:29,-0.53,0.44,-0.15,0.71,-0.21,-0.27,0.75,1.14,-1.18,-0.13,2.91, , , , , ,729.0,728.79,8723.0,100.0, , , , , ,, , 
09:40:32,-0.52,0.41,-0.09,0.69,-0.18,-0.12,0.75,0.93,-1.36,-0.2,2.73, , , , , ,728.95,728.76,200.0,300.0, , , , , ,, , 
09:40:35,-0.37,0.45,0.01,0.67,0.0,0.13,0.77,1.03,-1.25,-0.08,2.84, , , , , ,729.0,728.65,7423.0,100.0, , , , , ,, , 
09:40:38,-0.34,0.53,0.09,0.81,0.27,-0.01,0.78,1.17,-1.11,0.01,3.16, , , , , ,728.94,728.5,300.0,500.0, , , , , ,, , 
09:40:41,-0.42,0.49,-0.0,0.62,0.43,-0.07,0.62,1.25,-1.17,0.24,3.34, , , , , ,728.87,728.5,500.0,200.0, , , , , ,, , 
09:40:44,-0.34,0.58,0.15,0.83,0.61,-0.09,0.73,1.67,-1.08,0.17,3.59, , , , , ,728.87,728.37,200.0,900.0, , , , , ,, , 
09:40:47,-0.29,0.58,0.14,0.76,0.99,0.01,0.71,1.73,-1.0,0.27,4.08, , , , , ,728.65,728.26,100.0,1300.0, , , , , ,, , 
09:40:50,-0.35,0.62,0.2,0.93,0.83,-0.24,0.63,1.54,-1.01,0.31,3.74, , , , , ,729.0,728.26,7023.0,900.0, , , , , ,, , 
09:40:53,-0.24,0.61,0.32,0.86,1.27,-0.1,0.63,1.64,-0.93,0.33,4.31, , , , , ,728.4,728.23,600.0,1000.0, , , , , ,, , 
09:40:56,-0.24,0.62,0.12,0.9,0.54,-0.09,0.74,0.77,-0.75,0.23,3.64, , , , , ,728.99,728.8,100.0,500.0, , , , , ,, , 
09:40:59,-0.29,0.57,0.12,0.91,0.62,-0.17,0.67,0.78,-0.84,0.13,3.55, , , , , ,728.88,728.87,100.0,500.0, , , , , ,, , 
09:41:02,-0.47,0.53,0.01,0.96,0.7,-0.5,0.65,0.68,-0.92,-0.02,3.71, , , , , ,728.88,728.79,100.0,100.0, , , , , ,, , 
09:41:05,-0.39,0.42,-0.04,0.76,1.27,-0.32,0.67,1.34,-0.81,-0.15,4.04, , , , , ,728.65,728.3,100.0,100.0, , , , , ,, , 
09:41:08,0.03,0.83,0.47,1.45,0.6,0.13,1.11,0.43,-0.51,-0.08,3.12, , , , , ,729.1,729.0,229.0,277.0, , , , , ,, , 
09:41:11,0.23,1.11,0.68,1.66,0.58,0.31,1.53,0.37,-0.3,0.13,3.06, , , , , ,729.1,728.87,329.0,477.0, , , , , ,, , 
09:41:14,0.21,1.07,0.57,1.62,0.69,0.32,1.25,0.6,-0.25,0.33,2.98, , , , , ,729.1,728.87,29.0,177.0, , , , , ,, , 
09:41:17,0.21,0.95,0.53,1.4,0.93,0.16,1.09,0.54,-0.07,0.35,3.04, , , , , ,728.96,728.85,52.0,200.0, , , , , ,, , 
09:41:20,0.0,0.89,0.41,1.47,0.72,-0.05,1.18,0.11,-0.35,0.01,2.67, , , , , ,729.11,729.1,552.0,100.0, , , , , ,, , 
09:41:23,-0.02,0.91,0.66,1.55,1.18,-0.29,1.19,0.41,-0.44,-0.01,2.81, , , , , ,729.2,728.63,752.0,100.0, , , , , ,, , 
09:41:26,-0.15,0.74,0.68,1.37,1.52,-0.09,0.86,0.62,-1.05,0.0,3.16, , , , , ,728.64,728.5,100.0,900.0, , , , , ,, , 
09:41:29,-0.28,0.48,0.5,1.21,1.34,-0.15,0.46,0.36,-1.18,-0.23,2.79, , , , , ,729.0,728.5,300.0,800.0, , , , , ,, , 
09:41:32,-0.39,0.34,0.46,1.18,1.07,-0.25,0.63,0.27,-1.36,-0.78,2.62, , , , , ,729.0,728.5,500.0,5400.0, , , , , ,, , 
09:41:35,-0.52,0.07,0.21,0.72,1.03,-0.42,0.31,0.04,-1.37,-0.83,2.38, , , , , ,729.0,728.65,1300.0,100.0, , , , , ,, , 
09:41:38,-0.95,-0.14,-0.36,0.45,0.81,-0.76,0.08,-0.21,-1.74,-0.93,2.03, , , , , ,729.0,728.96,200.0,100.0, , , , , ,, , 
09:41:41,-0.93,-0.11,-0.19,0.7,0.68,-0.91,0.08,-0.35,-1.7,-1.1,1.69, , , , , ,729.2,729.0,852.0,4800.0, , , , , ,, , 
09:41:44,-0.84,-0.13,-0.04,0.76,1.01,-0.88,0.05,-0.25,-1.59,-1.21,1.62, , , , , ,729.2,729.0,652.0,4800.0, , , , , ,, , 
09:41:47,-0.66,-0.04,0.08,0.8,0.85,-0.55,0.2,-0.13,-1.51,-1.12,1.57, , , , , ,729.2,729.0,352.0,5300.0, , , , , ,, , 
09:41:50,-0.86,-0.06,-0.1,0.73,0.48,-0.7,0.09,-0.3,-1.78,-1.01,1.18, , , , , ,729.6,729.2,100.0,100.0, , , , , ,, , 
09:41:53,-0.95,-0.05,-0.05,0.76,0.23,-0.89,0.02,-0.12,-1.93,-0.92,1.2, , , , , ,729.68,729.0,300.0,5748.0, , , , , ,, , 
09:41:56,-1.01,-0.31,-0.01,0.54,0.46,-0.9,-0.05,0.28,-2.12,-1.42,1.23, , , , , ,729.18,729.05,100.0,100.0, , , , , ,, , 
09:41:59,-1.05,-0.51,-0.12,0.28,0.2,-0.92,-0.25,0.08,-2.12,-1.55,1.01,-2000.0,729.58,729.58,-1600.0,400.0,729.6,729.01,400.0,200.0, , , ,2018-05-14 09:41:59.724000,2018-05-14 09:41:59.724000,, , 
09:42:02,-1.45,-0.46,-0.3,0.36,-0.29,-1.32,-0.33,-0.33,-2.73,-1.43,0.39,-400.0,729.56,729.56,-400.0,0.0,729.58,729.5,400.0,100.0,22402.12,6.16, ,2018-05-14 09:42:03.362000,2018-05-14 09:42:03.362000,, , 
09:42:05,-1.41,-0.56,-0.23,0.29,0.03,-1.27,-0.32,-0.17,-2.71,-1.64,0.36, , , , , ,729.65,729.2,100.0,100.0, , , , , ,, , 
09:42:08,-1.39,-0.64,-0.3,0.21,0.06,-1.12,-0.17,-0.15,-2.75,-1.96,0.71, , , , , ,729.4,729.25,200.0,300.0, , , , , ,, , 
09:42:11,-1.4,-0.56,-0.37,0.3,-0.56,-1.24,-0.16,-0.62,-2.58,-1.81,0.2, , , , , ,729.75,729.58,100.0,1000.0, , , , , ,, , 
09:42:14,-1.48,-0.49,-0.36,0.38,0.29,-1.25,-0.15,-0.02,-2.85,-1.69,1.11, , , , , ,729.4,729.02,200.0,300.0, , , , , ,, , 
09:42:17,-1.44,-0.42,-0.33,0.42,-0.66,-1.08,-0.01,-0.72,-2.9,-1.66,0.62, , , , , ,729.8,729.75,100.0,100.0, , , , , ,, , 
09:42:20,-1.57,-0.68,-0.65,0.07,-0.7,-1.16,-0.3,-0.43,-2.89,-1.81,0.74, , , , , ,729.75,729.65,1900.0,100.0, , , , , ,, , 
09:42:23,-1.72,-0.72,-0.71,0.07,-0.86,-1.29,-0.46,-0.51,-3.16,-1.76,0.55,-500.0,729.8,729.8,-500.0,-500.0,729.87,729.8,200.0,100.0, , , ,2018-05-14 09:42:23.758000,2018-05-14 09:42:23.758000,, , 
09:42:26,-1.59,-0.53,-0.53,0.17,-1.03,-1.28,-0.36,-0.31,-2.96,-1.4,0.58, , , , , ,729.8,729.75,200.0,800.0, , , , , ,, , 
09:42:29,-1.68,-0.75,-0.64,-0.15,-0.54,-1.43,-0.6,0.26,-2.96,-1.51,1.03, , , , , ,729.75,729.06,100.0,100.0, , , , , ,, , 
09:42:32,-1.8,-0.87,-0.81,-0.2,-1.29,-1.63,-0.65,-0.33,-2.96,-1.77,0.43,-500.0,729.8,729.8,-200.0,-700.0,729.98,729.8,100.0,100.0, , , ,2018-05-14 09:42:32.817000,2018-05-14 09:42:32.817000,, , 
09:42:35,-1.53,-0.6,-0.51,0.1,-0.25,-1.54,-0.34,0.9,-2.55,-1.57,1.65, , , , , ,729.06,729.02,200.0,9900.0, , , , , ,, , 
09:42:38,-1.55,-0.47,-0.66,0.22,-1.56,-1.35,-0.36,-0.33,-2.64,-1.27,0.41, , , , , ,730.0,729.95,18000.0,300.0, , , , , ,, , 
09:42:41,-1.67,-0.5,-0.78,0.23,-0.76,-1.44,-0.48,0.54,-2.78,-1.24,1.25, , , , , ,729.75,729.05,300.0,300.0, , , , , ,, , 
09:42:44,-1.79,-0.69,-0.78,-0.04,-1.46,-1.56,-0.64,-0.19,-3.04,-1.4,0.42, , , , , ,730.0,729.98,18200.0,400.0, , , , , ,, , 
09:42:47,-1.63,-0.51,-0.73,0.19,-1.33,-1.36,-0.46,-0.09,-2.81,-1.25,0.45, , , , , ,730.0,729.95,14400.0,900.0, , , , , ,, , 
09:42:50,-1.12,-0.19,-0.2,0.57,-0.46,-0.59,-0.13,0.63,-2.56,-1.02,1.12, , , , , ,730.0,729.03,6800.0,600.0, , , , , ,, , 
09:42:53,-0.84,0.06,-0.12,0.66,-0.36,-0.27,0.3,0.66,-2.12,-0.77,1.18, , , , , ,730.0,729.02,7100.0,9400.0, , , , , ,, , 
09:42:56,-0.91,-0.15,-0.22,0.27,0.41,-0.22,0.09,1.4,-2.3,-0.82,1.9, , , , , ,729.03,729.02,300.0,9300.0, , , , , ,, , 
09:42:59,-1.56,-0.5,-0.85,0.06,-0.56,-1.03,-0.56,0.49,-2.78,-0.99,0.92, , , , , ,729.95,729.6,10757.0,200.0, , , , , ,, , 
09:43:02,-1.71,-0.67,-1.15,-0.31,-0.25,-1.36,-0.82,1.05,-2.63,-0.9,1.31, , , , , ,729.95,729.02,10557.0,9200.0, , , , , ,, , 
09:43:05,-1.58,-0.71,-1.28,-0.35,0.36,-1.26,-0.94,1.9,-2.2,-0.86,1.94,-500.0,729.02,729.02,-500.0,-1200.0,729.05,729.02,500.0,5791.0, , , ,2018-05-14 09:43:05.841000,2018-05-14 09:43:05.841000,, , 
09:43:08,-1.82,-0.93,-1.58,-0.61,-0.38,-1.55,-1.2,1.66,-2.32,-1.0,1.27,-500.0,729.05,729.07,-500.0,-1700.0,729.95,729.05,10757.0,347.0, , , ,2018-05-14 09:43:08.803000,2018-05-14 09:43:08.803000,, , 
09:43:11,-1.83,-1.0,-1.47,-0.61,-0.33,-1.7,-1.35,2.3,-2.32,-1.05,1.34,-500.0,729.05,729.05,-247.0,-1947.0,729.85,729.05,200.0,147.0, , , ,2018-05-14 09:43:11.844000,2018-05-14 09:43:11.844000,, , 
09:43:14,-1.69,-0.69,-1.38,-0.35,0.21,-1.45,-0.91,3.38,-2.24,-0.8,1.94, , , , , ,729.05,729.03,453.0,100.0, , , , , ,, , 
09:43:17,-1.65,-0.72,-1.61,-0.44,-0.62,-1.27,-0.91,2.87,-2.06,-0.8,1.08, , , , , ,729.8,729.6,200.0,1300.0, , , , , ,, , 
09:43:20,-2.11,-1.21,-2.12,-1.04,0.54,-1.71,-1.47,3.88,-2.49,-1.11,2.02,-500.0,728.99,728.99,-500.0,-2447.0,729.0,728.99,12.0,100.0, , , ,2018-05-14 09:43:20.699000,2018-05-14 09:43:20.699000,, , 
09:43:23,-2.23,-1.49,-2.17,-1.16,0.64,-1.96,-1.79,3.47,-2.55,-1.51,2.05,-500.0,728.96,728.96,-500.0,-2947.0,729.05,728.96,12.0,100.0, , , ,2018-05-14 09:43:23.744000,2018-05-14 09:43:23.744000,, , 
09:43:26,-2.13,-1.41,-1.97,-1.26,0.57,-1.9,-1.61,2.91,-2.51,-1.37,1.94,-500.0,729.02,729.026,-500.0,-3447.0,729.25,729.02,12.0,100.0, , , ,2018-05-14 09:43:26.969000,2018-05-14 09:43:26.969000,, , 
09:43:29,-2.16,-1.71,-2.05,-1.5,0.87,-1.81,-2.04,2.82,-2.64,-1.6,2.19, , , , , ,729.02,728.9,200.0,100.0, , , , , ,, , 
09:43:32,-1.89,-1.44,-1.88,-1.32,0.95,-1.35,-1.54,2.6,-2.44,-1.46,2.28,-500.0,728.87,728.87,-500.0,-3947.0,729.03,728.87,800.0,100.0, , , ,2018-05-14 09:43:32.719000,2018-05-14 09:43:32.719000,, , 
09:43:35,-1.61,-1.32,-1.58,-1.18,1.31,-1.37,-1.3,2.97,-1.87,-1.49,2.58, , , , , ,728.77,728.7,200.0,1000.0, , , , , ,, , 
09:43:38,-1.5,-1.2,-1.39,-1.08,1.3,-1.18,-1.17,3.06,-1.93,-1.35,2.46,-500.0,728.7,728.7,-500.0,-4447.0,728.87,728.7,100.0,700.0, , , ,2018-05-14 09:43:38.765000,2018-05-14 09:43:38.765000,, , 
09:43:41,-1.31,-1.02,-1.31,-1.03,1.29,-0.94,-0.89,3.1,-1.69,-1.15,2.34, , , , , ,728.95,728.77,200.0,100.0, , , , , ,, , 
09:43:44,-0.95,-0.72,-0.97,-0.68,1.15,-0.6,-0.68,3.05,-1.28,-0.78,2.12, , , , , ,729.03,729.0,200.0,1054.0, , , , , ,, , 
09:43:47,-0.62,-0.42,-0.62,-0.18,1.23,-0.68,-0.44,3.31,-0.54,-0.65,2.15, , , , , ,729.03,729.0,100.0,854.0, , , , , ,, , 
09:43:50,-0.68,-0.42,-0.55,-0.32,1.16,-0.57,-0.47,3.06,-0.92,-0.48,2.01, , , , , ,729.25,729.0,12.0,654.0, , , , , ,, , 
09:43:53,-0.96,-0.46,-0.84,-0.22,0.61,-0.83,-0.54,2.62,-1.21,-0.63,1.46, , , , , ,729.6,729.5,2600.0,100.0, , , , , ,, , 
09:43:56,-0.89,-0.38,-0.66,-0.01,1.02,-0.77,-0.4,3.08,-1.24,-0.73,1.81, , , , , ,729.6,729.0,2000.0,342.0, , , , , ,, , 
09:43:59,-0.62,-0.18,-0.39,0.24,1.15,-0.43,-0.17,2.98,-1.05,-0.61,1.79, , , , , ,729.6,729.0,1900.0,242.0, , , , , ,, , 
09:44:02,-0.43,-0.06,-0.34,0.44,1.31,-0.04,-0.04,3.08,-0.91,-0.58,1.74, , , , , ,729.6,729.0,1100.0,242.0, , , , , ,, , 
09:44:05,-0.39,-0.03,-0.18,0.51,1.54,-0.0,-0.11,2.9,-0.98,-0.48,1.69, , , , , ,729.6,729.0,500.0,42.0, , , , , ,, , 
09:44:08,-0.12,0.08,0.0,0.56,1.94,0.25,0.01,2.77,-0.63,-0.34,1.64, , , , , ,729.6,729.0,500.0,542.0, , , , , ,, , 
09:44:11,-0.04,0.23,0.1,0.71,2.93,0.28,0.14,3.05,-0.49,-0.18,2.02, , , , , ,729.0,728.98,100.0,300.0, , , , , ,, , 
09:44:14,-0.06,-0.0,-0.1,0.29,3.09,0.28,-0.15,2.62,-0.36,-0.14,1.65, , , , , ,729.5,729.0,100.0,100.0, , , , , ,, , 
09:44:17,-0.24,-0.04,-0.27,0.34,3.5,-0.06,-0.3,2.58,-0.41,-0.16,1.63, , , , , ,729.5,728.98,1600.0,500.0, , , , , ,, , 
09:44:20,-0.24,0.17,-0.14,0.53,3.17,-0.17,0.12,2.1,-0.41,-0.15,1.19, , , , , ,729.53,729.5,100.0,700.0, , , , , ,, , 
09:44:23,-0.18,0.39,0.04,0.92,2.74,-0.46,0.26,1.95,-0.11,-0.01,1.05, , , , , ,729.55,729.53,300.0,100.0, , , , , ,, , 
09:44:26,-0.18,0.32,0.08,0.69,2.3,-0.27,0.2,1.78,-0.37,0.06,0.84, , , , , ,729.6,729.55,500.0,300.0, , , , , ,, , 
09:44:29,-0.14,0.36,0.15,0.85,1.97,-0.1,0.23,1.65,-0.46,0.0,0.73, , , , , ,729.6,729.55,200.0,200.0, , , , , ,, , 
09:44:32,-0.12,0.26,0.02,0.66,1.58,-0.11,0.27,1.32,-0.28,-0.17,0.51, , , , , ,729.89,729.5,100.0,300.0, , , , , ,, , 
09:44:35,-0.16,0.21,-0.03,0.65,1.58,-0.21,0.23,1.11,-0.23,-0.24,0.38, , , , , ,729.9,729.6,1100.0,100.0, , , , , ,, , 
09:44:38,0.05,0.37,0.19,0.78,1.75,0.24,0.51,0.97,-0.27,-0.18,0.26, , , , , ,729.9,729.59,1100.0,600.0, , , , , ,, , 
09:44:41,0.26,0.45,0.37,0.88,1.89,0.35,0.57,0.8,0.07,-0.11,0.15,2500.0,729.61,0.0,0.0,-4447.0,729.9,729.59,600.0,800.0, , , ,2018-05-14 09:44:41.727000,2018-05-14 09:44:41.727000,, , 
09:44:44,0.54,0.75,0.53,1.14,1.78,0.43,0.95,0.47,0.65,0.15,-0.22,2500.0,729.95,729.95,200.0,-4247.0,729.95,729.93,200.0,300.0, , , ,2018-05-14 09:44:45.180000,2018-05-14 09:44:45.179000,, , 
09:44:47,0.62,0.93,0.58,1.26,2.0,0.44,1.07,0.38,0.84,0.45,-0.31,2500.0,729.97,729.97,1900.0,-2347.0,729.99,729.95,100.0,2600.0, , , ,2018-05-14 09:44:48.205000,2018-05-14 09:44:48.205000,, , 
09:44:50,0.64,1.12,0.44,1.32,1.88,0.42,1.18,0.38,1.04,0.85,-0.21,2400.0,729.99,729.99,2300.0,-47.0,729.99,729.97,100.0,2800.0, , , ,2018-05-14 09:44:51.730000,2018-05-14 09:44:51.730000,, , 
09:44:53,0.61,1.22,0.48,1.48,2.0,0.24,0.9,0.3,1.12,1.28,-0.2,100.0,730.0,0.0,0.0,-47.0,730.0,729.99,3500.0,2300.0, , , ,2018-05-14 09:44:54.395000,2018-05-14 09:44:54.395000,, , 
09:44:56,0.9,1.46,0.67,1.72,2.09,0.35,1.16,-0.02,1.68,1.51,-0.35,100.0,730.05,0.0,0.0,-47.0,730.05,730.0,500.0,4300.0, , , ,2018-05-14 09:44:57.258000,2018-05-14 09:44:57.258000,, , 
09:44:59,1.05,1.59,0.72,1.8,1.75,0.34,1.32,-0.21,2.08,1.65,-0.76,100.0,730.3,730.3,100.0,53.0,730.3,730.08,2800.0,100.0,-7774.19,-2.4, ,2018-05-14 09:45:00.317000,2018-05-14 09:45:00.317000,, , 
09:45:02,1.14,1.88,0.94,1.89,1.66,0.3,1.82,-0.7,2.19,1.92,-1.15,500.0,730.36,730.36,500.0,553.0,730.36,730.3,800.0,200.0, , , ,2018-05-14 09:45:02.761000,2018-05-14 09:45:02.760000,, , 
09:45:05,0.95,2.06,0.87,2.02,1.28,0.23,2.09,-1.08,1.74,2.08,-1.5, , , , , ,730.6,730.36,100.0,1300.0, , , , , ,, , 
09:45:08,0.88,1.94,0.8,1.85,0.88,-0.01,2.07,-1.14,1.85,1.9,-1.6, , , , , ,730.7,730.66,200.0,1100.0, , , , , ,, , 
09:45:11,0.3,1.92,-0.05,1.82,-0.18,-0.57,2.1,-2.1,1.51,1.84,-2.3, , , , , ,732.0,730.7,7700.0,200.0, , , , , ,, , 
09:45:14,0.09,1.64,-0.14,1.45,-1.14,-0.73,1.73,-2.7,1.14,1.73,-3.12, , , , , ,732.0,731.99,7300.0,1400.0, , , , , ,, , 
09:45:17,-0.03,1.62,-0.33,1.42,-1.2,-0.88,1.71,-2.41,1.13,1.72,-3.04, , , , , ,732.0,731.99,6400.0,1000.0, , , , , ,, , 
09:45:20,-0.24,1.17,-0.2,1.13,-1.04,-1.2,0.99,-2.15,0.68,1.39,-2.86, , , , , ,731.99,731.64,200.0,200.0, , , , , ,, , 
09:45:23,-0.23,1.27,0.11,1.53,-0.73,-1.05,1.18,-1.72,0.23,1.1,-2.46, , , , , ,732.0,731.0,1800.0,400.0, , , , , ,, , 
09:45:26,0.08,1.2,0.35,1.36,0.03,-1.14,0.9,-0.9,1.04,1.34,-1.47, , , , , ,731.0,730.7,5400.0,100.0, , , , , ,, , 
09:45:29,-0.5,0.81,-0.09,1.22,-0.09,-1.52,0.09,-0.95,0.09,1.13,-1.41, , , , , ,731.0,730.7,5100.0,100.0, , , , , ,, , 
09:45:32,-0.29,1.03,0.3,1.43,-0.27,-1.47,0.44,-0.89,0.31,1.21,-1.61, , , , , ,731.0,730.7,1900.0,1100.0, , , , , ,, , 
09:45:35,-0.28,1.07,0.06,1.31,-0.4,-1.35,0.71,-0.83,0.44,1.18,-1.85, , , , , ,731.0,730.7,100.0,1100.0, , , , , ,, , 
09:45:38,-0.21,0.75,0.03,1.11,-0.82,-1.18,0.34,-1.07,0.51,0.8,-2.33, , , , , ,731.11,731.0,100.0,200.0, , , , , ,, , 
09:45:41,-0.54,0.36,-0.25,0.65,-1.35,-1.11,0.07,-1.38,-0.26,0.35,-2.84, , , , , ,731.5,731.14,400.0,100.0, , , , , ,, , 
09:45:44,-0.43,0.21,-0.23,0.57,-1.33,-1.16,-0.03,-1.31,0.09,0.1,-2.59, , , , , ,731.5,731.02,400.0,800.0, , , , , ,, , 
09:45:47,-0.28,0.17,-0.19,0.43,-1.47,-0.9,0.16,-1.4,0.24,-0.08,-2.49, , , , , ,731.5,731.14,300.0,700.0, , , , , ,, , 
09:45:50,-0.27,0.03,-0.58,0.22,-2.13,-0.87,-0.02,-2.02,0.65,-0.12,-3.21, , , , , ,731.99,731.64,1600.0,200.0, , , , , ,, , 
09:45:53,-0.3,0.05,-0.49,0.14,-1.1,-0.88,-0.02,-0.88,0.47,0.04,-2.1, , , , , ,731.02,731.01,205.0,300.0, , , , , ,, , 
09:45:56,-0.59,-0.28,-0.8,-0.13,-2.29,-1.06,-0.48,-1.75,0.09,-0.24,-3.13,-500.0,731.86,0.0,-0.0,553.0,731.88,731.5,900.0,500.0, , , ,2018-05-14 09:45:56.815000,2018-05-14 09:45:56.815000,, , 
09:45:59,-0.8,-0.54,-0.91,-0.36,-2.23,-1.4,-0.83,-1.69,-0.09,-0.44,-3.23,-500.0,731.83,731.83,-400.0,153.0,731.85,731.5,1300.0,500.0, , , ,2018-05-14 09:46:00.639000,2018-05-14 09:46:00.639000,, , 
09:46:02,-0.84,-0.67,-0.87,-0.41,-2.28,-1.47,-0.95,-1.43,-0.17,-0.64,-3.0,-100.0,731.48,731.48,-100.0,53.0,731.5,731.48,2300.0,100.0,271.92,0.74, ,2018-05-14 09:46:03.159000,2018-05-14 09:46:03.159000,, , 
09:46:05,-0.86,-0.48,-0.91,-0.26,-2.22,-1.26,-0.66,-1.19,-0.41,-0.51,-2.92, , , , , ,731.5,731.13,1500.0,300.0, , , , , ,, , 
09:46:08,-0.74,-0.43,-0.67,-0.12,-1.83,-1.36,-0.65,-1.02,-0.19,-0.51,-2.85, , , , , ,731.26,731.1,100.0,100.0, , , , , ,, , 
09:46:11,-0.46,-0.31,-0.62,-0.04,-2.04,-1.27,-0.31,-1.2,0.51,-0.6,-3.15, , , , , ,731.48,731.13,1000.0,500.0, , , , , ,, , 
09:46:14,-0.04,-0.04,-0.39,0.22,-1.44,-0.8,-0.15,-0.84,1.07,-0.19,-2.83, , , , , ,731.1,731.05,700.0,700.0, , , , , ,, , 
09:46:17,-0.15,0.02,-0.71,0.11,-1.16,-0.63,-0.03,-0.8,0.88,-0.01,-2.81, , , , , ,731.1,731.05,400.0,200.0, , , , , ,, , 
09:46:20,-0.26,-0.29,-0.78,-0.13,-1.08,-0.67,-0.49,-0.76,0.69,-0.25,-2.75, , , , , ,731.05,731.0,500.0,400.0, , , , , ,, , 
09:46:23,-0.48,-0.56,-0.78,-0.35,-1.07,-1.07,-0.67,-0.72,0.41,-0.66,-2.75, , , , , ,731.05,731.0,400.0,200.0, , , , , ,, , 
09:46:26,-0.32,-0.53,-0.74,-0.32,-0.72,-0.86,-0.59,-0.24,0.64,-0.69,-2.36, , , , , ,730.75,730.7,200.0,200.0, , , , , ,, , 
09:46:29,-0.47,-0.51,-0.92,-0.42,-0.78,-0.96,-0.56,-0.24,0.48,-0.55,-2.41, , , , , ,730.75,730.7,100.0,600.0, , , , , ,, , 
09:46:32,-0.48,-0.51,-0.97,-0.39,-0.6,-1.08,-0.79,-0.04,0.6,-0.36,-2.31, , , , , ,730.93,730.36,200.0,304.0, , , , , ,, , 
09:46:35,-0.51,-0.6,-0.94,-0.51,-0.4,-1.11,-0.75,0.12,0.52,-0.54,-2.2, , , , , ,730.7,730.36,500.0,304.0, , , , , ,, , 
09:46:38,-0.26,-0.53,-0.7,-0.41,-0.09,-0.85,-0.59,0.34,0.78,-0.61,-1.95, , , , , ,730.36,730.31,200.0,1104.0, , , , , ,, , 
09:46:41,-0.42,-0.3,-0.72,-0.28,0.01,-0.87,-0.23,0.36,0.32,-0.38,-1.96, , , , , ,730.31,730.3,400.0,100.0, , , , , ,, , 
09:46:44,-0.43,-0.12,-0.62,-0.08,0.21,-0.91,-0.11,0.56,0.23,-0.17,-1.77, , , , , ,730.3,730.0,100.0,6700.0, , , , , ,, , 
09:46:47,-0.42,-0.07,-0.81,-0.14,-0.06,-0.98,-0.09,0.32,0.53,0.01,-2.06, , , , , ,730.69,730.0,400.0,5200.0, , , , , ,, , 
09:46:50,-0.41,-0.2,-0.7,-0.26,0.21,-0.92,-0.32,0.56,0.4,-0.01,-1.89, , , , , ,730.36,730.0,300.0,4600.0, , , , , ,, , 
09:46:53,-0.44,-0.1,-0.67,-0.18,0.04,-0.85,-0.22,0.36,0.19,0.12,-2.1, , , , , ,730.69,730.0,500.0,5500.0, , , , , ,, , 
09:46:56,-0.6,-0.23,-0.7,-0.23,0.59,-0.89,-0.46,0.86,-0.21,-0.01,-1.59, , , , , ,730.0,729.97,1200.0,100.0, , , , , ,, , 
09:46:59,-0.51,-0.27,-0.67,-0.03,1.25,-0.81,-0.52,1.48,-0.05,-0.27,-0.96, , , , , ,730.0,729.06,1000.0,100.0, , , , , ,, , 
09:47:02,-0.21,-0.06,-0.68,-0.0,0.21,-0.5,-0.27,0.37,0.54,0.08,-1.98, , , , , ,730.3,730.29,400.0,1000.0, , , , , ,, , 
09:47:05,-0.39,-0.1,-0.65,-0.02,1.34,-0.68,-0.4,1.45,0.17,0.11,-0.88, , , , , ,729.94,729.0,600.0,10600.0, , , , , ,, , 
09:47:08,-0.42,-0.17,-0.75,0.02,1.31,-0.71,-0.59,1.41,0.18,0.05,-0.92, , , , , ,729.94,729.0,500.0,9600.0, , , , , ,, , 
09:47:11,-0.21,0.04,-0.47,0.35,0.38,-0.73,-0.24,0.43,0.57,0.03,-1.85, , , , , ,730.3,730.0,400.0,2600.0, , , , , ,, , 
09:47:14,0.05,0.21,-0.62,0.22,0.42,-0.42,-0.07,0.42,1.2,0.46,-1.86, , , , , ,730.3,730.0,100.0,2200.0, , , , , ,, , 
09:47:17,0.22,0.71,-0.4,0.41,0.24,-0.29,0.55,0.16,1.35,1.18,-2.02, , , , , ,730.33,730.3,100.0,500.0, , , , , ,, , 
09:47:20,0.18,0.53,-0.63,0.23,0.2,-0.49,0.29,0.09,1.67,1.05,-2.0, , , , , ,730.33,730.3,5500.0,95.0, , , , , ,, , 
09:47:23,-0.1,0.27,-0.46,0.19,0.46,-0.83,0.04,0.2,0.98,0.58,-1.8, , , , , ,730.33,730.0,5200.0,2095.0, , , , , ,, , 
09:47:26,0.15,0.53,-0.1,0.26,0.52,-0.35,0.52,0.03,0.91,0.82,-1.82, , , , , ,730.33,730.0,3400.0,2095.0, , , , , ,, , 
09:47:29,0.31,0.85,-0.09,0.59,0.55,-0.08,0.9,-0.06,1.11,1.07,-1.86, , , , , ,730.3,730.0,200.0,4095.0, , , , , ,, , 
09:47:32,-0.17,0.46,-0.17,0.24,0.64,-0.29,0.21,-0.11,-0.05,0.94,-1.8, , , , , ,730.3,730.0,500.0,995.0, , , , , ,, , 
09:47:35,-0.05,0.48,0.09,0.49,0.38,-0.1,0.3,-0.43,-0.14,0.64,-2.08, , , , , ,730.36,730.33,100.0,200.0, , , , , ,, , 
09:47:38,0.33,0.68,0.17,0.57,0.36,0.09,0.56,-0.53,0.72,0.92,-2.01, , , , , ,730.36,730.27,100.0,100.0, , , , , ,, , 
09:47:41,0.28,0.74,0.17,0.56,0.39,0.0,0.69,-0.58,0.68,0.96,-1.88, , , , , ,730.3,730.27,100.0,100.0, , , , , ,, , 
09:47:44,0.28,0.64,0.08,0.51,0.36,-0.03,0.53,-0.71,0.78,0.87,-1.81, , , , , ,730.32,730.27,2000.0,100.0, , , , , ,, , 
09:47:47,0.34,0.61,0.18,0.59,0.36,-0.02,0.53,-0.77,0.85,0.7,-1.66, , , , , ,730.32,730.3,1800.0,6600.0, , , , , ,, , 
09:47:50,0.11,0.51,-0.07,0.39,0.39,-0.17,0.32,-0.66,0.56,0.82,-1.48, , , , , ,730.32,730.3,1800.0,1500.0, , , , , ,, , 
09:47:53,-0.0,0.78,0.16,0.59,0.25,-0.2,0.79,-0.79,0.02,0.95,-1.53, , , , , ,730.5,730.36,200.0,5721.0, , , , , ,, , 
09:47:56,0.17,0.78,0.14,0.59,0.26,0.08,0.68,-0.91,0.31,1.09,-1.5, , , , , ,730.5,730.36,200.0,5021.0, , , , , ,, , 
09:47:59,0.01,0.32,0.11,0.37,0.16,-0.27,0.07,-1.18,0.19,0.5,-1.53, , , , , ,730.62,730.36,100.0,5121.0, , , , , ,, , 
09:48:02,-0.3,0.01,-0.08,0.25,0.18,-0.35,-0.36,-1.28,-0.48,0.13,-1.29, , , , , ,730.5,730.36,5476.0,4621.0, , , , , ,, , 
09:48:05,-0.59,-0.14,-0.15,0.22,0.14,-0.66,-0.55,-1.44,-0.97,-0.07,-1.41, , , , , ,730.5,730.36,4776.0,3821.0, , , , , ,, , 
09:48:08,-0.53,-0.11,-0.14,0.24,0.09,-0.51,-0.64,-1.26,-0.95,0.07,-1.51, , , , , ,730.5,730.36,3176.0,2121.0, , , , , ,, , 
09:48:11,-0.39,-0.1,-0.07,0.32,0.06,-0.66,-0.6,-1.04,-0.45,-0.02,-1.57, , , , , ,730.49,730.36,100.0,1921.0, , , , , ,, , 
09:48:14,-0.39,-0.24,-0.27,0.14,0.04,-0.48,-0.83,-0.98,-0.41,-0.05,-1.77, , , , , ,730.49,730.36,400.0,1921.0, , , , , ,, , 
09:48:17,-0.47,-0.0,-0.22,0.31,-0.18,-0.56,-0.5,-1.08,-0.63,0.2,-1.81, , , , , ,730.62,730.5,100.0,40.0, , , , , ,, , 
09:48:20,0.06,0.42,0.02,0.43,-0.24,-0.16,-0.03,-1.14,0.33,0.86,-1.69, , , , , ,730.62,730.49,100.0,340.0, , , , , ,, , 
09:48:23,-0.13,0.16,-0.17,0.21,-0.02,-0.67,-0.33,-0.86,0.44,0.6,-1.47, , , , , ,730.36,730.3,100.0,1500.0, , , , , ,, , 
09:48:26,0.03,0.41,-0.0,0.31,-0.49,-0.27,-0.01,-1.06,0.36,0.94,-1.87, , , , , ,730.6,730.5,100.0,4050.0, , , , , ,, , 
09:48:29,0.22,1.03,0.04,0.81,-0.88,0.06,1.01,-1.27,0.56,1.28,-2.26, , , , , ,731.0,730.5,4200.0,4750.0, , , , , ,, , 
09:48:32,0.05,0.84,-0.15,0.36,-0.7,-0.18,0.76,-1.24,0.47,1.41,-2.06, , , , , ,730.6,730.55,3787.0,100.0, , , , , ,, , 
09:48:35,-0.25,0.54,-0.22,0.41,-0.76,-0.58,0.21,-1.48,0.04,0.99,-1.87, , , , , ,730.6,730.56,3587.0,100.0, , , , , ,, , 
09:48:38,-0.55,0.28,-0.3,0.33,-0.89,-0.54,-0.15,-1.67,-0.8,0.67,-1.9, , , , , ,730.6,730.55,3487.0,500.0, , , , , ,, , 
09:48:41,-0.57,0.37,-0.29,0.4,-0.99,-0.64,-0.0,-1.83,-0.77,0.71,-2.03, , , , , ,730.6,730.56,3187.0,400.0, , , , , ,, , 
09:48:44,-0.39,0.41,-0.24,0.34,-1.05,-0.51,0.08,-1.62,-0.42,0.81,-2.16, , , , , ,730.6,730.5,2987.0,1450.0, , , , , ,, , 
09:48:47,-0.38,0.19,-0.37,0.18,-1.09,-0.83,-0.11,-1.44,0.06,0.5,-2.39, , , , , ,730.6,730.5,2787.0,1350.0, , , , , ,, , 
09:48:50,-0.3,0.35,-0.33,0.29,-1.1,-0.47,0.04,-1.6,-0.11,0.71,-2.44, , , , , ,730.67,730.6,2000.0,213.0, , , , , ,, , 
09:48:53,-0.29,0.45,-0.14,0.3,-1.07,-0.63,0.27,-1.58,-0.09,0.79,-2.33, , , , , ,730.67,730.6,1700.0,1813.0, , , , , ,, , 
09:48:56,-0.51,0.29,-0.3,0.11,-1.19,-0.78,-0.06,-1.69,-0.45,0.83,-2.29, , , , , ,730.67,730.6,1500.0,413.0, , , , , ,, , 
09:48:59,-0.62,0.0,-0.53,-0.07,-1.29,-1.02,-0.36,-1.73,-0.3,0.43,-1.99, , , , , ,730.6,730.55,287.0,100.0, , , , , ,, , 
09:49:02,-0.78,-0.1,-0.54,-0.05,-1.49,-0.9,-0.39,-1.75,-0.91,0.13,-2.01, , , , , ,730.6,730.55,187.0,200.0, , , , , ,, , 
09:49:05,-1.03,-0.33,-0.71,-0.17,-1.5,-1.22,-0.63,-1.77,-1.15,-0.17,-1.96, , , , , ,730.5,730.46,1250.0,300.0, , , , , ,, , 
09:49:08,-1.13,-0.48,-0.68,-0.28,-1.33,-1.07,-0.81,-1.9,-1.64,-0.35,-1.97, , , , , ,730.5,730.46,1050.0,395.0, , , , , ,, , 
09:49:11,-0.99,-0.49,-0.88,-0.31,-1.08,-1.1,-0.84,-1.98,-0.99,-0.33,-2.16, , , , , ,730.46,730.44,205.0,200.0, , , , , ,, , 
09:49:14,-1.08,-0.48,-0.84,-0.34,-1.01,-1.04,-0.83,-1.98,-1.37,-0.26,-2.21, , , , , ,730.46,730.44,1205.0,400.0, , , , , ,, , 
09:49:17,-1.0,-0.33,-0.79,-0.28,-0.92,-1.04,-0.58,-1.94,-1.17,-0.14,-2.27, , , , , ,730.45,730.44,100.0,100.0, , , , , ,, , 
09:49:20,-1.09,-0.41,-0.8,-0.37,-0.9,-0.99,-0.66,-1.88,-1.48,-0.21,-2.19, , , , , ,730.4,730.36,400.0,200.0, , , , , ,, , 
09:49:23,-1.12,-0.59,-1.01,-0.4,-0.73,-1.05,-0.81,-1.68,-1.31,-0.56,-1.95, , , , , ,730.36,730.12,600.0,100.0, , , , , ,, , 
09:49:26,-1.14,-0.6,-0.93,-0.38,-0.56,-1.09,-0.85,-1.62,-1.41,-0.56,-1.81, , , , , ,730.36,730.0,500.0,2395.0, , , , , ,, , 
09:49:29,-1.28,-0.77,-1.16,-0.61,-0.18,-1.37,-1.2,-1.35,-1.3,-0.5,-1.27,-500.0,729.9,729.9,-500.0,-447.0,730.0,729.9,305.0,100.0, , , ,2018-05-14 09:49:29.735000,2018-05-14 09:49:29.735000,, , 
09:49:32,-1.17,-0.65,-0.84,-0.58,-0.54,-1.28,-1.02,-1.53,-1.38,-0.34,-1.33, , , , , ,730.12,730.02,2000.0,4695.0, , , , , ,, , 
09:49:35,-1.1,-0.69,-0.84,-0.54,-0.78,-1.38,-1.07,-1.57,-1.07,-0.47,-1.19, , , , , ,730.12,730.02,1900.0,1995.0, , , , , ,, , 
09:49:38,-1.26,-0.76,-0.91,-0.48,-0.9,-1.49,-1.25,-1.5,-1.39,-0.54,-1.1, , , , , ,730.02,730.0,605.0,200.0, , , , , ,, , 
09:49:41,-1.01,-0.41,-0.81,-0.26,-0.44,-1.5,-0.82,-0.95,-0.73,-0.15,-0.6, , , , , ,730.02,729.11,305.0,200.0, , , , , ,, , 
09:49:44,-0.87,-0.33,-0.84,-0.14,-0.56,-1.41,-0.77,-1.26,-0.35,-0.09,-1.0, , , , , ,730.0,729.55,300.0,100.0, , , , , ,, , 
09:49:47,-0.9,-0.7,-0.96,-0.39,-0.38,-1.41,-1.06,-1.28,-0.32,-0.65,-1.14, , , , , ,730.0,729.55,300.0,100.0, , , , , ,, , 
09:49:50,-1.12,-0.66,-1.01,-0.38,-0.57,-1.54,-0.98,-1.47,-0.82,-0.61,-1.29, , , , , ,729.99,729.77,600.0,100.0, , , , , ,, , 
09:49:53,-1.18,-0.77,-1.09,-0.52,-0.55,-1.39,-1.25,-1.46,-1.06,-0.54,-1.29, , , , , ,729.99,729.77,500.0,100.0, , , , , ,, , 
09:49:56,-1.19,-0.62,-1.01,-0.38,-0.66,-1.23,-1.06,-1.46,-1.34,-0.42,-1.04, , , , , ,729.99,729.77,500.0,1100.0, , , , , ,, , 
09:49:59,-1.11,-0.54,-0.96,-0.3,-0.17,-1.19,-0.85,-0.85,-1.18,-0.48,-0.29, , , , , ,729.77,729.11,600.0,100.0, , , , , ,, , 
09:50:02,-1.02,-0.47,-0.82,-0.29,-0.04,-1.06,-0.73,-0.66,-1.19,-0.39,-0.04, , , , , ,729.55,729.1,100.0,100.0, , , , , ,, , 
09:50:05,-0.9,-0.34,-0.81,-0.16,-0.18,-1.08,-0.78,-0.68,-0.8,-0.09,-0.09, , , , , ,729.62,729.01,100.0,500.0, , , , , ,, , 
09:50:08,-1.03,-0.5,-0.85,-0.22,-0.48,-1.18,-1.1,-0.89,-1.05,-0.19,-0.48, , , , , ,729.9,729.0,100.0,9600.0, , , , , ,, , 
09:50:11,-1.08,-0.72,-0.95,-0.35,-1.28,-1.38,-1.27,-1.57,-0.9,-0.54,-1.03, , , , , ,729.98,729.9,500.0,100.0, , , , , ,, , 
09:50:14,-0.96,-0.52,-0.83,-0.25,-1.29,-1.21,-0.81,-1.58,-0.82,-0.51,-0.94, , , , , ,729.99,729.9,100.0,100.0, , , , , ,, , 
09:50:17,-0.59,0.02,-0.5,0.11,-0.66,-0.71,-0.16,-0.92,-0.57,0.1,-0.03, , , , , ,730.0,729.01,9905.0,300.0, , , , , ,, , 
09:50:20,-0.29,0.18,-0.41,0.17,-0.95,-0.66,-0.03,-1.16,0.2,0.39,-0.08, , , , , ,729.9,729.5,1100.0,400.0, , , , , ,, , 
09:50:23,-0.07,0.45,-0.14,0.29,-0.99,-0.42,0.51,-1.21,0.36,0.55,-0.08, , , , , ,729.98,729.5,200.0,300.0, , , , , ,, , 
09:50:26,0.07,0.64,-0.15,0.26,-1.18,-0.14,0.73,-1.4,0.5,0.92,-0.1, , , , , ,729.98,729.74,200.0,700.0, , , , , ,, , 
09:50:29,-0.09,0.5,-0.37,0.2,-1.15,-0.24,0.43,-1.39,0.33,0.88,0.03, , , , , ,729.86,729.74,100.0,800.0, , , , , ,, , 
09:50:32,-0.45,0.28,-0.65,0.1,-1.25,-0.48,0.07,-1.41,-0.23,0.67,0.01, , , , , ,729.87,729.86,100.0,200.0, , , , , ,, , 
09:50:35,-0.56,-0.04,-0.58,0.12,-0.32,-0.8,-0.4,-0.46,-0.31,0.15,0.98, , , , , ,729.31,729.01,4900.0,600.0, , , , , ,, , 
09:50:38,-0.63,-0.18,-0.36,0.03,-0.34,-0.79,-0.52,-0.43,-0.75,-0.07,1.0, , , , , ,729.31,729.01,3400.0,1000.0, , , , , ,, , 
09:50:41,-0.44,0.1,-0.47,0.12,-0.5,-0.5,-0.28,-0.45,-0.34,0.46,0.91, , , , , ,729.31,729.16,1100.0,700.0, , , , , ,, , 
09:50:44,-0.28,0.25,-0.38,0.14,-0.75,-0.24,-0.07,-0.58,-0.23,0.69,0.6, , , , , ,729.5,729.31,500.0,500.0, , , , , ,, , 
09:50:47,-0.17,0.37,-0.44,0.24,-1.14,-0.19,0.02,-0.78,0.11,0.85,0.17, , , , , ,729.83,729.5,100.0,300.0, , , , , ,, , 
09:50:50,-0.21,0.37,-0.36,0.16,-1.23,-0.32,0.3,-0.65,0.06,0.64,0.06, , , , , ,729.9,729.5,2100.0,100.0, , , , , ,, , 
09:50:53,-0.3,0.25,-0.36,0.15,-0.37,-0.43,0.1,0.32,-0.11,0.52,0.83, , , , , ,729.16,729.01,100.0,500.0, , , , , ,, , 
09:50:56,-0.35,0.12,-0.36,0.14,-0.88,-0.41,0.0,-0.17,-0.29,0.22,0.38, , , , , ,729.9,729.02,2100.0,100.0, , , , , ,, , 
09:50:59,-0.96,-0.29,-0.79,-0.21,-0.72,-0.97,-0.62,0.03,-1.13,-0.04,0.53, , , , , ,729.7,729.0,1100.0,6400.0, , , , , ,, , 
09:51:02,-1.17,-0.48,-0.82,-0.31,-0.71,-1.26,-0.79,0.17,-1.43,-0.34,0.57, , , , , ,729.7,729.03,800.0,600.0, , , , , ,, , 
09:51:05,-1.23,-0.66,-0.92,-0.46,-0.24,-1.4,-1.18,0.54,-1.36,-0.33,0.98, , , , , ,729.01,729.0,3700.0,6400.0, , , , , ,, , 
09:51:08,-1.45,-0.87,-1.13,-0.7,-0.28,-1.58,-1.32,0.44,-1.63,-0.6,0.83,-500.0,729.0,729.0,-500.0,-947.0,729.01,729.0,3600.0,4595.0, , , ,2018-05-14 09:51:08.788000,2018-05-14 09:51:08.788000,, , 
09:51:11,-1.37,-0.82,-1.1,-0.57,-0.29,-1.6,-1.33,0.37,-1.41,-0.57,0.91, , , , , ,729.01,729.0,3400.0,4195.0, , , , , ,, , 
09:51:14,-1.17,-0.67,-0.91,-0.5,-0.3,-1.37,-0.97,0.17,-1.22,-0.55,0.91, , , , , ,729.01,729.0,3300.0,4295.0, , , , , ,, , 
09:51:17,-0.91,-0.42,-0.96,-0.3,-0.23,-1.14,-0.82,0.32,-0.62,-0.15,1.06, , , , , ,729.01,729.0,100.0,1795.0, , , , , ,, , 
09:51:20,-0.89,-0.26,-0.9,-0.29,-0.32,-1.07,-0.5,0.33,-0.68,0.0,1.13, , , , , ,729.16,729.01,100.0,200.0, , , , , ,, , 
09:51:23,-0.84,-0.25,-0.85,-0.19,-0.12,-1.06,-0.42,0.43,-0.6,-0.15,1.36, , , , , ,729.0,728.88,300.0,495.0, , , , , ,, , 
09:51:26,-0.71,-0.22,-0.83,-0.19,-0.26,-1.01,-0.38,0.23,-0.3,-0.09,1.29, , , , , ,729.16,728.88,500.0,395.0, , , , , ,, , 
09:51:29,-1.09,-0.51,-1.06,-0.34,-0.21,-1.24,-0.78,0.21,-0.97,-0.41,1.42, , , , , ,729.01,728.88,100.0,200.0, , , , , ,, , 
09:51:32,-1.13,-0.52,-0.96,-0.28,-0.16,-1.23,-0.6,0.17,-1.21,-0.68,1.42, , , , , ,729.02,728.88,100.0,200.0, , , , , ,, , 
09:51:35,-0.68,-0.17,-0.5,-0.01,-0.1,-0.78,-0.16,0.44,-0.74,-0.33,1.49, , , , , ,729.0,728.8,400.0,200.0, , , , , ,, , 
09:51:38,-0.5,0.0,-0.24,0.07,-0.08,-0.44,0.1,0.4,-0.83,-0.17,1.49, , , , , ,729.0,728.8,400.0,200.0, , , , , ,, , 
09:51:41,-0.38,0.06,-0.29,0.03,0.01,-0.21,0.17,0.28,-0.64,-0.01,1.48, , , , , ,729.0,728.8,300.0,200.0, , , , , ,, , 
09:51:44,-0.46,0.03,-0.27,0.02,0.25,-0.25,0.14,0.26,-0.86,-0.07,1.64, , , , , ,728.8,728.78,500.0,100.0, , , , , ,, , 
09:51:47,-0.28,0.3,-0.24,0.17,0.36,-0.08,0.5,-0.03,-0.54,0.22,1.57, , , , , ,728.88,728.78,200.0,100.0, , , , , ,, , 
09:51:50,0.11,0.56,-0.08,0.34,0.54,0.17,0.73,0.03,0.24,0.6,1.57, , , , , ,728.88,728.78,100.0,100.0, , , , , ,, , 
09:51:53,0.16,0.49,-0.15,0.23,0.74,0.14,0.51,0.21,0.5,0.73,1.69, , , , , ,728.78,728.77,100.0,100.0, , , , , ,, , 
09:51:56,0.27,0.63,-0.07,0.39,0.7,0.4,0.64,0.2,0.49,0.86,1.68,1000.0,728.79,728.79,1000.0,53.0,728.88,728.77,100.0,100.0,-193.46,-0.27, ,2018-05-14 09:51:56.731000,2018-05-14 09:51:56.731000,, , 
09:51:59,0.14,0.67,-0.15,0.43,0.71,0.25,0.64,0.38,0.33,0.93,1.73, , , , , ,728.9,728.8,100.0,98.0, , , , , ,, , 
09:52:02,-0.04,0.62,-0.15,0.32,0.88,-0.02,0.61,0.35,0.06,0.93,1.85, , , , , ,728.9,728.8,100.0,98.0, , , , , ,, , 
09:52:05,0.14,0.67,-0.04,0.4,0.75,0.13,0.68,0.28,0.32,0.94,1.97, , , , , ,728.9,728.8,100.0,398.0, , , , , ,, , 
09:52:08,0.02,0.6,-0.14,0.29,0.79,-0.06,0.6,0.4,0.27,0.89,2.2, , , , , ,729.0,728.5,500.0,12298.0, , , , , ,, , 
09:52:11,-0.38,0.36,-0.23,0.23,0.72,-0.46,0.26,0.16,-0.46,0.6,2.27, , , , , ,729.0,728.5,200.0,11898.0, , , , , ,, , 
09:52:14,-0.47,0.26,-0.19,0.13,0.42,-0.55,0.17,0.01,-0.66,0.47,2.23, , , , , ,729.0,728.65,900.0,100.0, , , , , ,, , 
09:52:17,-0.59,0.06,-0.35,0.02,0.56,-0.75,-0.08,-0.06,-0.68,0.24,2.33, , , , , ,729.0,728.65,900.0,100.0, , , , , ,, , 
09:52:20,-0.57,0.07,-0.39,0.12,0.53,-0.46,-0.02,-0.22,-0.85,0.1,2.25, , , , , ,729.0,728.88,900.0,100.0, , , , , ,, , 
09:52:23,-0.37,0.24,-0.28,0.21,0.59,-0.3,0.27,-0.01,-0.54,0.25,2.39, , , , , ,729.0,728.65,500.0,400.0, , , , , ,, , 
09:52:26,-0.13,0.28,-0.16,0.25,0.49,-0.13,0.46,0.04,-0.1,0.14,2.42, , , , , ,729.0,728.65,400.0,100.0, , , , , ,, , 
09:52:29,-0.11,0.28,-0.19,0.26,0.47,-0.21,0.39,0.38,0.07,0.18,2.58, , , , , ,729.0,728.5,200.0,10598.0, , , , , ,, , 
09:52:32,0.1,0.52,-0.02,0.49,0.43,0.11,0.69,0.47,0.2,0.39,2.65, , , , , ,729.0,728.51,200.0,2000.0, , , , , ,, , 
09:52:35,0.2,0.77,-0.06,0.58,0.29,0.28,0.96,0.27,0.37,0.76,2.45, , , , , ,729.02,729.0,900.0,100.0, , , , , ,, , 
09:52:38,0.28,0.74,-0.03,0.57,0.54,0.29,0.9,0.55,0.57,0.75,2.79, , , , , ,729.0,728.6,100.0,200.0, , , , , ,, , 
09:52:41,0.33,0.89,0.01,0.61,0.39,0.44,1.11,0.43,0.54,0.94,2.62, , , , , ,729.02,728.6,800.0,200.0, , , , , ,, , 
09:52:44,0.38,0.98,0.09,0.66,-0.05,0.33,1.19,0.05,0.71,1.07,2.38, , , , , ,729.02,729.0,400.0,100.0, , , , , ,, , 
09:52:47,0.25,1.06,-0.06,0.7,-0.65,0.38,1.28,-0.46,0.43,1.21,2.05, , , , , ,729.4,729.16,600.0,200.0, , , , , ,, , 
09:52:50,0.44,1.11,0.04,0.78,-0.59,0.48,1.28,-0.47,0.81,1.26,2.11, , , , , ,729.4,729.16,400.0,300.0, , , , , ,, , 
09:52:53,0.34,0.94,0.1,0.65,-0.56,0.29,1.15,-0.55,0.63,1.02,2.18, , , , , ,729.4,729.28,500.0,100.0, , , , , ,, , 
09:52:56,0.38,1.01,0.2,0.77,-0.53,0.36,1.27,-0.32,0.58,1.0,2.17, , , , , ,729.7,729.0,500.0,2200.0, , , , , ,, , 
09:52:59,0.49,1.07,0.35,0.81,-0.33,0.4,1.41,-0.2,0.71,0.99,2.13, , , , , ,729.7,729.04,200.0,300.0, , , , , ,, , 
09:53:02,0.4,0.9,0.11,0.75,-0.44,0.3,1.16,-0.19,0.79,0.78,2.07, , , , , ,729.7,729.16,300.0,198.0, , , , , ,, , 
09:53:05,0.08,0.65,-0.04,0.56,-1.02,-0.04,0.89,-0.75,0.31,0.49,1.58, , , , , ,729.9,729.7,2400.0,300.0, , , , , ,, , 
09:53:08,0.19,0.75,0.23,0.83,0.07,0.18,1.04,0.15,0.15,0.39,2.71, , , , , ,729.0,728.99,402.0,300.0, , , , , ,, , 
09:53:11,0.38,0.79,0.32,0.71,-0.29,0.47,1.09,0.14,0.36,0.56,2.6, , , , , ,729.16,729.0,100.0,298.0, , , , , ,, , 
09:53:14,0.21,0.57,0.08,0.59,-0.53,0.26,0.87,0.05,0.3,0.26,2.4, , , , , ,729.28,729.16,300.0,100.0, , , , , ,, , 
09:53:17,0.08,0.57,0.05,0.55,-0.6,0.16,0.97,0.36,0.02,0.18,2.4, , , , , ,729.28,729.16,100.0,100.0, , , , , ,, , 
09:53:20,0.0,0.5,0.03,0.51,-0.89,-0.02,0.89,0.29,0.0,0.09,1.96, , , , , ,729.7,729.16,200.0,600.0, , , , , ,, , 
09:53:23,-0.38,0.33,-0.15,0.35,-0.84,-0.47,0.56,0.34,-0.52,0.07,1.94, , , , , ,729.7,729.16,200.0,500.0, , , , , ,, , 
09:53:26,-0.62,0.15,-0.18,0.41,-0.12,-0.69,0.21,1.16,-0.98,-0.18,2.59, , , , , ,729.0,728.88,1002.0,100.0, , , , , ,, , 
09:53:29,-0.45,0.25,-0.07,0.42,0.12,-0.41,0.44,1.21,-0.87,-0.11,2.45, , , , , ,729.0,728.88,202.0,300.0, , , , , ,, , 
09:53:32,-0.22,0.29,-0.19,0.39,0.03,-0.22,0.42,1.08,-0.25,0.06,2.11, , , , , ,729.16,729.0,100.0,498.0, , , , , ,, , 
09:53:35,-0.51,0.13,-0.42,0.23,-0.18,-0.55,0.16,0.76,-0.54,0.01,1.37, , , , , ,729.5,729.16,100.0,300.0, , , , , ,, , 
09:53:38,-0.47,0.07,-0.42,0.19,-0.44,-0.39,0.18,0.51,-0.6,-0.17,0.7, , , , , ,729.88,729.16,100.0,200.0, , , , , ,, , 
09:53:41,-0.74,-0.07,-0.39,0.09,0.39,-0.79,0.04,1.45,-1.03,-0.35,1.52, , , , , ,728.88,728.8,4102.0,98.0, , , , , ,, , 
09:53:44,-0.79,-0.17,-0.55,0.07,0.47,-0.71,0.01,1.56,-1.12,-0.58,1.82, , , , , ,728.88,728.53,2402.0,798.0, , , , , ,, , 
09:53:47,-0.65,-0.08,-0.43,0.1,0.14,-0.63,-0.02,1.31,-0.88,-0.33,1.79, , , , , ,728.88,728.8,102.0,100.0, , , , , ,, , 
09:53:50,-0.65,-0.17,-0.6,-0.03,0.13,-0.68,-0.09,1.23,-0.65,-0.39,1.88, , , , , ,728.88,728.8,102.0,100.0, , , , , ,, , 
09:53:53,-0.71,-0.02,-0.73,0.06,-0.12,-0.84,0.04,0.92,-0.54,-0.16,1.39, , , , , ,729.16,728.88,2102.0,200.0, , , , , ,, , 
09:53:56,-0.5,0.13,-0.56,0.23,0.14,-0.65,0.25,0.98,-0.29,-0.09,1.06, , , , , ,729.16,728.88,402.0,500.0, , , , , ,, , 
09:53:59,-0.52,0.15,-0.54,0.24,0.34,-0.55,0.2,1.03,-0.48,0.01,0.89, , , , , ,729.16,728.8,2.0,100.0, , , , , ,, , 
09:54:02,-0.54,0.07,-0.81,0.21,-0.26,-0.3,0.07,0.41,-0.52,-0.07,0.03, , , , , ,729.5,729.46,3200.0,98.0, , , , , ,, , 
09:54:05,-0.43,0.05,-0.63,0.17,0.42,-0.42,0.17,1.07,-0.25,-0.19,0.98, , , , , ,729.0,728.88,6910.0,100.0, , , , , ,, , 
09:54:08,-0.58,-0.01,-0.62,0.05,0.41,-0.63,0.05,1.11,-0.48,-0.12,1.48, , , , , ,729.0,728.6,6810.0,100.0, , , , , ,, , 
09:54:11,-0.77,-0.09,-0.66,0.03,0.34,-0.91,-0.17,1.0,-0.73,-0.13,1.63, , , , , ,729.0,728.88,5810.0,100.0, , , , , ,, , 
09:54:14,-0.85,-0.1,-0.76,0.03,0.62,-0.81,-0.2,1.19,-0.98,-0.14,2.17, , , , , ,729.0,728.6,5810.0,100.0, , , , , ,, , 
09:54:17,-0.47,0.17,-0.57,0.2,0.94,-0.6,0.16,1.34,-0.23,0.17,2.31, , , , , ,729.0,728.6,5710.0,200.0, , , , , ,, , 
09:54:20,-0.47,0.09,-0.58,0.02,1.45,-0.53,0.15,1.82,-0.31,0.12,2.66, , , , , ,728.59,728.58,2.0,200.0, , , , , ,, , 
09:54:23,-0.79,-0.07,-0.58,-0.04,1.01,-0.8,-0.11,1.35,-0.98,-0.07,2.21, , , , , ,729.0,728.89,4910.0,298.0, , , , , ,, , 
09:54:26,-0.43,0.3,-0.39,0.36,1.15,-0.41,0.33,1.39,-0.5,0.21,2.23, , , , , ,729.0,728.89,1710.0,198.0, , , , , ,, , 
09:54:29,0.12,0.5,-0.13,0.51,1.21,0.2,0.59,1.43,0.29,0.41,2.27, , , , , ,729.0,728.89,610.0,198.0, , , , , ,, , 
09:54:32,0.29,0.7,-0.19,0.54,0.85,0.42,0.78,1.0,0.64,0.79,1.9, , , , , ,729.5,729.0,2410.0,1800.0, , , , , ,, , 
09:54:35,0.22,0.74,-0.18,0.54,0.86,0.46,0.73,1.01,0.36,0.96,1.91, , , , , ,729.5,729.0,1810.0,1400.0, , , , , ,, , 
09:54:38,0.22,0.72,-0.14,0.57,0.71,0.55,0.8,0.85,0.25,0.81,1.78, , , , , ,729.84,728.89,200.0,98.0, , , , , ,, , 
09:54:41,0.11,0.52,0.02,0.45,1.3,0.3,0.57,1.42,0.01,0.54,2.36, , , , , ,729.0,728.89,1311.0,98.0, , , , , ,, , 
09:54:44,-0.12,0.28,-0.14,0.32,1.23,0.07,0.26,1.42,-0.29,0.26,2.37, , , , , ,729.0,728.89,1311.0,98.0, , , , , ,, , 
09:54:47,0.07,0.34,-0.04,0.35,1.17,0.17,0.2,1.43,0.08,0.46,2.42, , , , , ,729.0,728.87,411.0,298.0, , , , , ,, , 
09:54:50,0.14,0.41,-0.01,0.39,1.1,0.19,0.39,1.43,0.25,0.47,2.46, , , , , ,729.0,728.87,211.0,298.0, , , , , ,, , 
09:54:53,0.13,0.4,-0.08,0.33,1.03,0.17,0.42,1.47,0.29,0.45,2.33, , , , , ,729.0,728.87,911.0,298.0, , , , , ,, , 
09:54:56,-0.15,0.21,-0.12,0.15,1.09,-0.16,0.29,1.52,-0.17,0.2,2.21, , , , , ,729.0,728.87,1011.0,298.0, , , , , ,, , 
09:54:59,-0.43,0.19,-0.56,0.2,0.09,-0.27,0.2,0.6,-0.45,0.17,1.05, , , , , ,729.84,729.5,200.0,198.0, , , , , ,, , 
09:55:02,-0.29,0.3,-0.44,0.29,0.57,-0.11,0.4,1.15,-0.34,0.22,1.51, , , , , ,729.84,728.89,200.0,598.0, , , , , ,, , 
09:55:05,0.03,0.4,-0.2,0.45,0.72,0.2,0.47,1.5,0.1,0.28,1.94, , , , , ,729.5,728.89,100.0,696.0, , , , , ,, , 
09:55:08,-0.03,0.26,-0.1,0.39,1.15,-0.0,0.28,2.17,-0.0,0.12,2.71, , , , , ,728.89,728.66,904.0,500.0, , , , , ,, , 
09:55:11,-0.14,0.28,-0.1,0.43,0.8,-0.11,0.28,1.82,-0.2,0.15,2.5, , , , , ,729.5,728.66,104.0,500.0, , , , , ,, , 
09:55:14,-0.06,0.28,-0.36,0.33,-0.03,0.08,0.26,1.04,0.09,0.24,1.68, , , , , ,729.89,729.5,300.0,196.0, , , , , ,, , 
09:55:17,0.02,0.33,-0.25,0.44,0.42,0.07,0.34,1.45,0.23,0.22,2.0, , , , , ,729.89,729.05,204.0,300.0, , , , , ,, , 
09:55:20,-0.01,0.3,-0.35,0.37,0.29,0.1,0.33,1.21,0.22,0.2,1.69, , , , , ,729.89,729.5,104.0,200.0, , , , , ,, , 
09:55:23,-0.41,0.26,-0.66,0.34,0.33,-0.39,0.23,1.19,-0.17,0.2,1.69, , , , , ,729.89,729.5,4.0,100.0, , , , , ,, , 
09:55:26,-0.34,0.25,-0.71,0.42,0.12,-0.4,0.14,0.98,0.09,0.19,1.48, , , , , ,729.89,729.84,4.0,300.0, , , , , ,, , 
09:55:29,0.06,0.41,-0.41,0.54,0.16,-0.11,0.45,1.04,0.69,0.23,1.5, , , , , ,729.89,729.84,4.0,200.0, , , , , ,, , 
09:55:32,0.19,0.47,-0.37,0.51,0.16,0.04,0.59,1.12,0.91,0.3,1.52, , , , , ,729.89,729.84,4.0,200.0, , , , , ,, , 
09:55:35,0.12,0.44,-0.34,0.49,0.12,-0.0,0.53,1.23,0.7,0.31,1.5, , , , , ,729.9,729.89,2800.0,96.0, , , , , ,, , 
09:55:38,0.16,0.42,-0.35,0.44,0.12,0.2,0.51,1.29,0.63,0.32,1.5, , , , , ,729.9,729.89,2800.0,196.0, , , , , ,, , 
09:55:41,0.24,0.44,-0.22,0.52,0.12,0.39,0.57,1.13,0.55,0.24,1.5, , , , , ,729.9,729.89,2700.0,396.0, , , , , ,, , 
09:55:44,0.14,0.36,-0.19,0.42,0.12,0.26,0.55,1.16,0.35,0.1,1.52, , , , , ,729.9,729.89,2600.0,496.0, , , , , ,, , 
09:55:47,-0.33,0.04,-0.57,0.14,0.39,-0.16,0.18,1.48,-0.25,-0.2,1.8, , , , , ,729.89,729.5,9900.0,300.0, , , , , ,, , 
09:55:50,-0.58,-0.17,-0.66,0.1,0.42,-0.55,-0.21,1.58,-0.53,-0.4,1.87, , , , , ,729.84,729.5,200.0,400.0, , , , , ,, , 
09:55:53,-0.65,-0.13,-0.74,0.08,0.42,-0.64,-0.1,1.7,-0.57,-0.37,1.88, , , , , ,729.89,729.5,10100.0,198.0, , , , , ,, , 
09:55:56,-0.48,0.05,-0.57,0.14,0.49,-0.49,0.23,1.7,-0.38,-0.23,1.92, , , , , ,729.89,729.5,5300.0,198.0, , , , , ,, , 
09:55:59,-0.28,0.32,-0.39,0.22,0.34,-0.37,0.5,1.46,-0.08,0.23,1.77, , , , , ,729.89,729.84,4500.0,100.0, , , , , ,, , 
09:56:02,-0.41,0.14,-0.55,0.16,0.72,-0.44,0.28,1.73,-0.23,-0.02,2.08, , , , , ,729.86,729.5,400.0,198.0, , , , , ,, , 
09:56:05,-0.25,0.15,-0.32,0.24,0.56,-0.26,0.2,1.48,-0.18,0.02,1.85, , , , , ,729.89,729.86,3600.0,300.0, , , , , ,, , 
09:56:08,-0.03,0.48,-0.19,0.57,1.24,-0.03,0.6,2.08,0.12,0.28,2.48, , , , , ,729.86,729.05,1555.0,300.0, , , , , ,, , 
09:56:11,0.0,0.53,-0.38,0.51,1.32,0.04,0.65,2.09,0.35,0.43,2.55, , , , , ,729.84,729.05,100.0,100.0, , , , , ,, , 
09:56:14,0.02,0.43,-0.46,0.35,0.78,0.28,0.53,1.49,0.23,0.39,2.01, , , , , ,729.89,729.88,3200.0,200.0, , , , , ,, , 
09:56:17,-0.03,0.31,-0.51,0.24,0.88,0.02,0.31,1.48,0.41,0.38,2.08, , , , , ,729.89,729.88,500.0,400.0, , , , , ,, , 
09:56:20,0.06,0.39,-0.32,0.23,0.94,0.12,0.43,1.32,0.39,0.52,2.13, , , , , ,729.9,729.88,4.0,698.0, , , , , ,, , 
09:56:23,-0.05,0.36,-0.5,0.25,0.79,0.08,0.28,1.17,0.28,0.56,1.69, , , , , ,729.99,729.98,1500.0,100.0, , , , , ,, , 
09:56:26,-0.09,0.28,-0.53,0.22,0.85,0.07,0.25,1.19,0.2,0.36,1.4, , , , , ,729.99,729.93,1500.0,400.0, , , , , ,, , 
09:56:29,0.24,0.52,-0.17,0.3,0.88,0.24,0.43,1.01,0.66,0.82,1.23, , , , , ,730.0,729.98,18389.0,100.0, , , , , ,, , 
09:56:32,0.44,0.69,-0.07,0.41,0.95,0.35,0.76,0.86,1.04,0.88,0.86, , , , , ,730.0,729.98,18389.0,400.0, , , , , ,, , 
09:56:35,0.38,0.59,-0.1,0.28,1.1,0.12,0.62,0.47,1.12,0.86,1.07, , , , , ,729.99,729.98,100.0,400.0, , , , , ,, , 
09:56:38,0.17,0.38,-0.18,0.27,1.18,0.1,0.35,0.09,0.6,0.52,1.3, , , , , ,729.98,729.96,1600.0,100.0, , , , , ,, , 
09:56:41,0.4,0.6,0.02,0.32,1.0,0.3,0.58,-0.08,0.88,0.9,1.29, , , , , ,730.0,729.99,14989.0,100.0, , , , , ,, , 
09:56:44,0.57,0.74,0.11,0.45,1.06,0.42,0.75,0.09,1.17,1.03,1.59, , , , , ,730.0,729.93,14089.0,500.0, , , , , ,, , 
09:56:47,0.84,1.07,0.27,0.56,1.08,0.78,1.22,0.21,1.49,1.44,1.55,500.0,730.0,730.0,500.0,553.0,730.0,729.98,7489.0,100.0, , , ,2018-05-14 09:56:47.732000,2018-05-14 09:56:47.732000,, , 
09:56:50,0.99,1.25,0.34,0.72,1.17,0.95,1.29,0.33,1.67,1.75,1.58,500.0,730.0,730.0,500.0,1053.0,730.0,729.93,3189.0,600.0, , , ,2018-05-14 09:56:50.711000,2018-05-14 09:56:50.711000,, , 
09:56:53,1.18,1.39,0.56,0.84,1.29,1.11,1.29,0.06,1.88,2.04,1.54,500.0,730.0,0.0,0.0,1053.0,730.0,729.98,89.0,400.0, , , ,2018-05-14 09:56:53.736000,2018-05-14 09:56:53.735000,, , 
09:56:56,1.36,1.65,0.85,1.1,1.18,1.16,1.57,-0.37,2.07,2.28,1.41, , , , , ,730.12,730.02,105.0,2900.0, , , , , ,, , 
09:56:59,1.45,1.67,0.87,1.05,1.05,1.3,1.61,-0.72,2.19,2.34,1.1,500.0,730.2,730.2,500.0,1553.0,730.2,730.12,1700.0,800.0, , , ,2018-05-14 09:56:59.744000,2018-05-14 09:56:59.743000,, , 
09:57:02,1.41,1.62,0.75,1.17,0.99,1.28,1.65,-0.98,2.22,2.05,0.82,500.0,730.35,730.35,400.0,1953.0,730.35,730.09,400.0,300.0, , , ,2018-05-14 09:57:02.728000,2018-05-14 09:57:02.728000,, , 
09:57:05,1.46,1.71,0.77,1.27,0.82,1.39,1.58,-0.96,2.21,2.27,0.22, , , , , ,730.36,730.35,300.0,100.0, , , , , ,, , 
09:57:08,1.26,1.52,0.58,1.1,0.76,1.25,1.36,-0.73,1.94,2.12,-0.27,500.0,730.42,730.42,100.0,2053.0,730.42,730.4,100.0,200.0, , , ,2018-05-14 09:57:08.732000,2018-05-14 09:57:08.732000,, , 
09:57:11,1.25,1.4,0.53,0.86,0.73,1.15,1.32,-0.43,2.07,2.02,-0.54, , , , , ,730.46,730.42,500.0,400.0, , , , , ,, , 
09:57:14,1.11,1.33,0.53,0.92,0.75,0.95,1.29,-0.07,1.85,1.79,-0.71, , , , , ,730.5,730.35,100.0,498.0, , , , , ,, , 
09:57:17,1.05,1.31,0.53,0.8,0.57,1.0,1.15,-0.09,1.63,1.98,-0.89, , , , , ,730.6,730.5,400.0,400.0, , , , , ,, , 
09:57:20,1.03,1.36,0.52,0.86,0.22,0.99,1.19,-0.24,1.57,2.01,-1.09, , , , , ,730.88,730.51,100.0,400.0, , , , , ,, , 
09:57:23,0.82,1.21,0.37,0.75,0.27,0.76,1.08,-0.12,1.33,1.81,-1.05, , , , , ,730.88,730.41,100.0,200.0, , , , , ,, , 
09:57:26,0.49,1.0,0.29,0.65,0.61,0.51,0.87,0.27,0.66,1.5,-0.81, , , , , ,730.4,730.35,100.0,398.0, , , , , ,, , 
09:57:29,0.37,0.92,0.26,0.61,0.15,0.45,0.65,-0.02,0.39,1.49,-1.37, , , , , ,730.88,730.35,100.0,398.0, , , , , ,, , 
09:57:32,0.49,1.02,0.19,0.69,-0.35,0.53,0.81,-0.34,0.75,1.58,-1.97, , , , , ,731.0,730.76,15500.0,100.0, , , , , ,, , 
09:57:35,0.83,1.2,0.33,0.77,-0.75,0.79,1.05,-0.33,1.37,1.78,-2.23, , , , , ,731.0,730.76,15500.0,100.0, , , , , ,, , 
09:57:38,0.67,1.11,0.24,0.74,-1.04,0.53,0.95,-0.17,1.23,1.64,-2.34, , , , , ,730.9,730.68,100.0,600.0, , , , , ,, , 
09:57:41,0.11,0.8,0.06,0.64,-1.15,0.12,0.57,-0.15,0.14,1.19,-2.5, , , , , ,730.88,730.68,100.0,100.0, , , , , ,, , 
09:57:44,-0.21,0.45,-0.02,0.51,-0.56,-0.15,0.26,0.31,-0.45,0.57,-2.14, , , , , ,730.88,730.0,100.0,2298.0, , , , , ,, , 
09:57:47,-0.15,0.46,-0.08,0.5,-1.11,-0.18,0.33,-0.35,-0.2,0.56,-2.93, , , , , ,731.0,730.9,14300.0,100.0, , , , , ,, , 
09:57:50,0.08,0.5,-0.04,0.27,-1.02,0.0,0.39,-0.31,0.27,0.85,-3.0, , , , , ,731.0,730.9,14100.0,100.0, , , , , ,, , 
09:57:53,0.2,0.81,0.11,0.64,-1.24,0.16,0.61,-0.41,0.32,1.18,-3.04, , , , , ,731.0,730.88,8500.0,2900.0, , , , , ,, , 
09:57:56,0.3,0.92,0.28,0.68,-1.49,0.29,0.73,-0.46,0.33,1.35,-3.08, , , , , ,730.9,730.88,300.0,3000.0, , , , , ,, , 
09:57:59,0.26,0.74,0.18,0.49,-1.8,0.32,0.6,-0.69,0.3,1.12,-3.23, , , , , ,730.99,730.9,100.0,100.0, , , , , ,, , 
09:58:02,0.29,0.67,0.12,0.53,-1.96,0.29,0.59,-0.65,0.44,0.91,-3.34, , , , , ,730.99,730.88,400.0,3098.0, , , , , ,, , 
09:58:05,0.26,0.7,0.14,0.6,-1.83,0.29,0.52,-0.53,0.34,0.98,-3.52, , , , , ,731.0,730.99,6900.0,100.0, , , , , ,, , 
09:58:08,0.36,0.82,0.23,0.67,-1.46,0.26,0.51,-0.26,0.6,1.29,-3.58, , , , , ,730.99,730.9,100.0,8000.0, , , , , ,, , 
09:58:11,0.55,0.94,0.29,0.67,-1.19,0.39,0.75,-0.13,0.97,1.42,-3.79, , , , , ,731.0,730.99,6800.0,600.0, , , , , ,, , 
09:58:14,0.42,0.8,0.16,0.49,-0.79,0.29,0.59,-0.05,0.83,1.3,-3.83, , , , , ,731.0,730.9,5200.0,5600.0, , , , , ,, , 
09:58:17,0.17,0.63,-0.06,0.43,-0.7,0.13,0.43,-0.1,0.45,1.04,-3.96, , , , , ,731.0,730.99,5700.0,100.0, , , , , ,, , 
09:58:20,0.06,0.52,-0.01,0.36,-0.58,0.02,0.39,-0.01,0.16,0.8,-3.92, , , , , ,731.0,730.88,4800.0,798.0, , , , , ,, , 
09:58:23,-0.12,0.3,-0.16,0.35,0.02,-0.22,0.07,0.53,0.01,0.5,-3.42, , , , , ,730.88,730.2,2.0,100.0, , , , , ,, , 
09:58:26,-0.33,0.22,-0.25,0.2,-0.44,-0.5,0.05,0.07,-0.23,0.41,-4.07, , , , , ,730.9,730.88,100.0,398.0, , , , , ,, , 
09:58:29,-0.37,0.14,-0.44,0.11,-0.46,-0.44,0.01,0.02,-0.23,0.29,-4.28, , , , , ,731.0,730.88,5700.0,498.0, , , , , ,, , 
09:58:32,-0.25,0.32,-0.22,0.3,0.12,-0.41,0.27,0.6,-0.12,0.39,-3.72, , , , , ,730.7,730.38,4170.0,300.0, , , , , ,, , 
09:58:35,0.01,0.64,0.01,0.55,0.73,-0.3,0.49,1.22,0.31,0.88,-3.08, , , , , ,730.2,730.01,900.0,200.0, , , , , ,, , 
09:58:38,-0.37,0.64,-0.3,0.64,1.27,-0.72,0.54,1.72,-0.1,0.74,-2.42, , , , , ,729.8,729.68,702.0,100.0, , , , , ,, , 
09:58:41,-0.47,0.54,-0.36,0.56,1.27,-0.78,0.52,1.72,-0.27,0.54,-2.29, , , , , ,729.8,729.68,302.0,100.0, , , , , ,, , 
09:58:44,-0.42,0.52,-0.45,0.4,0.66,-0.74,0.58,1.11,-0.05,0.58,-3.01, , , , , ,730.7,729.68,3572.0,100.0, , , , , ,, , 
09:58:47,-0.63,0.36,-0.8,0.18,0.33,-0.83,0.42,0.77,-0.25,0.46,-3.49, , , , , ,730.7,730.2,3572.0,100.0, , , , , ,, , 
09:58:50,-0.8,0.18,-0.87,0.09,0.74,-0.84,0.22,1.17,-0.68,0.22,-3.21, , , , , ,730.68,729.68,1472.0,100.0, , , , , ,, , 
09:58:53,-0.65,0.46,-0.5,0.5,0.87,-0.76,0.51,1.45,-0.7,0.38,-3.05, , , , , ,730.68,729.33,1072.0,200.0, , , , , ,, , 
09:58:56,-0.31,0.68,-0.33,0.63,1.44,-0.55,0.76,2.18,-0.06,0.65,-2.28, , , , , ,729.68,729.33,3900.0,400.0, , , , , ,, , 
09:58:59,0.0,0.87,-0.19,0.73,1.28,-0.27,0.95,2.26,0.47,0.93,-1.84, , , , , ,729.68,729.33,2700.0,500.0, , , , , ,, , 
09:59:02,-0.1,0.84,-0.08,0.79,1.32,-0.25,0.84,2.32,0.04,0.89,-1.37, , , , , ,729.68,729.33,2700.0,500.0, , , , , ,, , 
09:59:05,-0.32,0.66,-0.08,0.72,1.5,-0.5,0.74,2.37,-0.36,0.51,-0.81, , , , , ,729.68,729.33,2700.0,300.0, , , , , ,, , 
09:59:08,-0.52,0.61,-0.4,0.65,0.9,-0.55,0.59,1.6,-0.61,0.58,-1.12, , , , , ,730.2,730.0,400.0,3900.0, , , , , ,, , 
09:59:11,-0.64,0.53,-0.82,0.37,0.69,-0.6,0.57,1.24,-0.5,0.65,-1.42, , , , , ,730.6,730.2,800.0,300.0, , , , , ,, , 
09:59:14,-0.62,0.6,-0.77,0.28,0.56,-0.61,0.66,1.16,-0.49,0.84,-1.23, , , , , ,730.6,730.41,200.0,300.0, , , , , ,, , 
09:59:17,-0.44,0.77,-0.83,0.31,0.57,-0.41,0.89,1.23,-0.09,1.11,-0.85, , , , , ,730.6,730.41,200.0,500.0, , , , , ,, , 
09:59:20,-0.37,0.81,-0.8,0.39,0.54,-0.34,0.83,1.25,0.03,1.2,-0.55, , , , , ,730.66,730.41,100.0,100.0, , , , , ,, , 
09:59:23,-0.16,0.8,-0.63,0.36,0.54,-0.11,0.9,0.93,0.26,1.15,-0.29, , , , , ,730.66,730.41,100.0,400.0, , , , , ,, , 
09:59:26,-0.14,0.84,-0.49,0.5,0.42,-0.08,0.9,0.47,0.16,1.12,-0.31, , , , , ,730.67,730.6,400.0,100.0, , , , , ,, , 
09:59:29,-0.2,0.62,-0.46,0.36,0.54,-0.26,0.66,0.43,0.13,0.85,-0.21, , , , , ,730.6,730.54,300.0,300.0, , , , , ,, , 
09:59:32,-0.27,0.53,-0.47,0.29,0.43,-0.23,0.52,-0.07,-0.12,0.77,-0.55, , , , , ,730.67,730.66,200.0,2000.0, , , , , ,, , 
09:59:35,-0.21,0.41,-0.49,0.25,0.45,-0.12,0.35,0.14,-0.01,0.63,-0.69, , , , , ,730.67,730.66,500.0,1700.0, , , , , ,, , 
09:59:38,-0.27,0.44,-0.45,0.35,0.45,-0.25,0.49,0.35,-0.1,0.48,-0.95, , , , , ,730.67,730.66,500.0,1398.0, , , , , ,, , 
09:59:41,-0.18,0.5,-0.38,0.37,0.45,-0.12,0.6,0.36,-0.04,0.55,-1.17, , , , , ,730.67,730.66,600.0,898.0, , , , , ,, , 
09:59:44,-0.18,0.44,-0.35,0.25,0.46,-0.11,0.62,0.63,-0.08,0.46,-1.19, , , , , ,730.67,730.66,800.0,898.0, , , , , ,, , 
09:59:47,0.08,0.52,-0.2,0.27,0.45,0.27,0.7,0.6,0.18,0.59,-1.25, , , , , ,730.69,730.67,200.0,100.0, , , , , ,, , 
09:59:50,0.14,0.57,-0.2,0.4,0.35,0.19,0.79,0.47,0.42,0.51,-1.51, , , , , ,730.85,730.7,100.0,300.0, , , , , ,, , 
09:59:53,0.11,0.52,-0.19,0.32,0.4,0.08,0.69,0.47,0.42,0.56,-1.68, , , , , ,730.87,730.67,600.0,100.0, , , , , ,, , 
09:59:56,-0.19,0.38,-0.36,0.28,1.05,-0.04,0.42,1.06,-0.17,0.45,-1.16, , , , , ,730.66,730.0,100.0,1998.0, , , , , ,, , 
09:59:59,-0.53,0.17,-0.52,0.24,1.13,-0.44,0.12,0.88,-0.63,0.15,-1.17, , , , , ,730.66,730.0,100.0,1998.0, , , , , ,, , 
10:00:02,-0.7,0.05,-0.54,0.18,1.19,-0.83,0.06,0.67,-0.74,-0.09,-1.06, , , , , ,730.66,730.0,100.0,1998.0, , , , , ,, , 
10:00:05,-0.67,0.11,-0.63,0.12,0.48,-0.85,0.09,-0.49,-0.52,0.13,-1.69, , , , , ,730.88,730.87,300.0,4200.0, , , , , ,, , 
10:00:08,-0.57,0.08,-0.6,0.04,0.52,-0.65,0.04,-0.92,-0.47,0.15,-2.0, , , , , ,730.9,730.87,100.0,2900.0, , , , , ,, , 
10:00:11,-0.64,-0.0,-0.67,-0.01,0.52,-0.82,-0.2,-1.2,-0.42,0.21,-2.33, , , , , ,730.97,730.87,100.0,1700.0, , , , , ,, , 
10:00:14,-0.69,-0.05,-0.71,0.01,0.58,-0.91,-0.12,-1.4,-0.45,-0.04,-2.72, , , , , ,730.98,730.87,1900.0,1200.0, , , , , ,, , 
10:00:17,-0.48,0.05,-0.68,0.01,0.66,-0.6,0.01,-1.41,-0.16,0.12,-3.13, , , , , ,730.98,730.88,700.0,100.0, , , , , ,, , 
10:00:20,-0.49,0.01,-0.61,-0.01,0.71,-0.6,-0.0,-1.41,-0.25,0.03,-3.09, , , , , ,730.98,730.87,700.0,900.0, , , , , ,, , 
10:00:23,-0.62,-0.06,-0.61,-0.0,0.4,-0.7,-0.12,-1.44,-0.56,-0.06,-2.97, , , , , ,730.98,730.87,700.0,800.0, , , , , ,, , 
10:00:26,-0.82,-0.2,-0.7,-0.06,0.07,-0.91,-0.16,-1.56,-0.85,-0.39,-2.79,-2000.0,730.96,730.962,-2000.0,53.0,730.98,730.87,700.0,400.0,-68.45,-0.05, ,2018-05-14 10:00:26.759000,2018-05-14 10:00:26.759000,, , 
10:00:29,-0.58,0.07,-0.42,0.19,-0.15,-0.57,0.12,-1.88,-0.76,-0.1,-2.69, , , , , ,731.0,730.99,8602.0,4600.0, , , , , ,, , 
10:00:32,-0.08,0.38,-0.21,0.32,-0.52,-0.12,0.49,-2.13,0.1,0.32,-2.6, , , , , ,731.0,730.99,8602.0,5900.0, , , , , ,, , 
10:00:35,0.08,0.52,-0.14,0.41,-0.31,-0.03,0.67,-2.4,0.41,0.49,-2.46, , , , , ,731.0,730.99,5602.0,4600.0, , , , , ,, , 
10:00:38,0.38,0.81,0.04,0.63,-0.1,0.27,0.85,-2.62,0.85,0.94,-2.29, , , , , ,731.0,730.99,3302.0,4400.0, , , , , ,, , 
10:00:41,0.64,1.01,0.26,0.73,-0.09,0.37,1.05,-2.79,1.29,1.26,-2.37, , , , , ,731.0,730.99,902.0,4600.0, , , , , ,, , 
10:00:44,0.8,1.15,0.38,0.8,0.17,0.66,1.16,-2.9,1.36,1.49,-2.21,500.0,731.0,731.0,489.0,542.0,731.0,730.99,502.0,4500.0, , , ,2018-05-14 10:00:44.700000,2018-05-14 10:00:44.700000,, , 
10:00:47,0.87,1.18,0.38,0.8,0.14,0.66,1.24,-3.04,1.55,1.5,-2.25, , , , , ,731.05,731.0,1000.0,511.0, , , , , ,, , 
10:00:50,1.07,1.35,0.61,0.9,0.12,0.79,1.32,-3.1,1.82,1.83,-2.31,500.0,731.05,731.05,500.0,1042.0,731.05,731.02,100.0,300.0, , , ,2018-05-14 10:00:50.731000,2018-05-14 10:00:50.731000,, , 
10:00:53,1.08,1.34,0.5,0.83,0.06,0.79,1.44,-3.22,1.96,1.75,-2.24,500.0,731.1,731.1,400.0,1442.0,731.1,731.05,100.0,200.0, , , ,2018-05-14 10:00:53.682000,2018-05-14 10:00:53.682000,, , 
10:00:56,0.99,1.18,0.52,0.73,-0.01,0.77,1.37,-3.38,1.67,1.43,-2.38, , , , , ,731.13,731.1,100.0,100.0, , , , , ,, , 
10:00:59,1.02,1.17,0.57,0.75,-0.27,0.88,1.44,-3.54,1.62,1.34,-2.54,500.0,731.2,731.2,400.0,1842.0,731.2,731.13,200.0,2700.0, , , ,2018-05-14 10:00:59.688000,2018-05-14 10:00:59.688000,, , 
10:01:02,1.14,1.23,0.53,0.8,-0.6,1.02,1.49,-3.78,1.88,1.38,-2.75, , , , , ,731.32,731.2,3600.0,100.0, , , , , ,, , 
10:01:05,1.09,1.27,0.51,0.94,-1.02,0.97,1.46,-3.89,1.8,1.4,-2.75,500.0,731.32,731.32,500.0,2342.0,731.32,731.2,3200.0,500.0, , , ,2018-05-14 10:01:05.821000,2018-05-14 10:01:05.821000,, , 
10:01:08,0.63,1.04,0.15,0.77,-1.38,0.57,1.13,-3.96,1.16,1.2,-2.82, , , , , ,731.32,731.13,2600.0,198.0, , , , , ,, , 
10:01:11,0.25,0.92,-0.25,0.74,-1.72,0.14,0.95,-4.21,0.86,1.06,-3.06, , , , , ,731.41,731.2,100.0,200.0, , , , , ,, , 
10:01:14,0.47,0.96,0.07,0.77,-2.08,0.47,1.14,-4.48,0.87,0.99,-3.34, , , , , ,731.45,731.4,100.0,200.0, , , , , ,, , 
10:01:17,0.63,0.97,0.06,0.81,-2.12,0.52,1.03,-4.58,1.31,1.06,-3.49, , , , , ,731.5,731.4,2300.0,500.0, , , , , ,, , 
10:01:20,0.53,0.92,0.04,0.71,-2.12,0.47,1.04,-4.62,1.08,1.01,-3.49, , , , , ,731.5,731.4,1100.0,300.0, , , , , ,, , 
10:01:23,0.42,0.86,0.05,0.72,-2.19,0.38,0.96,-4.7,0.83,0.91,-3.44, , , , , ,731.5,731.45,1200.0,200.0, , , , , ,, , 
10:01:26,0.47,1.08,0.27,1.05,-0.97,0.24,1.01,-3.52,0.91,1.17,-1.96, , , , , ,731.2,729.78,800.0,1898.0, , , , , ,, , 
10:01:29,0.41,1.08,0.06,1.2,-1.19,0.36,1.17,-3.67,0.82,0.87,-1.95, , , , , ,731.2,729.78,1300.0,1898.0, , , , , ,, , 
10:01:32,0.07,0.66,-0.21,0.71,-2.27,-0.03,0.74,-4.47,0.45,0.53,-2.78, , , , , ,731.2,730.99,1100.0,200.0, , , , , ,, , 
10:01:35,0.04,0.6,-0.14,0.78,-1.56,-0.14,0.64,-3.46,0.42,0.39,-1.74, , , , , ,730.99,729.78,100.0,1798.0, , , , , ,, , 
10:01:38,-0.0,0.62,-0.19,0.86,-2.76,-0.19,0.65,-4.28,0.36,0.35,-2.85, , , , , ,731.2,731.0,1300.0,100.0, , , , , ,, , 
10:01:41,-0.19,0.42,-0.56,0.43,-2.94,-0.27,0.51,-4.13,0.26,0.32,-2.84, , , , , ,731.19,731.0,100.0,100.0, , , , , ,, , 
10:01:44,-0.3,0.38,-0.53,0.49,-3.1,-0.36,0.4,-4.3,-0.01,0.27,-2.87, , , , , ,731.15,731.13,100.0,200.0, , , , , ,, , 
10:01:47,-0.21,0.55,-0.48,0.59,-3.22,-0.24,0.65,-4.46,0.09,0.41,-3.14, , , , , ,731.19,731.13,100.0,200.0, , , , , ,, , 
10:01:50,-0.11,0.54,-0.55,0.53,-3.19,-0.21,0.66,-4.45,0.44,0.44,-3.13, , , , , ,731.19,731.0,100.0,100.0, , , , , ,, , 
10:01:53,-0.2,0.37,-0.61,0.38,-3.24,-0.31,0.43,-4.53,0.32,0.29,-3.2, , , , , ,731.18,731.0,300.0,100.0, , , , , ,, , 
10:01:56,-0.23,0.34,-0.37,0.32,-3.38,-0.29,0.43,-4.48,-0.02,0.25,-3.3, , , , , ,731.13,731.1,100.0,100.0, , , , , ,, , 
10:01:59,-0.15,0.36,-0.39,0.37,-3.46,-0.21,0.36,-4.04,0.15,0.34,-3.21, , , , , ,731.12,731.1,400.0,200.0, , , , , ,, , 
10:02:02,-0.2,0.39,-0.28,0.51,-2.83,-0.16,0.3,-2.81,-0.16,0.37,-2.35, , , , , ,731.12,730.0,600.0,300.0, , , , , ,, , 
10:02:05,-0.17,0.43,-0.36,0.5,-2.83,-0.21,0.5,-2.16,0.07,0.28,-2.16, , , , , ,730.97,730.0,200.0,400.0, , , , , ,, , 
10:02:08,-0.2,0.48,-0.3,0.62,-2.17,-0.36,0.61,-0.86,0.05,0.22,-1.26, , , , , ,730.0,729.81,1200.0,100.0, , , , , ,, , 
10:02:11,-0.24,0.55,-0.32,0.7,-2.3,-0.5,0.71,-0.75,0.08,0.24,-1.19, , , , , ,730.0,729.81,1100.0,100.0, , , , , ,, , 
10:02:14,-0.23,0.68,-0.4,0.87,-2.38,-0.48,0.86,-0.39,0.18,0.32,-1.14, , , , , ,730.0,729.78,100.0,1998.0, , , , , ,, , 
10:02:17,-0.25,0.57,-0.43,0.67,-2.46,-0.5,0.71,-0.03,0.19,0.34,-1.13, , , , , ,729.99,729.81,100.0,100.0, , , , , ,, , 
10:02:20,-0.3,0.5,-0.34,0.49,-2.5,-0.53,0.73,0.32,-0.04,0.28,-1.12, , , , , ,729.99,729.81,100.0,100.0, , , , , ,, , 
10:02:23,-0.52,0.34,-0.56,0.2,-2.53,-0.78,0.62,0.59,-0.21,0.21,-1.11, , , , , ,729.97,729.81,100.0,100.0, , , , , ,, , 
10:02:26,-0.85,0.0,-0.93,-0.15,-2.58,-0.97,0.13,0.84,-0.65,0.03,-0.94, , , , , ,729.81,729.78,900.0,1898.0, , , , , ,, , 
10:02:29,-0.92,-0.16,-0.89,-0.31,-2.38,-1.11,0.02,1.19,-0.77,-0.19,-0.46, , , , , ,729.78,729.31,2102.0,300.0, , , , , ,, , 
10:02:32,-1.01,-0.22,-1.05,-0.35,-1.94,-1.14,-0.04,1.41,-0.85,-0.28,0.01,-2300.0,729.35,0.0,-0.0,2342.0,729.37,729.1,200.0,100.0, , , ,2018-05-14 10:02:32.781000,2018-05-14 10:02:32.781000,, , 
10:02:35,-0.9,-0.04,-0.77,-0.13,-1.82,-1.09,0.1,1.34,-0.82,-0.1,0.12, , , , , ,729.31,729.05,100.0,100.0, , , , , ,, , 
10:02:38,-0.86,0.06,-0.83,0.03,-1.44,-0.97,0.1,1.3,-0.79,0.04,0.34, , , , , ,729.05,729.0,200.0,1600.0, , , , , ,, , 
10:02:41,-0.77,0.03,-0.74,-0.13,-1.1,-0.8,0.2,1.29,-0.77,0.02,0.48, , , , , ,728.9,728.85,100.0,100.0, , , , , ,, , 
10:02:44,-0.88,0.09,-0.68,0.06,-1.0,-1.07,0.15,1.48,-0.88,0.05,0.69, , , , , ,728.85,728.6,200.0,200.0, , , , , ,, , 
10:02:47,-0.8,0.29,-0.53,0.13,-1.33,-0.97,0.51,1.22,-0.91,0.23,0.49, , , , , ,728.9,728.85,100.0,300.0, , , , , ,, , 
10:02:50,-0.84,0.23,-0.59,0.11,-1.24,-0.98,0.22,1.27,-0.95,0.38,0.78, , , , , ,728.89,728.6,100.0,200.0, , , , , ,, , 
10:02:53,-0.72,0.26,-0.38,0.03,-1.28,-0.93,0.35,1.15,-0.84,0.39,0.94, , , , , ,728.9,728.52,100.0,100.0, , , , , ,, , 
10:02:56,-0.59,0.45,-0.18,0.41,-0.98,-0.99,0.48,1.27,-0.58,0.45,1.29, , , , , ,728.6,728.51,100.0,1196.0, , , , , ,, , 
10:02:59,-0.58,0.45,-0.23,0.31,-0.54,-0.88,0.49,1.26,-0.61,0.53,1.42, , , , , ,728.6,728.5,404.0,11198.0, , , , , ,, , 
10:03:02,-0.89,0.06,-0.65,-0.08,0.0,-1.04,0.0,1.45,-0.98,0.27,1.52, , , , , ,728.51,728.5,200.0,3898.0, , , , , ,, , 
10:03:05,-1.07,-0.19,-0.8,-0.28,0.74,-1.32,-0.33,1.76,-1.09,0.06,1.71, , , , , ,728.4,728.33,200.0,200.0, , , , , ,, , 
10:03:08,-1.04,-0.22,-0.69,-0.15,1.42,-1.43,-0.39,1.61,-1.0,-0.12,1.76, , , , , ,728.26,728.23,1400.0,500.0, , , , , ,, , 
10:03:11,-1.06,-0.19,-0.74,-0.09,1.62,-1.34,-0.33,1.42,-1.09,-0.16,1.73, , , , , ,728.26,728.1,1400.0,700.0, , , , , ,, , 
10:03:14,-1.04,-0.13,-0.69,-0.01,2.04,-1.3,-0.2,1.1,-1.13,-0.17,1.79, , , , , ,728.23,728.02,100.0,100.0, , , , , ,, , 
10:03:17,-1.02,-0.07,-0.65,0.04,2.51,-1.29,-0.11,0.81,-1.12,-0.14,1.89, , , , , ,728.1,728.0,600.0,13300.0, , , , , ,, , 
10:03:20,-0.76,0.13,-0.28,0.22,2.85,-1.1,0.16,0.85,-0.89,0.02,2.0, , , , , ,728.1,728.01,200.0,200.0, , , , , ,, , 
10:03:23,-0.65,0.38,-0.31,0.25,3.12,-0.96,0.24,0.96,-0.67,0.65,2.14, , , , , ,728.1,728.01,200.0,100.0, , , , , ,, , 
10:03:26,-0.73,0.31,-0.36,0.15,3.29,-0.97,0.18,1.22,-0.86,0.59,2.24, , , , , ,728.02,728.0,200.0,12000.0, , , , , ,, , 
10:03:29,-0.9,0.18,-0.54,-0.04,3.96,-1.25,0.12,2.06,-0.9,0.47,3.07, , , , , ,727.56,727.5,300.0,200.0, , , , , ,, , 
10:03:32,-1.08,-0.14,-0.63,-0.14,3.58,-1.64,-0.32,1.99,-0.98,0.05,3.08, , , , , ,728.0,727.3,10900.0,1300.0, , , , , ,, , 
10:03:35,-0.79,0.26,-0.27,0.42,2.84,-1.33,0.27,1.51,-0.78,0.09,2.73, , , , , ,728.18,728.01,100.0,1900.0, , , , , ,, , 
10:03:38,-0.53,0.44,-0.23,0.59,2.52,-1.04,0.41,1.63,-0.33,0.31,3.0, , , , , ,728.26,728.01,300.0,1500.0, , , , , ,, , 
10:03:41,-0.42,0.41,-0.08,0.4,2.45,-0.91,0.51,1.7,-0.28,0.32,3.34, , , , , ,728.05,728.01,800.0,800.0, , , , , ,, , 
10:03:44,-0.24,0.56,0.2,0.64,2.43,-0.8,0.61,1.85,-0.13,0.43,3.57, , , , , ,728.05,728.01,100.0,400.0, , , , , ,, , 
10:03:47,-0.21,0.69,0.17,0.7,2.73,-0.78,0.81,2.19,-0.03,0.55,4.04, , , , , ,728.0,727.56,1800.0,200.0, , , , , ,, , 
10:03:50,-0.25,0.52,-0.01,0.51,2.59,-0.7,0.51,2.15,-0.04,0.52,4.07, , , , , ,728.0,727.56,1900.0,100.0, , , , , ,, , 
10:03:53,-0.14,0.62,0.04,0.67,2.43,-0.7,0.5,2.28,0.23,0.71,3.9, , , , , ,728.0,727.56,2900.0,198.0, , , , , ,, , 
10:03:56,-0.37,0.42,-0.1,0.38,2.35,-1.05,0.23,2.2,0.05,0.63,4.0, , , , , ,727.99,727.56,100.0,198.0, , , , , ,, , 
10:03:59,-0.38,0.52,-0.1,0.58,1.99,-0.88,0.44,1.77,-0.15,0.53,3.78, , , , , ,728.05,728.0,100.0,1800.0, , , , , ,, , 
10:04:02,-0.83,0.41,-1.03,0.43,0.7,-1.26,0.44,0.27,-0.19,0.36,2.48, , , , , ,729.1,729.0,300.0,2700.0, , , , , ,, , 
10:04:05,-0.9,0.31,-1.08,0.35,0.65,-1.27,0.42,0.11,-0.36,0.17,2.63, , , , , ,729.34,729.0,100.0,3100.0, , , , , ,, , 
10:04:08,-0.96,0.25,-1.04,0.26,0.04,-1.23,0.33,-0.31,-0.61,0.15,2.35, , , , , ,729.78,729.0,100.0,2400.0, , , , , ,, , 
10:04:11,-1.02,0.29,-0.89,0.19,-0.38,-1.28,0.34,-0.58,-0.89,0.36,2.27, , , , , ,730.0,729.0,9922.0,600.0, , , , , ,, , 
10:04:14,-1.23,0.18,-1.11,0.16,-0.62,-1.63,0.18,-0.56,-0.95,0.21,2.5, , , , , ,729.78,729.0,200.0,500.0, , , , , ,, , 
10:04:17,-0.55,0.63,-0.6,0.81,-2.06,-0.99,0.47,-1.72,-0.07,0.6,1.54, , , , , ,730.3,730.0,100.0,21378.0, , , , , ,, , 
10:04:20,0.12,1.03,-0.27,0.84,-2.5,-0.35,0.84,-2.18,0.97,1.42,1.19, , , , , ,730.98,730.0,100.0,21378.0, , , , , ,, , 
10:04:23,-0.04,0.91,-0.38,0.74,-2.39,-0.69,0.47,-2.1,0.96,1.51,1.23, , , , , ,731.0,730.0,8500.0,21078.0, , , , , ,, , 
10:04:26,-0.36,0.71,-0.59,0.39,-1.73,-0.88,0.32,-1.5,0.4,1.41,1.69, , , , , ,730.3,730.0,300.0,20876.0, , , , , ,, , 
10:04:29,-0.48,0.41,-0.6,0.41,-2.01,-0.95,0.4,-1.96,0.12,0.43,1.17, , , , , ,731.0,730.0,8500.0,20176.0, , , , , ,, , 
10:04:32,-0.35,0.36,-0.67,0.5,-1.92,-0.9,0.11,-1.97,0.51,0.47,1.25, , , , , ,731.0,730.0,7400.0,19776.0, , , , , ,, , 
10:04:35,-0.51,0.37,-0.81,0.3,-0.95,-1.25,-0.07,-1.07,0.52,0.87,2.18, , , , , ,730.0,729.78,10824.0,100.0, , , , , ,, , 
10:04:38,-1.06,-0.04,-1.03,0.14,-0.59,-1.52,-0.57,-1.0,-0.62,0.29,2.53, , , , , ,729.99,729.51,100.0,100.0, , , , , ,, , 
10:04:41,-1.15,-0.26,-1.06,0.16,-0.68,-1.77,-0.66,-1.0,-0.64,-0.29,2.68,-2300.0,729.98,0.0,-0.0,2342.0,730.0,729.51,8924.0,100.0, , , ,2018-05-14 10:04:41.723000,2018-05-14 10:04:41.723000,, , 
10:04:44,-0.95,-0.35,-1.1,-0.08,-0.65,-1.49,-0.73,-1.11,-0.28,-0.24,2.58,-2300.0,729.96,0.0,-0.0,2342.0,729.98,729.72,2300.0,200.0, , , ,2018-05-14 10:04:45.320000,2018-05-14 10:04:45.320000,, , 
10:04:47,-0.94,-0.29,-1.05,0.0,-0.64,-1.45,-0.28,-1.33,-0.32,-0.58,2.62, , , , , ,729.96,729.72,2300.0,200.0, , , , , ,, , 
10:04:50,-0.94,-0.27,-0.9,0.11,-0.37,-1.5,-0.42,-1.11,-0.44,-0.49,2.96,-2300.0,729.98,729.98,-1400.0,942.0,730.0,729.23,8924.0,300.0, , , ,2018-05-14 10:04:50.771000,2018-05-14 10:04:50.771000,, , 
10:04:53,-0.81,-0.36,-0.89,0.09,0.09,-1.32,-0.48,-0.84,-0.22,-0.7,3.3,-900.0,729.49,0.0,-0.0,942.0,729.51,729.23,100.0,200.0, , , ,2018-05-14 10:04:54.387000,2018-05-14 10:04:54.386000,, , 
10:04:56,-0.87,-0.32,-0.96,0.08,0.02,-1.33,-0.44,-0.91,-0.34,-0.6,3.25, , , , , ,729.49,729.23,900.0,100.0, , , , , ,, , 
10:04:59,-0.77,-0.3,-0.97,-0.02,-0.38,-1.28,-0.29,-1.14,-0.07,-0.58,2.9,-900.0,729.93,729.93,-100.0,842.0,729.95,729.23,100.0,100.0, , , ,2018-05-14 10:04:59.805000,2018-05-14 10:04:59.805000,, , 
10:05:02,-1.0,-0.44,-0.98,-0.13,-0.45,-1.45,-0.54,-1.01,-0.58,-0.66,2.87,-800.0,729.91,0.0,-0.0,842.0,729.93,729.23,800.0,100.0, , , ,2018-05-14 10:05:03.453000,2018-05-14 10:05:03.453000,, , 
10:05:05,-1.14,-0.56,-1.18,-0.22,-0.63,-1.47,-0.66,-1.1,-0.77,-0.8,2.67,-800.0,729.89,729.93,-300.0,542.0,729.91,729.51,800.0,200.0, , , ,2018-05-14 10:05:06.472000,2018-05-14 10:05:06.472000,, , 
10:05:08,-1.23,-0.69,-1.23,-0.25,-0.73,-1.58,-0.8,-0.97,-0.9,-1.03,2.72,-500.0,729.87,0.0,-0.0,542.0,729.89,729.51,500.0,100.0, , , ,2018-05-14 10:05:09.486000,2018-05-14 10:05:09.486000,, , 
10:05:11,-0.95,-0.36,-0.63,0.2,0.53,-1.25,-0.33,0.47,-0.97,-0.95,4.12, , , , , ,729.23,728.15,600.0,100.0, , , , , ,, , 
10:05:14,-0.16,0.32,-0.18,0.6,0.28,-0.28,0.4,0.39,-0.03,-0.05,4.04, , , , , ,729.23,728.33,300.0,200.0, , , , , ,, , 
10:05:17,-0.37,0.09,-0.02,0.72,0.47,-0.71,-0.1,0.71,-0.39,-0.34,4.3, , , , , ,728.78,728.33,100.0,200.0, , , , , ,, , 
10:05:20,-0.35,0.12,-0.21,0.58,0.47,-0.68,0.13,0.72,-0.18,-0.36,4.28, , , , , ,728.78,728.33,100.0,300.0, , , , , ,, , 
10:05:23,-0.39,0.25,-0.31,0.74,0.25,-0.9,0.21,0.41,0.05,-0.2,4.02, , , , , ,729.23,728.33,200.0,600.0, , , , , ,, , 
10:05:26,-0.71,0.15,-1.02,0.28,-0.09,-1.25,0.13,-0.01,0.13,0.05,3.55, , , , , ,729.23,729.0,200.0,300.0, , , , , ,, , 
10:05:29,-0.84,0.05,-0.82,0.19,-0.07,-1.27,0.01,0.12,-0.45,-0.05,3.62, , , , , ,729.23,729.0,300.0,300.0, , , , , ,, , 
10:05:32,-0.64,0.2,-0.67,0.23,-0.07,-1.06,0.43,0.17,-0.19,-0.07,3.75, , , , , ,729.23,729.0,200.0,200.0, , , , , ,, , 
10:05:35,-0.64,0.1,-0.6,0.34,0.08,-0.98,0.22,0.3,-0.35,-0.26,3.92, , , , , ,729.1,729.0,100.0,200.0, , , , , ,, , 
10:05:38,-0.6,0.15,-0.63,0.21,-0.66,-0.85,0.19,-0.31,-0.32,0.05,3.4, , , , , ,730.0,729.0,9026.0,500.0, , , , , ,, , 
10:05:41,-0.67,0.14,-0.88,0.21,-0.81,-0.91,0.21,-0.55,-0.22,0.01,3.37, , , , , ,730.0,729.23,9126.0,100.0, , , , , ,, , 
10:05:44,-0.35,0.41,-0.39,0.51,0.2,-0.53,0.69,0.46,-0.12,0.05,4.45, , , , , ,729.0,728.78,100.0,200.0, , , , , ,, , 
10:05:47,-0.75,0.17,-0.99,0.34,-0.86,-0.65,0.2,-0.37,-0.6,-0.03,3.67, , , , , ,730.0,729.0,11226.0,100.0, , , , , ,, , 
10:05:50,-1.02,-0.07,-1.23,0.11,-0.96,-0.93,-0.14,-0.26,-0.89,-0.19,3.75, , , , , ,730.0,729.0,13726.0,100.0, , , , , ,, , 
10:05:53,-0.98,-0.05,-1.0,0.18,-1.02,-0.95,-0.04,-0.14,-0.98,-0.29,3.88, , , , , ,730.0,729.0,13826.0,700.0, , , , , ,, , 
10:05:56,-0.78,0.05,-0.8,0.33,-0.76,-0.9,0.12,0.34,-0.65,-0.28,4.32, , , , , ,729.5,729.0,500.0,500.0, , , , , ,, , 
10:05:59,-0.94,-0.11,-1.03,0.26,-0.67,-0.98,-0.08,0.45,-0.8,-0.52,4.44, , , , , ,729.5,729.0,300.0,300.0, , , , , ,, , 
10:06:02,-0.95,-0.01,-1.08,0.33,-0.56,-0.95,-0.03,0.49,-0.82,-0.34,4.55, , , , , ,729.5,729.0,300.0,400.0, , , , , ,, , 
10:06:05,-0.79,0.01,-0.84,0.26,-0.48,-0.8,0.08,0.49,-0.75,-0.3,4.62, , , , , ,729.51,729.0,100.0,698.0, , , , , ,, , 
10:06:08,-0.69,-0.0,-0.82,0.2,-0.37,-0.67,0.09,0.37,-0.58,-0.29,4.67, , , , , ,729.51,729.0,100.0,398.0, , , , , ,, , 
10:06:11,-0.69,-0.07,-0.44,0.21,0.2,-0.88,0.03,0.75,-0.74,-0.44,5.29, , , , , ,729.0,728.78,802.0,600.0, , , , , ,, , 
10:06:14,-0.67,-0.01,-0.43,0.29,0.24,-0.85,-0.01,0.74,-0.74,-0.3,5.37, , , , , ,729.0,728.78,702.0,900.0, , , , , ,, , 
10:06:17,-0.65,-0.02,-0.4,0.23,0.24,-0.8,0.05,0.72,-0.75,-0.35,5.4, , , , , ,729.0,728.8,402.0,600.0, , , , , ,, , 
10:06:20,-0.54,-0.02,-0.4,0.15,0.24,-0.71,0.06,0.84,-0.52,-0.27,5.48, , , , , ,729.0,728.8,402.0,800.0, , , , , ,, , 
10:06:23,-0.58,-0.06,-0.41,0.11,0.24,-0.66,0.04,0.98,-0.66,-0.33,5.49, , , , , ,729.0,728.8,502.0,700.0, , , , , ,, , 
10:06:26,-0.73,-0.08,-0.61,0.12,-0.07,-0.83,-0.1,0.66,-0.76,-0.27,5.19, , , , , ,729.51,728.8,100.0,498.0, , , , , ,, , 
10:06:29,-0.75,-0.16,-0.64,0.08,-0.06,-0.79,-0.14,0.7,-0.83,-0.44,5.11, , , , , ,729.51,729.0,100.0,100.0, , , , , ,, , 
10:06:32,-0.59,-0.08,-0.49,0.08,0.39,-0.68,0.02,1.29,-0.59,-0.36,5.54, , , , , ,729.0,728.91,100.0,100.0, , , , , ,, , 
10:06:35,-0.63,-0.15,-0.42,0.05,0.52,-0.66,-0.04,1.64,-0.79,-0.46,5.63, , , , , ,729.0,728.78,100.0,600.0, , , , , ,, , 
10:06:38,-0.89,-0.16,-0.73,0.11,-0.1,-0.93,-0.21,1.34,-1.0,-0.37,4.98, , , , , ,729.9,728.78,600.0,900.0, , , , , ,, , 
10:06:41,-0.69,-0.16,-0.57,0.12,0.45,-0.71,-0.16,2.16,-0.79,-0.44,5.6, , , , , ,729.0,728.78,100.0,1098.0, , , , , ,, , 
10:06:44,-0.54,-0.12,-0.49,0.11,0.35,-0.53,0.0,2.27,-0.59,-0.47,5.47, , , , , ,729.15,728.78,100.0,1098.0, , , , , ,, , 
10:06:47,-0.72,-0.21,-0.63,0.1,0.38,-0.72,-0.15,2.4,-0.81,-0.58,5.5, , , , , ,729.15,728.78,200.0,698.0, , , , , ,, , 
10:06:50,-0.79,-0.21,-0.54,0.1,0.92,-0.88,-0.24,2.88,-0.95,-0.5,6.0, , , , , ,728.78,728.51,2.0,100.0, , , , , ,, , 
10:06:53,-0.61,-0.13,-0.43,0.13,1.03,-0.68,-0.08,2.71,-0.74,-0.43,6.07, , , , , ,728.78,728.51,2.0,200.0, , , , , ,, , 
10:06:56,-0.77,-0.29,-0.62,-0.03,1.01,-0.87,-0.24,2.66,-0.82,-0.59,6.02, , , , , ,729.0,728.51,400.0,100.0, , , , , ,, , 
10:06:59,-0.84,-0.25,-0.65,-0.02,1.14,-0.88,-0.19,2.77,-0.98,-0.55,6.1, , , , , ,729.0,728.51,100.0,200.0, , , , , ,, , 
10:07:02,-0.72,-0.17,-0.55,0.01,0.99,-0.75,-0.16,2.71,-0.87,-0.35,5.91, , , , , ,729.0,728.78,300.0,200.0, , , , , ,, , 
10:07:05,-0.66,-0.14,-0.61,0.04,0.89,-0.63,-0.08,2.92,-0.75,-0.37,5.72, , , , , ,729.15,728.78,2.0,100.0, , , , , ,, , 
10:07:08,-0.68,-0.21,-0.72,-0.03,0.69,-0.69,-0.19,2.87,-0.64,-0.42,5.61, , , , , ,729.15,728.89,102.0,100.0, , , , , ,, , 
10:07:11,-0.45,0.05,-0.41,0.21,0.49,-0.36,0.15,2.85,-0.59,-0.22,5.48, , , , , ,729.15,729.0,2.0,9000.0, , , , , ,, , 
10:07:14,-0.14,0.25,-0.39,0.35,0.48,0.06,0.26,2.94,-0.08,0.13,5.49, , , , , ,729.15,729.0,102.0,7800.0, , , , , ,, , 
10:07:17,-0.32,0.11,-0.41,0.24,0.48,-0.21,0.18,3.02,-0.34,-0.1,5.53, , , , , ,729.15,729.0,102.0,7698.0, , , , , ,, , 
10:07:20,-0.28,0.05,-0.34,0.24,0.6,-0.07,0.13,3.13,-0.44,-0.21,5.53, , , , , ,729.15,729.0,2.0,7698.0, , , , , ,, , 
10:07:23,-0.14,0.24,-0.28,0.31,0.73,0.05,0.48,3.19,-0.19,-0.08,5.56, , , , , ,729.15,729.01,2.0,100.0, , , , , ,, , 
10:07:26,-0.11,0.28,-0.31,0.4,0.77,0.09,0.39,3.16,-0.11,0.04,5.6, , , , , ,729.15,729.01,2.0,100.0, , , , , ,, , 
10:07:29,-0.09,0.34,-0.34,0.38,0.77,0.08,0.6,2.96,0.01,0.03,5.48, , , , , ,729.25,729.15,100.0,298.0, , , , , ,, , 
10:07:32,-0.39,0.14,-0.59,0.23,0.57,-0.43,0.17,2.66,-0.14,0.04,5.11, , , , , ,729.8,729.15,100.0,100.0, , , , , ,, , 
10:07:35,-0.43,0.01,-0.57,0.1,1.2,-0.34,-0.03,3.12,-0.38,-0.04,5.48, , , , , ,729.25,729.16,100.0,100.0, , , , , ,, , 
10:07:38,-0.32,0.12,-0.42,0.2,1.52,-0.24,0.08,3.28,-0.28,0.08,5.48, , , , , ,729.25,729.16,100.0,500.0, , , , , ,, , 
10:07:41,-0.47,0.02,-0.59,0.2,1.73,-0.31,-0.08,3.43,-0.5,-0.06,5.5, , , , , ,729.25,729.16,100.0,200.0, , , , , ,, , 
10:07:44,-0.44,-0.03,-0.51,0.17,1.88,-0.43,-0.14,3.4,-0.38,-0.11,5.49, , , , , ,729.27,729.25,100.0,200.0, , , , , ,, , 
10:07:47,-0.48,-0.02,-0.49,0.18,2.06,-0.43,-0.05,3.47,-0.53,-0.18,5.62, , , , , ,729.27,729.16,100.0,200.0, , , , , ,, , 
10:07:50,-0.56,-0.08,-0.52,0.15,2.03,-0.62,-0.14,3.44,-0.54,-0.25,5.64, , , , , ,729.27,729.25,100.0,198.0, , , , , ,, , 
10:07:53,-0.76,-0.18,-0.76,0.08,1.5,-0.73,-0.16,3.09,-0.79,-0.47,5.31, , , , , ,729.8,729.25,100.0,198.0, , , , , ,, , 
10:07:56,-0.79,-0.19,-0.78,0.08,1.49,-0.76,-0.16,2.92,-0.82,-0.48,5.26, , , , , ,729.95,729.25,100.0,198.0, , , , , ,, , 
10:07:59,-0.8,-0.2,-0.75,0.08,1.61,-0.79,-0.13,2.88,-0.87,-0.55,5.28, , , , , ,729.95,729.25,100.0,198.0, , , , , ,, , 
10:08:02,-0.9,-0.22,-0.77,0.08,1.73,-0.99,-0.18,2.84,-0.93,-0.56,5.29, , , , , ,729.95,729.25,100.0,198.0, , , , , ,, , 
10:08:05,-0.74,-0.12,-0.64,0.2,1.98,-0.73,-0.06,2.75,-0.85,-0.48,5.25, , , , , ,730.0,729.3,23426.0,500.0, , , , , ,, , 
10:08:08,-0.42,0.09,-0.39,0.3,2.05,-0.46,0.18,2.84,-0.4,-0.22,5.35, , , , , ,729.92,729.3,200.0,600.0, , , , , ,, , 
10:08:11,-0.55,0.07,-0.41,0.38,2.62,-0.55,-0.01,3.36,-0.68,-0.17,5.88, , , , , ,729.25,729.24,502.0,200.0, , , , , ,, , 
10:08:14,-0.45,0.11,-0.27,0.46,2.71,-0.28,-0.01,3.41,-0.79,-0.11,5.92, , , , , ,729.25,729.24,502.0,600.0, , , , , ,, , 
10:08:17,-0.5,0.08,-0.42,0.37,2.29,-0.35,-0.0,2.87,-0.74,-0.13,5.47, , , , , ,729.9,729.3,100.0,3598.0, , , , , ,, , 
10:08:20,-0.41,0.09,-0.42,0.35,2.41,-0.31,0.07,2.84,-0.5,-0.16,5.52, , , , , ,729.9,729.3,100.0,3498.0, , , , , ,, , 
10:08:23,-0.34,0.1,-0.44,0.3,2.46,-0.13,0.1,2.88,-0.45,-0.1,5.57, , , , , ,729.92,729.3,100.0,3698.0, , , , , ,, , 
10:08:26,-0.44,0.12,-0.48,0.33,2.38,-0.41,0.13,2.83,-0.42,-0.1,5.57, , , , , ,729.88,729.4,200.0,100.0, , , , , ,, , 
10:08:29,-0.36,0.22,-0.62,0.31,2.27,-0.26,0.31,2.81,-0.19,0.03,5.56, , , , , ,730.0,729.4,22526.0,100.0, , , , , ,, , 
10:08:32,0.41,0.97,-0.1,0.7,1.78,0.31,1.2,2.38,1.02,1.01,5.09, , , , , ,730.22,730.0,100.0,774.0, , , , , ,, , 
10:08:35,0.6,0.93,0.02,0.62,1.88,0.58,1.32,2.46,1.21,0.86,5.15, , , , , ,730.22,730.0,200.0,1074.0, , , , , ,, , 
10:08:38,0.45,0.83,0.09,0.64,1.63,0.32,1.17,2.16,0.95,0.66,4.83, , , , , ,730.8,730.0,300.0,8674.0, , , , , ,, , 
10:08:41,0.44,0.79,0.08,0.59,1.44,0.27,1.2,1.94,0.97,0.57,4.52, , , , , ,730.8,730.51,300.0,200.0, , , , , ,, , 
10:08:44,0.29,0.81,0.03,0.52,1.42,0.08,1.2,1.96,0.78,0.71,4.48, , , , , ,730.89,730.51,100.0,100.0, , , , , ,, , 
10:08:47,0.23,0.89,0.13,0.62,1.38,-0.0,1.14,1.96,0.57,0.9,4.53, , , , , ,730.98,730.51,300.0,400.0, , , , , ,, , 
10:08:50,0.36,0.97,0.22,0.81,1.39,0.15,1.1,2.03,0.71,0.98,4.66, , , , , ,730.77,730.74,400.0,100.0, , , , , ,, , 
10:08:53,0.43,1.03,0.23,0.75,1.4,0.23,1.22,2.16,0.83,1.12,4.84, , , , , ,730.77,730.74,200.0,300.0, , , , , ,, , 
10:08:56,0.15,0.78,0.13,0.44,2.06,-0.1,0.82,2.99,0.43,1.07,5.77, , , , , ,730.45,730.0,200.0,374.0, , , , , ,, , 
10:08:59,0.12,0.81,0.09,0.77,0.92,-0.12,0.82,2.0,0.4,0.84,4.79, , , , , ,731.06,731.0,500.0,6500.0, , , , , ,, , 
10:09:02,0.52,0.99,0.3,0.79,0.81,0.31,1.01,2.04,0.95,1.16,4.87, , , , , ,731.1,731.06,300.0,100.0, , , , , ,, , 
10:09:05,0.65,1.09,0.37,0.82,0.74,0.38,1.16,2.06,1.21,1.29,4.97, , , , , ,731.13,731.1,700.0,100.0, , , , , ,, , 
10:09:08,0.72,1.2,0.39,0.67,0.75,0.4,1.3,2.08,1.36,1.62,4.98,500.0,731.15,731.15,500.0,1042.0,731.15,731.13,100.0,300.0, , , ,2018-05-14 10:09:08.723000,2018-05-14 10:09:08.723000,, , 
10:09:11,0.66,1.06,0.28,0.59,0.81,0.29,1.11,2.25,1.42,1.47,5.14, , , , , ,731.19,731.01,300.0,1300.0, , , , , ,, , 
10:09:14,0.69,0.97,0.38,0.64,0.63,0.43,1.05,2.1,1.27,1.23,4.96, , , , , ,731.33,731.2,100.0,1700.0, , , , , ,, , 
10:09:17,0.78,1.15,0.43,0.79,0.44,0.41,1.34,2.02,1.49,1.31,4.85,500.0,731.4,731.4,500.0,1542.0,731.4,731.33,1000.0,500.0, , , ,2018-05-14 10:09:17.711000,2018-05-14 10:09:17.711000,, , 
10:09:20,0.73,1.13,0.43,0.71,0.42,0.35,1.19,2.09,1.41,1.5,4.93, , , , , ,731.4,731.33,500.0,600.0, , , , , ,, , 
10:09:23,0.73,1.17,0.35,0.68,0.39,0.44,1.22,2.02,1.4,1.61,4.86, , , , , ,731.45,731.4,100.0,500.0, , , , , ,, , 
10:09:26,0.74,1.19,0.47,0.8,0.35,0.45,1.13,2.03,1.29,1.64,4.88, , , , , ,731.5,731.4,200.0,500.0, , , , , ,, , 
10:09:29,0.73,1.2,0.35,0.69,0.66,0.44,1.2,2.33,1.4,1.7,5.24, , , , , ,731.33,731.21,100.0,100.0, , , , , ,, , 
10:09:32,0.52,1.02,0.22,0.5,0.79,0.28,0.94,2.37,1.05,1.62,5.34, , , , , ,731.33,731.21,300.0,298.0, , , , , ,, , 
10:09:35,0.39,0.93,0.05,0.45,0.32,0.28,0.85,1.81,0.85,1.49,4.92, , , , , ,731.78,731.56,100.0,1800.0, , , , , ,, , 
10:09:38,0.32,0.71,-0.03,0.39,0.35,0.26,0.63,1.71,0.73,1.11,4.88, , , , , ,731.78,731.67,100.0,100.0, , , , , ,, , 
10:09:41,0.36,0.64,0.08,0.33,0.5,0.08,0.73,1.73,0.91,0.85,4.91, , , , , ,731.81,731.6,100.0,100.0, , , , , ,, , 
10:09:44,0.45,0.71,0.2,0.34,0.53,0.32,0.83,1.67,0.84,0.97,4.87, , , , , ,731.81,731.67,100.0,600.0, , , , , ,, , 
10:09:47,0.42,0.75,0.23,0.48,0.55,0.23,0.92,1.65,0.82,0.85,4.84, , , , , ,731.87,731.67,100.0,500.0, , , , , ,, , 
10:09:50,0.3,0.63,0.2,0.49,0.61,0.3,0.7,1.68,0.41,0.7,4.86, , , , , ,731.81,731.77,100.0,100.0, , , , , ,, , 
10:09:53,-0.04,0.32,-0.08,0.37,0.75,0.02,0.42,1.77,-0.05,0.17,4.95, , , , , ,731.79,731.77,1800.0,98.0, , , , , ,, , 
10:09:56,-0.38,0.04,-0.33,0.08,0.85,-0.37,0.02,1.85,-0.45,0.01,5.02, , , , , ,731.79,731.77,1600.0,98.0, , , , , ,, , 
10:09:59,-0.4,0.07,-0.35,0.08,1.24,-0.48,0.09,2.21,-0.38,0.05,5.24, , , , , ,731.6,731.56,502.0,1900.0, , , , , ,, , 
10:10:02,-0.48,0.03,-0.4,0.08,1.24,-0.47,0.05,2.08,-0.59,-0.04,5.05, , , , , ,731.77,731.56,100.0,1800.0, , , , , ,, , 
10:10:05,-0.53,0.01,-0.44,0.04,1.31,-0.49,0.04,2.01,-0.66,-0.04,5.01, , , , , ,731.77,731.56,200.0,1800.0, , , , , ,, , 
10:10:08,-0.51,0.05,-0.43,0.05,1.28,-0.51,0.05,1.89,-0.58,0.04,4.82, , , , , ,731.79,731.66,302.0,100.0, , , , , ,, , 
10:10:11,-0.3,0.16,-0.31,0.14,1.44,-0.41,0.14,1.88,-0.18,0.19,4.9, , , , , ,731.79,731.6,302.0,1200.0, , , , , ,, , 
10:10:14,-0.33,0.12,-0.43,0.14,1.52,-0.35,0.1,1.89,-0.21,0.13,4.81, , , , , ,731.79,731.6,302.0,700.0, , , , , ,, , 
10:10:17,-0.08,0.33,-0.15,0.23,1.44,-0.13,0.39,1.81,0.03,0.36,4.54, , , , , ,731.99,731.58,1702.0,100.0, , , , , ,, , 
10:10:20,-0.01,0.39,-0.08,0.29,1.8,-0.12,0.41,2.08,0.17,0.46,4.72, , , , , ,731.6,731.56,100.0,2900.0, , , , , ,, , 
10:10:23,0.05,0.37,-0.09,0.27,1.74,-0.17,0.36,2.04,0.43,0.47,4.5, , , , , ,731.67,731.6,500.0,400.0, , , , , ,, , 
10:10:26,0.12,0.5,-0.1,0.37,1.51,-0.05,0.45,1.82,0.52,0.68,4.26, , , , , ,731.99,731.67,1202.0,1200.0, , , , , ,, , 
10:10:29,-0.16,0.17,-0.38,0.16,1.65,-0.29,0.06,1.96,0.2,0.3,4.35, , , , , ,731.98,731.56,100.0,1100.0, , , , , ,, , 
10:10:32,-0.38,0.07,-0.49,0.08,1.67,-0.57,-0.04,1.94,-0.08,0.17,4.32, , , , , ,731.99,731.56,402.0,1800.0, , , , , ,, , 
10:10:35,0.39,0.83,0.06,0.71,1.35,0.37,0.95,1.63,0.75,0.82,4.0, , , , , ,732.03,731.99,100.0,98.0, , , , , ,, , 
