tick_time,bid,ask,bid 20,ask 20,la 20,bid 40,ask 40,la 40,bid 100,ask 100,la 100,order,price,avePrice,trans,net,profit,profit_rate,askp0,bidp0,askv0,bidv0,is_mocked,order_time,exchange_time,orderSide,new_order_status,reason,order_status,earn,cost
09:30:15, , , , ,3.0, , ,4.62, , ,7.33, , , , , , , ,723.0,721.03,200.0,1800.0, , , ,, , , , , 
09:30:18, , , , ,1.27, , ,2.65, , ,5.42, , , , , , , ,723.5,723.11,300.0,1900.0, , , ,, , , , , 
09:30:21, , , , ,1.55, , ,2.48, , ,5.26, , , , , , , ,723.5,723.12,400.0,500.0, , , ,, , , , , 
09:30:24, , , , ,1.73, , ,2.54, , ,5.25, , , , , , , ,723.5,723.11,200.0,1403.0, , , ,, , , , , 
09:30:27, , , , ,2.01, , ,2.77, , ,5.21, , , , , , , ,723.5,723.13,100.0,100.0, , , ,, , , , , 
09:30:30, , , , ,1.56, , ,2.77, , ,4.83, , , , , , , ,723.6,723.58,200.0,100.0, , , ,, , , , , 
09:30:33, , , , ,1.34, , ,3.05, , ,4.81, , , , , , , ,723.77,723.63,100.0,300.0, , , ,, , , , , 
09:30:36, , , , ,1.12, , ,3.21, , ,4.69, , , , , , , ,723.99,723.58,100.0,500.0, , , ,, , , , , 
09:30:39, , , , ,0.54, , ,2.29, , ,4.06, , , , , , , ,724.83,723.65,100.0,100.0, , , ,, , , , , 
09:30:42, , , , ,0.6, , ,1.87, , ,4.04, , , , , , , ,724.83,723.66,100.0,200.0, , , ,, , , , , 
09:30:45, , , , ,0.57, , ,1.36, , ,3.79, , , , , , , ,724.83,723.96,1700.0,100.0, , , ,, , , , , 
09:30:48, , , , ,0.79, , ,0.78, , ,3.72, , , , , , , ,724.83,723.99,1600.0,100.0, , , ,, , , , , 
09:30:51, , , , ,0.77, , ,0.69, , ,3.71, , , , , , , ,724.83,724.0,1600.0,700.0, , , ,, , , , , 
09:30:54, , , , ,0.81, , ,0.71, , ,3.78, , , , , , , ,724.77,724.0,100.0,600.0, , , ,, , , , , 
09:30:57, , , , ,0.74, , ,0.43, , ,3.89, , , , , , , ,724.77,724.0,100.0,2400.0, , , ,, , , , , 
09:31:00, , , , ,0.65, , ,0.12, , ,3.97, , , , , , , ,724.83,724.0,1500.0,2200.0, , , ,, , , , , 
09:31:03, , , , ,0.79, , ,0.05, , ,4.03, , , , , , , ,724.8,724.0,300.0,700.0, , , ,, , , , , 
09:31:06, , , , ,1.13, , ,0.33, , ,4.21, , , , , , , ,724.61,724.0,100.0,500.0, , , ,, , , , , 
09:31:09, , , , ,0.84, , ,0.13, , ,3.79, , , , , , , ,724.75,724.5,100.0,100.0, , , ,, , , , , 
09:31:12, , , , ,1.89, , ,1.0, , ,4.7, , , , , , , ,724.0,723.96,200.0,500.0, , , ,, , , , , 
09:31:15,-0.58,0.62,-1.09,0.51,1.44,-0.51,0.5,0.38,-0.14,0.85,4.32, , , , , , , ,724.61,724.0,300.0,100.0, , , ,, , , , , 
09:31:18,-0.82,0.32,-1.13,0.21,1.97,-0.88,0.41,0.66,-0.45,0.33,5.02, , , , , , , ,723.9,723.7,2700.0,400.0, , , ,, , , , , 
09:31:21,-0.98,0.13,-1.26,-0.09,0.41,-1.1,-0.07,-1.14,-0.58,0.56,3.54, , , , , , , ,724.82,724.8,1000.0,1505.0, , , ,, , , , , 
09:31:24,-0.86,0.17,-1.37,-0.36,0.46,-0.98,0.0,-1.14,-0.23,0.89,3.45, , , , , , , ,724.82,724.8,1000.0,405.0, , , ,, , , , , 
09:31:27,-0.98,-0.15,-1.36,-0.45,0.72,-1.23,-0.45,-1.12,-0.36,0.45,3.39, , , , , , , ,724.8,724.79,295.0,500.0, , , ,, , , , , 
09:31:30,-0.81,-0.27,-1.04,-0.35,1.27,-1.01,-0.44,-1.0,-0.38,-0.02,3.41, , , , , , , ,724.8,724.56,1900.0,100.0, , , ,, , , , , 
09:31:33,-0.73,0.03,-0.93,-0.14,1.81,-0.73,-0.13,-0.78,-0.52,0.35,3.5, , , , , , , ,724.8,724.4,1900.0,100.0, , , ,, , , , , 
09:31:36,-0.65,0.27,-0.76,-0.07,2.08,-0.79,0.32,-0.84,-0.41,0.56,3.5, , , , , , , ,724.8,724.4,1900.0,200.0, , , ,, , , , , 
09:31:39,-0.25,0.44,-0.55,0.07,1.93,-0.15,0.71,-0.54,-0.05,0.54,3.64, , , , , , , ,724.6,724.4,400.0,300.0, , , ,, , , , , 
09:31:42,-0.13,0.93,-0.07,0.54,1.08,-0.17,1.5,-0.93,-0.14,0.76,3.26, , , , , , , ,724.82,724.8,1300.0,2900.0, , , ,, , , , , 
09:31:45,0.22,0.83,-0.07,0.42,0.78,0.46,1.25,-0.92,0.28,0.82,3.28, , , , , , , ,724.82,724.8,1300.0,2600.0, , , ,, , , , , 
09:31:48,0.08,0.93,-0.08,0.44,-0.19,0.16,1.38,-1.19,0.18,0.96,2.85, , , , , , , ,725.43,724.8,100.0,900.0, , , ,, , , , , 
09:31:51,0.5,1.2,0.19,0.97,-0.4,0.57,1.17,-1.47,0.73,1.45,2.73, , , , , , , ,725.6,724.81,3200.0,200.0, , , ,, , , , , 
09:31:54,0.25,1.03,-0.03,0.55,0.19,0.36,1.39,-0.77,0.43,1.13,3.33, , , , , , , ,724.79,724.75,100.0,200.0, , , ,, , , , , 
09:31:57,0.21,0.72,-0.21,0.56,-0.11,0.4,0.73,-0.77,0.44,0.89,3.33, , , , , , , ,724.8,724.75,1400.0,100.0, , , ,, , , , , 
09:32:00,0.42,1.19,0.31,0.94,-0.61,0.37,1.23,-0.84,0.56,1.4,3.08, , , , , , , ,725.0,724.9,100.0,100.0, , , ,, , , , , 
09:32:03,0.7,1.46,0.24,0.9,-0.85,0.81,1.67,-0.85,1.05,1.82,2.95, , , , , , , ,725.1,725.0,100.0,700.0, , , ,, , , , , 
09:32:06,0.83,1.45,0.35,0.98,-0.76,1.27,1.87,-0.72,0.89,1.48,2.88,600.0,725.2,725.2,500.0,500.0, ,-1.45,725.2,725.0,100.0,100.0, ,2018-05-24 09:32:06.736000,2018-05-24 09:32:06.736000,, , ,CANCELED, , 
09:32:09,0.76,1.42,0.29,0.93,-0.93,1.21,1.57,-0.93,0.77,1.76,2.44, , , , , , , ,725.59,725.2,500.0,400.0, , , ,, , , , , 
09:32:12,0.63,1.39,0.68,1.28,-0.95,0.81,1.48,-0.86,0.38,1.42,2.45, , , , , , , ,725.59,725.2,800.0,100.0, , , ,, , , , , 
09:32:15,0.61,1.36,0.61,1.33,-1.27,0.97,1.54,-0.8,0.24,1.2,2.3, , , , , , , ,725.58,725.43,100.0,1400.0, , , ,, , , , , 
09:32:18,0.51,1.41,0.54,1.45,-1.14,0.74,2.13,-0.09,0.24,0.66,2.91, , , , , , , ,725.2,725.0,100.0,1000.0, , , ,, , , , , 
09:32:21,-0.02,0.48,-0.02,0.39,-1.26,0.35,0.81,0.4,-0.39,0.23,3.27, , , , , , , ,724.9,724.89,2900.0,200.0, , , ,, , , , , 
09:32:24,-0.43,0.13,-0.37,0.29,-1.28,-0.31,0.2,0.63,-0.61,-0.09,3.29, , , , , , , ,725.0,724.83,100.0,100.0, , , ,, , , , , 
09:32:27,-0.02,0.73,0.09,1.03,-2.29,0.22,0.83,-0.06,-0.37,0.32,2.33, , , , , , , ,725.69,725.6,200.0,10400.0, , , ,, , , , , 
09:32:30,0.84,1.5,0.75,1.42,-2.59,0.99,1.77,-0.02,0.77,1.3,2.08,600.0,725.97,725.97,300.0,800.0, ,-0.9,725.97,725.69,100.0,100.0, ,2018-05-24 09:32:30.695000,2018-05-24 09:32:30.695000,, , ,CANCELED, , 
09:32:33,1.07,1.74,0.79,1.9,-2.7,1.34,1.71,0.11,1.06,1.62,1.86,600.0,726.0,726.0,600.0,1400.0, ,-0.79,726.0,725.99,800.0,300.0, ,2018-05-24 09:32:34.177000,2018-05-24 09:32:34.177000,, , ,FILLED, , 
09:32:36,0.83,2.16,0.69,2.64,-3.0,0.43,1.92,0.37,1.38,1.91,1.64, , , , , , , ,726.38,725.97,100.0,100.0, , , ,, , , , , 
09:32:39,0.56,1.59,0.26,1.9,-3.19,0.43,1.32,0.48,0.99,1.56,1.31, , , , , , , ,726.43,726.41,100.0,200.0, , , ,, , , , , 
09:32:42,0.3,1.61,0.26,2.31,-1.18,0.62,1.89,2.88,0.01,0.63,3.29, , , , , , , ,725.99,724.0,1200.0,900.0, , , ,, , , , , 
09:32:45,-0.09,1.23,-0.03,1.41,-0.9,0.12,1.47,3.54,-0.34,0.82,3.59, , , , , , , ,725.6,724.0,3100.0,900.0, , , ,, , , , , 
09:32:48,-1.15,0.16,-1.28,0.09,-1.44,-1.27,0.55,2.85,-0.9,-0.18,2.94, , , , , , , ,725.6,725.0,3300.0,100.0, , , ,, , , , , 
09:32:51,-1.18,-0.18,-1.07,0.33,-0.91,-1.41,-0.24,3.54,-1.06,-0.63,3.69, , , , , , , ,725.6,724.0,3300.0,800.0, , , ,, , , , , 
09:32:54,-1.05,-0.32,-1.03,-0.12,-0.77,-1.24,-0.24,3.5,-0.9,-0.59,3.79,-1400.0,725.53,725.53,-200.0,1200.0, ,-3.23,725.55,724.0,4600.0,600.0, ,2018-05-24 09:32:54.686000,2018-05-24 09:32:54.686000,, , ,CANCELED, , 
09:32:57,-1.52,-0.49,-1.56,-0.39,-0.73,-1.67,-0.47,3.54,-1.33,-0.63,3.9,-1200.0,725.47,0.0,-0.0,1200.0, , ,725.49,724.0,100.0,500.0, ,2018-05-24 09:32:58.383000,2018-05-24 09:32:58.383000,, , ,CANCELED, , 
09:33:00,-1.37,-0.61,-1.32,-0.46,-0.19,-1.49,-0.53,4.03,-1.3,-0.83,4.28,-1200.0,724.93,724.93,-600.0,600.0, ,-2.68,724.95,724.0,100.0,600.0, ,2018-05-24 09:33:01.401000,2018-05-24 09:33:01.401000,, , ,CANCELED, , 
09:33:03,-1.08,-0.19,-1.35,0.01,0.56,-1.05,-0.2,4.7,-0.83,-0.37,4.95, , , , , , , ,724.05,724.0,200.0,700.0, , , ,, , , , , 
09:33:06,-0.81,-0.08,-0.96,-0.29,0.11,-0.89,0.18,4.15,-0.58,-0.11,4.33, , , , , , , ,725.0,724.0,100.0,800.0, , , ,, , , , , 
09:33:09,-1.38,-0.2,-1.71,-0.32,-0.65,-1.55,-0.16,3.08,-0.89,-0.12,3.42,-600.0,725.42,0.0,-0.0,600.0, , ,725.44,724.93,900.0,100.0, ,2018-05-24 09:33:09.709000,2018-05-24 09:33:09.709000,, , ,CANCELED, , 
09:33:12,-1.33,-0.43,-1.71,-0.54,-0.54,-1.49,-0.49,3.0,-0.8,-0.25,3.51,-600.0,725.38,0.0,-0.0,600.0, , ,725.4,724.93,300.0,100.0, ,2018-05-24 09:33:13.499000,2018-05-24 09:33:13.499000,, , ,CANCELED, , 
09:33:15,-0.9,-0.14,-1.01,0.21,1.3,-1.13,-0.36,4.59,-0.56,-0.26,5.15, , , , , , , ,724.0,723.96,2300.0,100.0, , , ,, , , , , 
09:33:18,-0.66,0.24,-1.06,0.25,1.46,-0.84,0.59,4.47,-0.09,-0.12,5.12, , , , , , , ,724.0,723.96,1300.0,100.0, , , ,, , , , , 
09:33:21,-0.79,0.28,-1.01,0.38,1.65,-1.0,0.45,4.32,-0.36,0.01,5.08, , , , , , , ,724.0,723.97,700.0,300.0, , , ,, , , , , 
09:33:24,-0.59,0.2,-1.02,0.25,1.92,-0.39,0.42,4.3,-0.35,-0.06,5.05, , , , , , , ,724.0,723.97,800.0,400.0, , , ,, , , , , 
09:33:27,-0.27,0.45,-0.6,0.67,2.24,-0.23,0.4,4.28,0.02,0.27,5.04, , , , , , , ,724.0,723.97,600.0,400.0, , , ,, , , , , 
09:33:30,-0.39,0.31,-0.77,0.24,2.54,-0.38,0.59,4.29,-0.01,0.1,5.04, , , , , , , ,724.0,723.96,300.0,100.0, , , ,, , , , , 
09:33:33,-0.54,0.24,-0.79,0.07,3.07,-0.7,0.42,4.61,-0.15,0.22,5.22, , , , , , , ,724.0,723.7,300.0,100.0, , , ,, , , , , 
09:33:36,-0.39,0.3,-0.75,0.26,2.92,-0.18,0.46,3.93,-0.25,0.18,4.57, , , , , , , ,725.0,723.65,1000.0,100.0, , , ,, , , , , 
09:33:39,-0.17,0.37,-0.5,0.37,4.1,-0.11,0.57,4.67,0.09,0.17,5.29, , , , , , , ,723.96,723.65,100.0,100.0, , , ,, , , , , 
09:33:42,-0.19,0.36,-0.55,0.35,3.65,-0.22,0.62,3.76,0.19,0.1,4.41, , , , , , , ,724.92,723.96,400.0,100.0, , , ,, , , , , 
09:33:45,-0.28,0.71,-0.49,0.74,4.67,-0.35,0.73,4.36,-0.0,0.65,4.98, , , , , , , ,724.0,723.96,200.0,200.0, , , ,, , , , , 
09:33:48,-0.17,0.84,-0.36,0.97,4.17,-0.21,0.69,3.8,0.07,0.86,4.38, , , , , , , ,724.7,724.0,100.0,100.0, , , ,, , , , , 
09:33:51,-0.06,0.88,-0.23,0.97,4.29,-0.08,0.8,3.94,0.13,0.87,4.42, , , , , , , ,724.56,723.95,300.0,3400.0, , , ,, , , , , 
09:33:54,0.01,0.91,-0.09,0.96,4.61,-0.08,1.05,4.34,0.2,0.73,4.66, , , , , , , ,724.0,723.95,500.0,200.0, , , ,, , , , , 
09:33:57,-0.24,0.65,-0.23,0.59,4.18,-0.54,0.63,4.04,0.04,0.74,4.11, , , , , , , ,724.55,724.0,100.0,700.0, , , ,, , , , , 
09:34:00,-0.15,0.65,-0.33,0.74,4.19,-0.24,0.53,4.05,0.12,0.68,3.75, , , , , , , ,724.7,724.01,100.0,1500.0, , , ,, , , , , 
09:34:03,-0.16,0.66,-0.34,0.76,3.7,-0.28,0.74,3.54,0.15,0.47,2.77, , , , , , , ,724.8,724.7,100.0,200.0, , , ,, , , , , 
09:34:06,0.17,0.94,-0.07,0.93,4.37,0.19,1.36,4.17,0.4,0.53,2.73, , , , , , , ,724.48,724.2,100.0,300.0, , , ,, , , , , 
09:34:09,0.11,1.08,-0.04,1.12,3.5,0.06,1.21,3.43,0.33,0.9,1.42, , , , , , , ,724.89,724.87,400.0,100.0, , , ,, , , , , 
09:34:12,-0.08,1.25,-0.14,1.19,3.36,-0.32,1.52,3.42,0.2,1.03,0.84, , , , , , , ,724.92,724.89,300.0,100.0, , , ,, , , , , 
09:34:15,0.28,1.28,0.34,1.19,3.24,0.12,1.56,3.42,0.37,1.08,0.43, , , , , , , ,724.99,724.92,200.0,200.0, , , ,, , , , , 
09:34:18,0.59,1.52,0.36,1.26,3.14,0.71,1.98,3.43,0.69,1.32,0.15, , , , , , , ,725.0,724.89,2300.0,300.0, , , ,, , , , , 
09:34:21,0.38,1.63,0.47,1.49,2.43,0.04,1.63,2.79,0.62,1.76,-0.71, , , , , , , ,725.4,725.3,300.0,4100.0, , , ,, , , , , 
09:34:24,0.84,2.25,0.84,2.1,2.25,0.42,2.49,2.54,1.27,2.16,-1.09,600.0,725.5,725.5,300.0,900.0, ,-1.73,725.5,725.44,500.0,100.0, ,2018-05-24 09:34:24.675000,2018-05-24 09:34:24.675000,, , ,CANCELED, , 
09:34:27,1.27,2.6,0.97,2.22,1.86,1.36,2.8,2.1,1.48,2.79,-1.65,600.0,725.86,725.86,200.0,1100.0, ,-1.6,725.86,725.6,100.0,2200.0, ,2018-05-24 09:34:28.266000,2018-05-24 09:34:28.266000,, , ,CANCELED, , 
09:34:30,1.5,2.8,1.22,2.56,1.67,1.48,2.96,1.77,1.8,2.89,-2.04,600.0,725.88,0.0,0.0,1100.0, , ,725.88,725.86,700.0,800.0, ,2018-05-24 09:34:31.346000,2018-05-24 09:34:31.346000,, , ,CANCELED, , 
09:34:33,1.6,2.76,1.56,2.5,1.35,1.3,2.31,1.29,1.94,3.49,-2.69,600.0,726.4,0.0,0.0,1100.0, , ,726.4,726.0,600.0,900.0, ,2018-05-24 09:34:34.341000,2018-05-24 09:34:34.341000,, , ,CANCELED, , 
09:34:36,1.71,2.7,1.68,2.4,0.93,1.12,2.44,0.88,2.33,3.25,-3.3,600.0,726.6,0.0,0.0,1100.0, , ,726.6,726.4,100.0,1800.0, ,2018-05-24 09:34:37.358000,2018-05-24 09:34:37.358000,, , ,CANCELED, , 
09:34:39,1.1,2.29,1.04,2.16,-0.03,0.79,2.18,-0.09,1.47,2.54,-4.49, , , , , , , ,727.4,727.0,100.0,3100.0, , , ,, , , , , 
09:34:42,0.65,1.98,0.76,1.76,-0.05,0.42,1.65,-0.03,0.77,2.53,-4.52, , , , , , , ,727.4,727.0,100.0,500.0, , , ,, , , , , 
09:34:45,0.18,1.57,0.33,1.56,-0.39,0.06,1.15,-0.31,0.14,2.02,-4.85, , , , , , , ,727.43,727.4,100.0,100.0, , , ,, , , , , 
09:34:48,0.09,1.43,0.06,1.32,-0.73,-0.17,1.15,-0.62,0.37,1.83,-5.21, , , , , , , ,727.84,727.43,500.0,100.0, , , ,, , , , , 
09:34:51,0.01,1.34,0.11,1.47,-0.15,-0.03,0.95,-0.04,-0.05,1.6,-4.89, , , , , , , ,727.43,727.0,100.0,3100.0, , , ,, , , , , 
09:34:54,-0.14,1.03,0.19,1.09,-0.11,-0.07,0.61,-0.02,-0.53,1.4,-5.14, , , , , , , ,727.4,727.0,1000.0,3100.0, , , ,, , , , , 
09:34:57,-0.47,0.88,-0.15,0.93,0.0,-0.54,0.5,-0.02,-0.72,1.22,-5.32, , , , , , , ,727.4,727.0,500.0,3100.0, , , ,, , , , , 
09:35:00,-0.34,1.06,-0.06,0.83,-0.44,-0.53,0.83,-0.59,-0.44,1.51,-6.21, , , , , , , ,727.8,727.43,200.0,700.0, , , ,, , , , , 
09:35:03,-0.42,0.63,-0.21,0.43,-0.33,-0.61,0.56,-0.51,-0.43,0.89,-6.23, , , , , , , ,727.7,727.4,900.0,200.0, , , ,, , , , , 
09:35:06,-0.56,0.18,-0.47,0.01,0.01,-0.73,-0.02,-0.23,-0.47,0.55,-5.68, , , , , , , ,727.7,727.0,1800.0,2500.0, , , ,, , , , , 
09:35:09,-0.73,0.22,-0.55,-0.12,-0.21,-0.94,0.06,-0.48,-0.7,0.72,-5.7, , , , , , , ,727.63,727.4,300.0,400.0, , , ,, , , , , 
09:35:12,-0.6,0.16,-0.59,-0.23,0.18,-0.89,0.1,-0.11,-0.33,0.61,-5.08, , , , , , , ,727.5,727.0,700.0,1200.0, , , ,, , , , , 
09:35:15,-0.74,0.01,-0.82,-0.53,0.25,-0.9,0.11,-0.11,-0.5,0.44,-4.74, , , , , , , ,727.5,727.0,600.0,800.0, , , ,, , , , , 
09:35:18,-0.9,-0.22,-1.01,-0.66,0.32,-0.9,-0.11,0.01,-0.77,0.1,-5.0,-1100.0,727.38,727.38,-800.0,300.0, ,-0.27,727.4,727.0,400.0,200.0, ,2018-05-24 09:35:18.686000,2018-05-24 09:35:18.686000,, , ,CANCELED, , 
09:35:21,-1.14,-0.49,-1.27,-0.95,0.26,-1.09,-0.44,0.1,-1.06,-0.06,-5.12,-300.0,727.36,0.0,-0.0,300.0, , ,727.38,727.0,300.0,100.0, ,2018-05-24 09:35:22.325000,2018-05-24 09:35:22.325000,, , ,CANCELED, , 
09:35:24,-0.89,-0.17,-1.03,-0.5,0.7,-0.75,-0.01,0.67,-0.89,-0.01,-4.59, , , , , , , ,727.0,726.62,100.0,2000.0, , , ,, , , , , 
09:35:27,-0.8,-0.04,-1.03,-0.41,0.09,-0.79,0.14,0.19,-0.58,0.14,-5.08, , , , , , , ,727.38,727.0,100.0,100.0, , , ,, , , , , 
09:35:30,-0.65,-0.01,-0.88,-0.38,0.02,-0.71,0.03,0.28,-0.34,0.33,-4.84, , , , , , , ,727.28,727.0,300.0,3600.0, , , ,, , , , , 
09:35:33,-0.42,0.35,-0.6,0.16,-0.08,-0.53,0.28,0.21,-0.14,0.61,-4.93, , , , , , , ,727.38,727.01,400.0,7900.0, , , ,, , , , , 
09:35:36,-0.29,0.42,-0.56,-0.05,-0.1,-0.33,0.37,0.21,0.0,0.94,-4.92, , , , , , , ,727.4,727.01,300.0,5700.0, , , ,, , , , , 
09:35:39,-0.45,0.14,-0.81,-0.42,-0.03,-0.42,0.28,0.3,-0.11,0.57,-4.95, , , , , , , ,727.3,727.01,200.0,5600.0, , , ,, , , , , 
09:35:42,-0.51,0.08,-0.63,-0.32,0.02,-0.56,0.18,0.31,-0.34,0.37,-4.83, , , , , , , ,727.3,727.02,100.0,400.0, , , ,, , , , , 
09:35:45,-0.24,0.44,-0.36,0.05,0.04,-0.54,0.42,0.34,0.17,0.84,-4.78, , , , , , , ,727.29,727.02,400.0,300.0, , , ,, , , , , 
09:35:48,-0.43,0.31,-0.66,-0.18,0.14,-0.57,0.4,0.48,-0.05,0.71,-4.67, , , , , , , ,727.14,727.02,100.0,200.0, , , ,, , , , , 
09:35:51,-0.48,0.09,-0.7,-0.22,0.24,-0.65,0.25,0.63,-0.1,0.25,-4.57, , , , , , , ,727.02,727.01,3100.0,6000.0, , , ,, , , , , 
09:35:54,-0.5,0.07,-0.73,-0.21,0.02,-0.51,0.19,0.48,-0.26,0.22,-4.88, , , , , , , ,727.33,727.01,100.0,5900.0, , , ,, , , , , 
09:35:57,0.19,0.6,0.09,0.34,-0.06,-0.28,0.49,0.47,0.75,0.97,-4.96, , , , , , , ,727.38,727.07,100.0,100.0, , , ,, , , , , 
09:36:00,0.46,0.89,0.21,0.54,-0.28,0.05,0.92,0.26,1.1,1.22,-5.24, , , , , , , ,727.4,727.38,100.0,1900.0, , , ,, , , , , 
09:36:03,0.55,0.82,0.21,0.46,-0.29,0.03,0.89,0.29,1.39,1.11,-5.3, , , , , , , ,727.41,727.38,200.0,1153.0, , , ,, , , , , 
09:36:06,0.4,0.64,0.01,0.32,-0.08,0.01,0.62,0.55,1.19,0.99,-5.25, , , , , , , ,727.41,727.07,200.0,53.0, , , ,, , , , , 
09:36:09,0.53,0.81,0.27,0.51,-0.33,0.26,0.83,0.35,1.07,1.1,-5.64, , , , , , , ,727.41,727.4,100.0,1300.0, , , ,, , , , , 
09:36:12,0.65,1.01,0.23,0.48,-0.36,0.23,1.01,0.38,1.5,1.55,-5.82, , , , , , , ,727.47,727.4,100.0,600.0, , , ,, , , , , 
09:36:15,0.62,1.03,0.21,0.59,-0.36,0.29,0.98,0.38,1.37,1.5,-5.96, , , , , , , ,727.47,727.41,200.0,200.0, , , ,, , , , , 
09:36:18,0.44,0.9,0.18,0.49,-0.33,0.14,0.71,0.34,1.02,1.51,-5.97, , , , , , , ,727.49,727.4,200.0,300.0, , , ,, , , , , 
09:36:21,0.43,0.83,0.15,0.43,-0.2,0.18,0.64,0.35,0.96,1.42,-5.92, , , , , , , ,727.42,727.4,100.0,300.0, , , ,, , , , , 
09:36:24,-0.01,0.53,-0.37,0.17,0.14,-0.15,0.57,0.61,0.47,0.84,-5.65, , , , , , , ,727.38,727.02,1300.0,300.0, , , ,, , , , , 
09:36:27,-0.52,0.12,-0.86,0.04,0.18,-0.71,0.07,0.6,0.01,0.24,-5.67, , , , , , , ,727.38,727.01,1300.0,4800.0, , , ,, , , , , 
09:36:30,-0.67,-0.07,-1.0,-0.23,0.2,-0.9,-0.08,0.6,-0.11,0.1,-5.69, , , , , , , ,727.38,727.01,1100.0,4800.0, , , ,, , , , , 
09:36:33,-0.7,-0.12,-0.89,-0.13,0.46,-0.85,-0.22,0.85,-0.35,-0.01,-5.49, , , , , , , ,727.02,727.01,200.0,4752.0, , , ,, , , , , 
09:36:36,-0.78,-0.19,-1.14,-0.13,0.29,-0.79,-0.27,0.66,-0.42,-0.17,-5.71, , , , , , , ,727.3,727.01,400.0,4952.0, , , ,, , , , , 
09:36:39,-0.63,0.09,-0.81,0.06,0.26,-0.63,-0.03,0.61,-0.44,0.25,-5.8, , , , , , , ,727.37,727.01,600.0,4952.0, , , ,, , , , , 
09:36:42,-0.4,0.2,-0.63,0.11,0.28,-0.51,0.09,0.61,-0.08,0.42,-5.87, , , , , , , ,727.36,727.01,100.0,4852.0, , , ,, , , , , 
09:36:45,-0.17,0.33,-0.61,0.06,0.29,-0.25,0.14,0.54,0.35,0.8,-5.92, , , , , , , ,727.36,727.02,200.0,100.0, , , ,, , , , , 
09:36:48,-0.24,0.25,-0.63,-0.02,0.34,-0.33,0.18,0.46,0.24,0.59,-5.96, , , , , , , ,727.36,727.01,700.0,4552.0, , , ,, , , , , 
09:36:51,-0.36,0.02,-0.75,-0.1,0.4,-0.38,-0.07,0.38,0.07,0.24,-6.0, , , , , , , ,727.35,727.01,1100.0,4552.0, , , ,, , , , , 
09:36:54,-0.33,0.11,-0.52,-0.06,0.46,-0.54,0.07,0.23,0.07,0.33,-6.01, , , , , , , ,727.3,727.07,500.0,3000.0, , , ,, , , , , 
09:36:57,-0.29,0.19,-0.42,0.04,0.53,-0.5,0.09,0.09,0.04,0.44,-6.04, , , , , , , ,727.3,727.07,700.0,3000.0, , , ,, , , , , 
09:37:00,-0.47,0.09,-0.57,-0.01,0.54,-0.72,0.09,-0.15,-0.12,0.19,-6.08, , , , , , , ,727.3,727.07,100.0,1100.0, , , ,, , , , , 
09:37:03,-0.63,-0.03,-0.73,-0.01,0.58,-0.77,-0.15,-0.58,-0.4,0.09,-6.13, , , , , , , ,727.3,727.07,1700.0,800.0, , , ,, , , , , 
09:37:06,-0.71,-0.28,-0.89,-0.17,0.62,-0.9,-0.39,-1.19,-0.34,-0.28,-6.22,-300.0,727.28,727.28,-100.0,200.0, ,-0.24,727.3,727.07,2200.0,800.0, ,2018-05-24 09:37:06.647000,2018-05-24 09:37:06.647000,, , ,CANCELED, , 
09:37:09,-0.45,0.04,-0.52,-0.02,0.66,-0.6,0.01,-1.75,-0.23,0.13,-6.31, , , , , , , ,727.28,727.09,200.0,2100.0, , , ,, , , , , 
09:37:12,-0.12,0.16,-0.38,0.04,0.81,-0.3,0.09,-2.21,0.32,0.35,-6.22, , , , , , , ,727.15,727.09,100.0,2100.0, , , ,, , , , , 
09:37:15,0.02,0.3,-0.23,0.1,0.71,-0.09,0.24,-2.66,0.37,0.56,-6.39, , , , , , , ,727.3,727.09,1600.0,2000.0, , , ,, , , , , 
09:37:18,0.13,0.42,-0.14,0.18,0.68,0.06,0.36,-2.95,0.45,0.73,-6.38, , , , , , , ,727.3,727.09,100.0,1800.0, , , ,, , , , , 
09:37:21,0.62,0.99,0.34,0.71,0.48,0.6,0.81,-3.42,0.92,1.45,-6.6, , , , , , , ,727.34,727.3,300.0,2700.0, , , ,, , , , , 
09:37:24,1.09,1.15,0.81,0.82,0.41,0.71,1.2,-3.67,1.74,1.45,-6.78,500.0,727.35,727.35,500.0,700.0, ,-0.41,727.35,727.34,100.0,100.0, ,2018-05-24 09:37:24.632000,2018-05-24 09:37:24.632000,, , ,FILLED, , 
09:37:27,1.16,1.31,0.72,0.88,0.42,1.0,1.26,-3.84,1.74,1.78,-6.81,600.0,727.36,727.36,600.0,1300.0, ,-0.59,727.36,727.3,1000.0,2000.0, ,2018-05-24 09:37:27.629000,2018-05-24 09:37:27.629000,, , ,FILLED, , 
09:37:30,1.23,1.44,0.78,0.98,0.42,1.08,1.57,-4.05,1.84,1.78,-6.9,500.0,727.36,727.36,500.0,1800.0, ,-0.69,727.36,727.3,400.0,2200.0, ,2018-05-24 09:37:30.645000,2018-05-24 09:37:30.645000,, , ,FILLED, , 
09:37:33,1.66,1.58,1.18,1.28,0.37,1.66,1.45,-4.29,2.14,2.02,-7.08,600.0,727.37,727.37,600.0,2400.0, ,-0.72,727.37,727.36,200.0,2000.0, ,2018-05-24 09:37:33.637000,2018-05-24 09:37:33.637000,, , ,FILLED, , 
09:37:36,1.77,1.7,1.43,1.24,0.35,1.62,1.74,-4.5,2.25,2.12,-7.15,600.0,727.39,727.39,600.0,3000.0, ,-0.79,727.39,727.36,100.0,1900.0, ,2018-05-24 09:37:36.648000,2018-05-24 09:37:36.648000,, , ,FILLED, , 
09:37:39,1.46,1.58,0.99,1.07,0.35,1.3,1.66,-4.72,2.1,2.01,-7.28,600.0,727.39,727.39,600.0,3600.0, ,-0.84,727.39,727.36,1300.0,2100.0, ,2018-05-24 09:37:39.655000,2018-05-24 09:37:39.655000,, , ,FILLED, , 
09:37:42,1.63,1.69,1.23,1.24,0.34,1.54,1.74,-4.77,2.12,2.08,-7.39,600.0,727.39,727.39,300.0,3900.0, ,-0.84,727.39,727.38,200.0,2000.0, ,2018-05-24 09:37:42.647000,2018-05-24 09:37:42.647000,, , ,CANCELED, , 
09:37:45,1.89,1.75,1.4,1.47,0.26,1.8,1.68,-4.83,2.46,2.12,-7.46,600.0,727.41,0.0,0.0,3900.0, , ,727.41,727.39,800.0,500.0, ,2018-05-24 09:37:46.416000,2018-05-24 09:37:46.416000,, , ,CANCELED, , 
09:37:48,1.92,1.78,1.36,1.39,0.1,1.68,1.96,-4.96,2.72,1.99,-7.6,600.0,727.49,727.49,300.0,4200.0, ,-0.83,727.49,727.41,100.0,600.0, ,2018-05-24 09:37:48.943000,2018-05-24 09:37:48.943000,, , ,CANCELED, , 
09:37:51,1.93,1.76,1.51,1.3,-0.06,1.86,1.78,-5.28,2.41,2.2,-7.78,400.0,727.5,0.0,0.0,4200.0, , ,727.5,727.49,200.0,500.0, ,2018-05-24 09:37:52.138000,2018-05-24 09:37:52.138000,, , ,CANCELED, , 
09:37:54,1.83,1.75,1.38,1.36,-0.27,1.87,1.8,-5.62,2.22,2.09,-8.03,600.0,727.59,727.59,200.0,4400.0, ,-0.76,727.59,727.5,100.0,900.0, ,2018-05-24 09:37:55.021000,2018-05-24 09:37:55.021000,, , ,CANCELED, , 
09:37:57,1.82,1.73,1.49,1.25,-0.47,1.86,1.63,-5.86,2.12,2.3,-8.31,400.0,727.6,727.6,100.0,4500.0, ,-0.68,727.6,727.59,300.0,500.0, ,2018-05-24 09:37:58.562000,2018-05-24 09:37:58.562000,, , ,CANCELED, , 
09:38:00,1.75,1.74,1.4,1.3,-0.77,1.71,1.9,-6.23,2.16,2.03,-8.55,200.0,727.66,727.66,200.0,4700.0, ,-0.69,727.66,727.6,100.0,400.0, ,2018-05-24 09:38:01.594000,2018-05-24 09:38:01.593000,, , ,FILLED, , 
09:38:03,1.41,1.6,0.99,1.01,-1.07,1.54,1.68,-6.21,1.7,2.1,-8.57, , , , , , , ,727.67,727.4,100.0,200.0, , , ,, , , , , 
09:38:06,0.89,1.26,0.51,0.87,-1.85,1.18,1.23,-6.12,0.97,1.68,-8.89, , , , , , , ,727.69,727.65,100.0,200.0, , , ,, , , , , 
09:38:09,0.35,0.89,0.25,0.52,-2.48,0.73,0.86,-5.97,0.06,1.3,-9.01, , , , , , , ,727.78,727.65,4200.0,100.0, , , ,, , , , , 
09:38:12,0.1,0.7,0.16,0.42,-3.04,0.35,0.84,-5.73,-0.22,0.86,-9.07, , , , , , , ,727.78,727.67,3200.0,100.0, , , ,, , , , , 
09:38:15,0.45,0.95,0.45,0.79,-3.38,0.76,1.08,-5.39,0.15,0.98,-9.09, , , , , , , ,727.78,727.67,3200.0,100.0, , , ,, , , , , 
09:38:18,0.23,0.58,0.17,0.57,-3.61,0.51,0.65,-5.65,0.01,0.52,-9.04, , , , , , , ,727.69,727.67,400.0,100.0, , , ,, , , , , 
09:38:21,0.19,0.62,0.2,0.58,-3.84,0.37,0.76,-5.72,0.02,0.52,-9.0, , , , , , , ,727.66,727.6,300.0,6154.0, , , ,, , , , , 
09:38:24,0.33,0.71,0.12,0.56,-4.07,0.4,1.02,-5.72,0.48,0.56,-8.87, , , , , , , ,727.67,727.6,200.0,5854.0, , , ,, , , , , 
09:38:27,0.02,0.55,-0.13,0.38,-4.25,0.3,0.73,-5.69,-0.11,0.53,-8.92, , , , , , , ,727.66,727.6,100.0,5454.0, , , ,, , , , , 
09:38:30,-0.03,0.42,-0.12,0.35,-4.46,0.17,0.53,-5.51,-0.14,0.37,-8.92, , , , , , , ,727.66,727.6,400.0,6854.0, , , ,, , , , , 
09:38:33,0.16,0.7,0.05,0.4,-4.66,0.36,0.7,-5.53,0.06,1.0,-8.73, , , , , , , ,727.67,727.6,500.0,6654.0, , , ,, , , , , 
09:38:36,-0.06,0.39,-0.23,0.26,-4.86,0.1,0.52,-5.51,-0.06,0.39,-8.76, , , , , , , ,727.67,727.6,500.0,6554.0, , , ,, , , , , 
09:38:39,-0.01,0.35,-0.11,0.26,-5.09,0.25,0.38,-5.61,-0.18,0.42,-8.55, , , , , , , ,727.67,727.6,200.0,6252.0, , , ,, , , , , 
09:38:42,-0.23,0.2,-0.27,0.26,-5.11,-0.11,0.02,-5.47,-0.32,0.32,-8.4, , , , , , , ,727.66,727.6,100.0,6152.0, , , ,, , , , , 
09:38:45,-0.63,0.11,-0.6,0.08,-5.14,-0.72,0.07,-5.43,-0.57,0.16,-8.39, , , , , , , ,727.66,727.6,100.0,3952.0, , , ,, , , , , 
09:38:48,-1.01,-0.28,-1.15,-0.31,-4.96,-1.21,-0.31,-5.17,-0.67,-0.22,-8.29,-3000.0,727.48,727.48,-23.0,4677.0, ,-0.89,727.5,727.4,4048.0,200.0, ,2018-05-24 09:38:48.606000,2018-05-24 09:38:48.606000,, , ,CANCELED, , 
09:38:51,-1.48,-0.71,-1.66,-0.77,-5.12,-1.76,-0.86,-5.07,-1.03,-0.51,-8.35,-3000.0,727.38,727.38,-1400.0,3277.0, ,-0.93,727.4,727.36,500.0,1700.0, ,2018-05-24 09:38:52.028000,2018-05-24 09:38:52.028000,, , ,CANCELED, , 
09:38:54,-1.63,-0.89,-1.76,-0.87,-5.38,-1.98,-1.12,-5.16,-1.16,-0.68,-8.5,-3800.0,727.36,0.0,-0.0,3277.0, , ,727.38,727.36,1600.0,1300.0, ,2018-05-24 09:38:55.050000,2018-05-24 09:38:55.050000,, , ,CANCELED, , 
09:38:57,-1.64,-0.82,-1.88,-0.88,-5.31,-1.94,-0.92,-4.93,-1.11,-0.67,-8.45,-3800.0,727.09,727.09,-500.0,2777.0, ,-1.12,727.3,727.09,4000.0,1800.0, ,2018-05-24 09:38:58.085000,2018-05-24 09:38:58.085000,, , ,CANCELED, , 
09:39:00,-1.71,-0.97,-2.12,-0.9,-5.44,-1.82,-1.18,-4.77,-1.2,-0.82,-8.26,-3300.0,727.01,727.01,-1052.0,1725.0, ,-1.16,727.09,727.01,3400.0,3652.0, ,2018-05-24 09:39:01.105000,2018-05-24 09:39:01.105000,, , ,CANCELED, , 
09:39:03,-1.8,-0.98,-2.09,-0.99,-5.04,-1.93,-1.17,-4.32,-1.36,-0.79,-7.79,-2300.0,726.61,726.61,-153.0,1572.0, ,-1.31,726.75,726.61,500.0,653.0, ,2018-05-24 09:39:04.145000,2018-05-24 09:39:04.145000,, , ,CANCELED, , 
09:39:06,-1.84,-0.93,-2.17,-0.71,-3.98,-1.86,-1.19,-3.71,-1.48,-0.89,-7.05,-2100.0,725.61,725.61,-245.0,1327.0, ,-1.65,726.61,725.61,3247.0,245.0, ,2018-05-24 09:39:07.177000,2018-05-24 09:39:07.176000,, , ,CANCELED, , 
09:39:09,-1.66,-0.51,-1.92,-0.26,-2.86,-1.57,-0.58,-2.96,-1.49,-0.7,-6.19,-1300.0,725.57,0.0,-0.0,1327.0, , ,725.59,725.3,200.0,100.0, ,2018-05-24 09:39:10.201000,2018-05-24 09:39:10.201000,, , ,CANCELED, , 
09:39:12,-1.54,-0.35,-1.83,-0.08,-2.54,-1.44,-0.34,-3.03,-1.35,-0.64,-6.2,-1300.0,725.55,0.0,-0.0,1327.0, , ,725.57,725.22,1300.0,700.0, ,2018-05-24 09:39:13.233000,2018-05-24 09:39:13.233000,, , ,CANCELED, , 
09:39:15,-1.46,-0.13,-1.53,0.13,-1.8,-1.48,-0.03,-2.77,-1.37,-0.49,-5.85, , , , , , , ,725.21,725.01,900.0,200.0, , , ,, , , , , 
09:39:18,-1.58,-0.19,-1.54,0.01,-2.11,-1.82,-0.06,-2.75,-1.4,-0.52,-5.87, , , , , , , ,725.2,725.0,1300.0,200.0, , , ,, , , , , 
09:39:21,-1.36,0.26,-1.29,0.25,-1.57,-1.43,0.56,-2.08,-1.35,-0.04,-5.22, , , , , , , ,725.21,724.01,200.0,200.0, , , ,, , , , , 
09:39:24,-0.89,0.67,-0.59,0.82,-1.43,-1.14,0.93,-1.96,-0.93,0.27,-5.09, , , , , , , ,725.0,724.01,2900.0,300.0, , , ,, , , , , 
09:39:27,-0.94,0.46,-0.74,0.44,-1.39,-1.03,0.72,-1.97,-1.04,0.23,-5.16, , , , , , , ,724.99,724.01,1200.0,300.0, , , ,, , , , , 
09:39:30,-0.53,0.7,-0.15,0.88,-1.25,-0.7,0.71,-2.03,-0.74,0.52,-5.26, , , , , , , ,724.99,724.06,1200.0,278.0, , , ,, , , , , 
09:39:33,-0.4,1.02,-0.27,1.14,-0.55,-0.38,1.24,-1.36,-0.55,0.67,-4.62, , , , , , , ,724.01,724.0,1022.0,400.0, , , ,, , , , , 
09:39:36,-0.44,1.01,-0.41,1.17,-0.44,-0.18,1.23,-1.31,-0.73,0.64,-4.63, , , , , , , ,724.01,723.88,922.0,100.0, , , ,, , , , , 
09:39:39,-0.41,1.08,-0.39,1.14,-0.52,-0.09,1.12,-1.32,-0.74,0.96,-4.65, , , , , , , ,724.01,723.85,222.0,131.0, , , ,, , , , , 
09:39:42,-0.43,0.98,-0.32,1.11,-0.3,-0.28,1.04,-1.31,-0.67,0.78,-4.57, , , , , , , ,723.88,723.85,122.0,31.0, , , ,, , , , , 
09:39:45,-0.37,1.06,-0.3,1.05,-0.33,-0.11,1.02,-1.43,-0.68,1.11,-4.69, , , , , , , ,724.0,723.85,1122.0,31.0, , , ,, , , , , 
09:39:48,-0.34,0.88,-0.23,1.08,-0.2,-0.11,0.98,-1.34,-0.68,0.58,-4.56, , , , , , , ,723.85,723.81,1782.0,100.0, , , ,, , , , , 
09:39:51,-0.31,0.93,-0.22,1.12,-0.07,0.01,0.94,-1.29,-0.7,0.72,-4.45, , , , , , , ,723.85,723.65,1682.0,100.0, , , ,, , , , , 
09:39:54,-0.04,1.18,0.07,1.4,0.68,0.15,1.2,-0.44,-0.35,0.96,-3.63, , , , , , , ,723.25,723.01,300.0,300.0, , , ,, , , , , 
09:39:57,0.13,1.4,0.09,1.45,0.68,0.54,1.35,-0.46,-0.24,1.39,-3.48, , , , , , , ,723.65,722.6,100.0,100.0, , , ,, , , , , 
09:40:00,-0.06,1.22,-0.21,1.34,0.35,0.29,1.3,-0.79,-0.28,1.01,-3.82, , , , , , , ,723.65,723.01,200.0,200.0, , , ,, , , , , 
09:40:03,-0.06,1.19,-0.15,1.34,1.01,0.4,1.28,-0.11,-0.43,0.96,-3.03, , , , , , , ,723.01,722.6,1300.0,100.0, , , ,, , , , , 
09:40:06,0.13,1.1,0.15,1.34,0.85,0.51,1.14,-0.2,-0.28,0.8,-2.95, , , , , , , ,723.01,722.6,1500.0,700.0, , , ,, , , , , 
09:40:09,-0.08,1.38,0.21,1.58,-0.88,0.24,1.2,-1.85,-0.7,1.34,-4.54, , , , , , , ,724.06,723.81,104.0,100.0, , , ,, , , , , 
09:40:12,-0.5,1.1,-0.15,1.45,-1.02,-0.74,1.14,-1.85,-0.61,0.72,-4.38, , , , , , , ,724.06,723.81,1804.0,300.0, , , ,, , , , , 
09:40:15,0.08,1.44,0.36,1.73,-0.59,0.18,1.45,-1.35,-0.31,1.15,-3.77, , , , , , , ,723.81,723.25,100.0,100.0, , , ,, , , , , 
09:40:18,-0.15,1.25,0.09,1.5,-0.97,-0.12,1.33,-1.73,-0.42,0.92,-4.22, , , , , , , ,724.06,723.55,1704.0,100.0, , , ,, , , , , 
09:40:21,-0.29,1.24,0.16,1.44,0.13,-0.24,1.38,-0.67,-0.79,0.91,-3.21, , , , , , , ,723.01,723.0,700.0,200.0, , , ,, , , , , 
09:40:24,0.09,1.21,0.48,1.56,-0.61,0.23,1.58,-1.55,-0.43,0.5,-3.95, , , , , , , ,724.06,723.01,1804.0,2300.0, , , ,, , , , , 
09:40:27,-0.05,1.16,0.06,1.44,-0.64,0.13,1.4,-1.6,-0.33,0.65,-3.88, , , , , , , ,724.06,723.01,1804.0,2300.0, , , ,, , , , , 
09:40:30,-0.48,0.98,-0.32,1.42,-1.17,-0.34,1.18,-2.21,-0.79,0.35,-4.21, , , , , , , ,724.0,723.81,100.0,100.0, , , ,, , , , , 
09:40:33,-0.38,1.08,-0.12,1.42,-0.66,-0.17,1.22,-1.77,-0.85,0.61,-3.5, , , , , , , ,723.98,723.02,100.0,300.0, , , ,, , , , , 
09:40:36,-0.11,1.08,0.08,1.46,-0.7,0.19,1.37,-1.83,-0.6,0.4,-3.51, , , , , , , ,723.98,723.02,100.0,300.0, , , ,, , , , , 
09:40:39,-0.12,1.01,-0.12,1.32,-0.87,0.04,1.27,-2.09,-0.3,0.43,-3.66, , , , , , , ,724.0,723.2,100.0,500.0, , , ,, , , , , 
09:40:42,-0.25,0.93,-0.04,1.43,-0.98,-0.11,1.17,-2.25,-0.58,0.18,-3.72, , , , , , , ,724.06,723.2,1804.0,400.0, , , ,, , , , , 
09:40:45,-0.21,1.09,-0.08,1.43,-1.35,0.0,1.23,-2.62,-0.56,0.59,-4.01, , , , , , , ,724.06,723.67,1804.0,100.0, , , ,, , , , , 
09:40:48,-0.34,1.0,0.09,1.35,-1.07,-0.37,1.36,-2.35,-0.73,0.3,-3.6, , , , , , , ,724.06,723.2,1904.0,500.0, , , ,, , , , , 
09:40:51,-0.38,0.85,-0.0,1.19,-1.12,-0.53,1.03,-2.48,-0.6,0.33,-3.56, , , , , , , ,724.06,723.2,1904.0,400.0, , , ,, , , , , 
09:40:54,-0.51,0.7,-0.13,1.07,-1.16,-0.63,0.94,-2.68,-0.76,0.09,-3.55, , , , , , , ,724.0,723.3,100.0,100.0, , , ,, , , , , 
09:40:57,-0.76,0.73,-0.56,0.96,-1.07,-0.84,0.91,-2.8,-0.89,0.33,-3.4, , , , , , , ,724.0,723.15,100.0,300.0, , , ,, , , , , 
09:41:00,-0.74,0.71,-0.58,0.99,-1.16,-0.87,1.05,-3.03,-0.75,0.1,-3.25, , , , , , , ,724.0,723.2,100.0,100.0, , , ,, , , , , 
09:41:03,-0.87,0.42,-0.84,0.6,-1.06,-0.88,0.57,-3.04,-0.9,0.09,-3.08, , , , , , , ,723.99,723.01,1300.0,2500.0, , , ,, , , , , 
09:41:06,-1.05,0.04,-1.18,0.3,-1.14,-0.88,0.01,-3.15,-1.09,-0.2,-3.02, , , , , , , ,723.95,723.01,100.0,2500.0, , , ,, , , , , 
09:41:09,-0.92,0.22,-1.07,0.36,-0.7,-0.77,0.34,-2.69,-0.9,-0.03,-2.48, , , , , , , ,723.2,723.01,100.0,1200.0, , , ,, , , , , 
09:41:12,-1.14,-0.2,-1.42,-0.05,-0.7,-0.82,0.03,-2.73,-1.17,-0.59,-2.0,-1300.0,723.18,0.0,-0.0,1327.0, , ,723.2,723.0,200.0,784.0, ,2018-05-24 09:41:12.614000,2018-05-24 09:41:12.614000,, , ,CANCELED, , 
09:41:15,-1.26,-0.58,-1.56,-0.54,-0.76,-1.04,-0.54,-2.75,-1.19,-0.65,-1.36,-1300.0,723.16,0.0,-0.0,1327.0, , ,723.18,723.01,1300.0,200.0, ,2018-05-24 09:41:16.269000,2018-05-24 09:41:16.269000,, , ,CANCELED, , 
09:41:18,-1.41,-0.65,-1.55,-0.63,-0.78,-1.23,-0.55,-2.77,-1.46,-0.77,-0.76,-1300.0,723.14,723.14,-100.0,1227.0, ,-2.37,723.16,723.06,1300.0,200.0, ,2018-05-24 09:41:19.288000,2018-05-24 09:41:19.288000,, , ,CANCELED, , 
09:41:21,-1.37,-0.52,-1.54,-0.67,-0.8,-1.07,-0.32,-2.79,-1.51,-0.58,-0.16,-1200.0,723.12,0.0,-0.0,1227.0, , ,723.14,723.06,1300.0,400.0, ,2018-05-24 09:41:22.353000,2018-05-24 09:41:22.353000,, , ,CANCELED, , 
09:41:24,-1.42,-0.48,-1.56,-0.4,-0.94,-1.19,-0.29,-2.63,-1.52,-0.74,-0.17,-1200.0,723.1,723.1,-30.0,1197.0, ,-2.37,723.12,723.06,1200.0,100.0, ,2018-05-24 09:41:25.356000,2018-05-24 09:41:25.356000,, , ,CANCELED, , 
09:41:27,-1.41,-0.41,-1.51,-0.38,-0.94,-1.3,-0.19,-2.65,-1.42,-0.65,-0.17,-1100.0,723.08,0.0,-0.0,1197.0, , ,723.1,723.01,1170.0,100.0, ,2018-05-24 09:41:28.370000,2018-05-24 09:41:28.370000,, , ,CANCELED, , 
09:41:30,-1.26,-0.33,-1.34,-0.17,-1.02,-1.06,-0.16,-2.63,-1.37,-0.67,-0.04,-1100.0,723.06,0.0,-0.0,1197.0, , ,723.08,723.01,1100.0,100.0, ,2018-05-24 09:41:31.381000,2018-05-24 09:41:31.381000,, , ,CANCELED, , 
09:41:33,-1.17,-0.2,-1.22,-0.21,-1.13,-1.0,0.09,-2.42,-1.3,-0.49,0.0,-1100.0,723.04,0.0,-0.0,1197.0, , ,723.06,723.0,1700.0,169.0, ,2018-05-24 09:41:33.903000,2018-05-24 09:41:33.903000,, , ,CANCELED, , 
09:41:36,-1.18,-0.26,-1.17,-0.06,-1.09,-1.06,0.1,-2.35,-1.32,-0.82,0.0,-1100.0,722.98,722.98,-100.0,1097.0, ,-2.41,723.0,722.92,931.0,100.0, ,2018-05-24 09:41:37.427000,2018-05-24 09:41:37.427000,, , ,CANCELED, , 
09:41:39,-1.13,-0.26,-1.09,-0.11,-1.2,-1.0,0.05,-2.13,-1.29,-0.73,0.38,-1000.0,722.96,722.96,-200.0,897.0, ,-2.41,722.98,722.92,1000.0,144.0, ,2018-05-24 09:41:39.943000,2018-05-24 09:41:39.943000,, , ,CANCELED, , 
09:41:42,-1.11,-0.29,-1.0,-0.05,-1.29,-0.95,-0.07,-1.97,-1.37,-0.75,0.35,-800.0,722.94,722.94,-36.0,861.0, ,-2.41,722.96,722.92,800.0,44.0, ,2018-05-24 09:41:42.951000,2018-05-24 09:41:42.951000,, , ,CANCELED, , 
09:41:45,-1.19,-0.28,-0.97,-0.13,-1.17,-0.99,-0.02,-1.79,-1.61,-0.69,0.61,-800.0,722.92,723.0,-800.0,61.0,-11079.99,-2.38,722.94,722.7,764.0,100.0, ,2018-05-24 09:41:46.480000,2018-05-24 09:41:46.480000,, , ,FILLED,4641480.603241678,4652560.591167251
09:41:48,-1.12,-0.23,-0.89,0.15,-1.28,-0.88,0.04,-1.97,-1.58,-0.86,0.77, , , , , , , ,723.0,722.7,139.0,100.0, , , ,, , , , , 
09:41:51,-0.99,-0.29,-0.7,0.05,-1.35,-0.87,0.04,-2.08,-1.41,-0.96,0.67, , , , , , , ,722.92,722.7,600.0,100.0, , , ,, , , , , 
09:41:54,-1.11,-0.43,-0.74,-0.03,-1.5,-0.93,-0.05,-2.21,-1.65,-1.22,0.79, , , , , , , ,722.92,722.66,800.0,100.0, , , ,, , , , , 
09:41:57,-0.91,-0.2,-0.61,0.12,-1.73,-0.67,0.12,-2.41,-1.43,-0.85,0.83, , , , , , , ,722.92,722.68,700.0,200.0, , , ,, , , , , 
09:42:00,-1.0,-0.15,-0.64,0.01,-1.91,-0.86,0.23,-2.42,-1.51,-0.68,0.89, , , , , , , ,722.92,722.66,700.0,100.0, , , ,, , , , , 
09:42:03,-1.0,-0.18,-0.73,-0.04,-1.89,-0.9,0.18,-2.26,-1.39,-0.68,1.06, , , , , , , ,722.68,722.63,100.0,200.0, , , ,, , , , , 
09:42:06,-0.8,-0.09,-0.57,0.13,-2.02,-0.79,0.16,-2.31,-1.05,-0.55,1.15, , , , , , , ,722.7,722.62,100.0,200.0, , , ,, , , , , 
09:42:09,-0.77,0.0,-0.62,0.11,-1.9,-0.61,0.32,-2.18,-1.08,-0.42,1.3, , , , , , , ,722.68,722.39,300.0,600.0, , , ,, , , , , 
09:42:12,-0.85,-0.05,-0.64,0.14,-1.94,-0.77,0.38,-2.26,-1.13,-0.67,1.27, , , , , , , ,722.68,722.39,300.0,600.0, , , ,, , , , , 
09:42:15,-0.8,0.06,-0.57,0.15,-2.12,-0.78,0.41,-2.45,-1.07,-0.37,1.09, , , , , , , ,722.68,722.6,100.0,100.0, , , ,, , , , , 
09:42:18,-0.77,-0.01,-0.64,0.11,-1.92,-0.67,0.18,-2.28,-0.99,-0.31,1.15, , , , , , , ,722.68,722.31,100.0,200.0, , , ,, , , , , 
09:42:21,-0.79,0.09,-0.56,0.12,-2.01,-0.54,0.29,-2.36,-1.28,-0.13,1.08, , , , , , , ,722.66,722.4,1400.0,100.0, , , ,, , , , , 
09:42:24,-0.91,-0.03,-0.71,0.06,-1.73,-0.74,0.3,-2.25,-1.29,-0.46,1.2, , , , , , , ,722.66,722.22,1400.0,1000.0, , , ,, , , , , 
09:42:27,-0.98,-0.11,-1.01,-0.14,-1.46,-0.69,0.27,-1.98,-1.25,-0.45,1.54, , , , , , , ,722.28,722.1,100.0,200.0, , , ,, , , , , 
09:42:30,-0.85,0.09,-0.67,0.21,-1.67,-0.76,0.54,-2.26,-1.11,-0.46,1.32, , , , , , , ,722.66,722.03,100.0,100.0, , , ,, , , , , 
09:42:33,-0.69,0.21,-0.48,0.18,-1.35,-0.37,0.61,-2.21,-1.22,-0.17,1.46, , , , , , , ,722.28,722.23,1700.0,67.0, , , ,, , , , , 
09:42:36,-0.93,0.03,-0.77,0.04,-1.1,-0.78,0.48,-2.04,-1.23,-0.44,1.73, , , , , , , ,722.1,722.02,33.0,200.0, , , ,, , , , , 
09:42:39,-1.05,-0.15,-1.13,-0.18,-0.84,-0.67,0.19,-2.01,-1.34,-0.48,1.79, , , , , , , ,722.02,722.01,200.0,100.0, , , ,, , , , , 
09:42:42,-1.15,-0.16,-1.14,-0.23,-0.68,-0.82,0.22,-2.0,-1.49,-0.47,1.7, , , , , , , ,722.01,722.0,100.0,1000.0, , , ,, , , , , 
09:42:45,-0.89,0.05,-0.81,0.07,-0.57,-0.43,0.38,-1.95,-1.43,-0.3,1.56, , , , , , , ,722.0,721.88,1100.0,200.0, , , ,, , , , , 
09:42:48,-0.99,-0.01,-0.83,-0.03,-0.69,-0.76,0.43,-1.94,-1.4,-0.41,1.36, , , , , , , ,722.0,721.85,1900.0,4200.0, , , ,, , , , , 
09:42:51,-1.32,-0.31,-1.29,-0.38,-0.71,-0.96,-0.02,-1.79,-1.71,-0.54,1.26, , , , , , , ,721.83,721.81,100.0,300.0, , , ,, , , , , 
09:42:54,-1.32,-0.4,-1.22,-0.43,-0.64,-0.98,-0.16,-1.59,-1.75,-0.62,1.2, , , , , , , ,721.81,721.5,900.0,100.0, , , ,, , , , , 
09:42:57,-1.07,-0.24,-1.14,-0.4,-0.51,-0.58,0.14,-1.14,-1.5,-0.47,1.29, , , , , , , ,721.5,721.35,200.0,100.0, , , ,, , , , , 
09:43:00,-1.12,-0.17,-1.18,-0.48,-0.32,-0.76,0.43,-0.98,-1.42,-0.47,1.28, , , , , , , ,721.35,721.2,200.0,100.0, , , ,, , , , , 
09:43:03,-0.94,-0.05,-1.16,-0.4,-0.35,-0.46,0.52,-0.91,-1.19,-0.26,1.07, , , , , , , ,721.35,721.2,200.0,100.0, , , ,, , , , , 
09:43:06,-0.89,0.01,-1.11,-0.34,-0.3,-0.47,0.62,-0.73,-1.11,-0.26,1.27, , , , , , , ,721.33,721.08,100.0,100.0, , , ,, , , , , 
09:43:09,-0.69,0.13,-0.94,-0.23,-0.12,-0.13,0.63,-0.56,-1.01,-0.01,1.65, , , , , , , ,721.08,721.02,300.0,200.0, , , ,, , , , , 
09:43:12,-0.71,0.22,-0.89,-0.18,-0.29,-0.14,0.78,-0.48,-1.1,0.06,1.89, , , , , , , ,721.2,721.02,400.0,400.0, , , ,, , , , , 
09:43:15,-0.48,0.33,-0.74,-0.05,-0.39,0.11,0.76,-0.49,-0.81,0.26,2.15, , , , , , , ,721.2,721.11,200.0,100.0, , , ,, , , , , 
09:43:18,-0.38,0.45,-0.61,0.14,-0.34,0.3,0.84,-0.48,-0.82,0.38,2.51, , , , , , , ,721.2,721.0,300.0,100.0, , , ,, , , , , 
09:43:21,-0.16,0.59,-0.48,0.38,-0.32,0.5,0.82,-0.52,-0.5,0.58,2.87, , , , , , , ,721.11,721.0,100.0,100.0, , , ,, , , , , 
09:43:24,0.05,0.75,-0.1,0.53,-0.26,0.73,0.99,-0.45,-0.48,0.73,3.07, , , , , , , ,721.11,720.89,100.0,300.0, , , ,, , , , , 
09:43:27,0.27,0.96,0.07,0.75,-1.13,0.8,1.11,-1.18,-0.06,1.03,2.38, , , , , , , ,721.81,721.35,200.0,100.0, , , ,, , , , , 
09:43:30,0.28,1.06,-0.0,0.88,-0.3,0.7,1.26,-0.09,0.14,1.03,3.29, , , , , , , ,720.97,720.89,200.0,200.0, , , ,, , , , , 
09:43:33,0.62,1.19,0.31,1.11,-0.55,1.18,1.34,-0.12,0.37,1.11,3.12, , , , , , , ,721.11,721.0,100.0,500.0, , , ,, , , , , 
09:43:36,0.35,1.33,0.19,1.13,-1.33,0.77,1.6,-0.83,0.08,1.27,2.33, , , , , , , ,722.0,721.11,600.0,100.0, , , ,, , , , , 
09:43:39,0.29,1.31,0.42,1.28,-1.31,0.53,1.39,-0.77,-0.08,1.27,2.29, , , , , , , ,721.91,721.11,300.0,1000.0, , , ,, , , , , 
09:43:42,0.43,1.26,0.41,1.33,-1.32,0.8,1.47,-0.79,0.08,0.99,2.3, , , , , , , ,721.91,721.11,300.0,500.0, , , ,, , , , , 
09:43:45,0.19,1.25,0.29,1.26,-1.33,0.39,1.49,-0.74,-0.12,1.01,2.43, , , , , , , ,721.91,721.08,100.0,800.0, , , ,, , , , , 
09:43:48,-0.26,0.88,0.05,0.98,-1.47,-0.02,1.1,-0.78,-0.81,0.55,2.51, , , , , , , ,721.83,721.35,4200.0,100.0, , , ,, , , , , 
09:43:51,-0.4,0.47,-0.01,0.71,-0.78,-0.15,0.52,-0.06,-1.04,0.18,3.42, , , , , , , ,721.11,721.08,11700.0,100.0, , , ,, , , , , 
09:43:54,-0.49,0.32,-0.37,0.72,-0.76,-0.27,0.18,0.03,-0.84,0.06,3.56, , , , , , , ,721.08,721.02,392.0,100.0, , , ,, , , , , 
09:43:57,-0.39,0.42,-0.27,0.73,-0.6,-0.18,0.4,0.11,-0.72,0.14,3.57, , , , , , , ,721.11,720.97,10892.0,1000.0, , , ,, , , , , 
09:44:00,-0.47,0.39,-0.24,0.72,-0.66,-0.22,0.33,0.29,-0.94,0.14,3.62, , , , , , , ,721.08,721.0,100.0,100.0, , , ,, , , , , 
09:44:03,-0.31,0.42,-0.24,0.56,-0.61,-0.05,0.48,0.3,-0.66,0.23,3.66, , , , , , , ,721.11,721.0,10292.0,300.0, , , ,, , , , , 
09:44:06,-0.45,0.29,-0.45,0.37,-0.37,-0.18,0.35,0.48,-0.73,0.17,3.9, , , , , , , ,720.97,720.92,300.0,100.0, , , ,, , , , , 
09:44:09,-0.81,0.04,-0.71,0.13,-0.36,-0.6,0.03,0.55,-1.1,-0.05,4.0, , , , , , , ,720.92,720.9,400.0,400.0, , , ,, , , , , 
09:44:12,-0.78,0.1,-0.63,0.16,-0.22,-0.56,0.09,1.01,-1.14,0.07,4.0, , , , , , , ,720.97,720.88,400.0,100.0, , , ,, , , , , 
09:44:15,-0.84,-0.06,-0.76,0.03,-0.02,-0.61,-0.09,1.79,-1.15,-0.11,4.16, , , , , , , ,720.91,720.73,100.0,200.0, , , ,, , , , , 
09:44:18,-0.85,-0.05,-0.8,0.02,-0.11,-0.59,-0.07,2.4,-1.16,-0.11,4.17, , , , , , , ,720.97,720.7,200.0,1100.0, , , ,, , , , , 
09:44:21,-0.73,0.14,-0.74,0.17,-0.19,-0.37,0.02,3.0,-1.08,0.22,4.24, , , , , , , ,720.88,720.75,1600.0,100.0, , , ,, , , , , 
09:44:24,-0.56,0.34,-0.55,0.29,-0.2,-0.27,0.33,2.98,-0.86,0.4,4.24, , , , , , , ,720.88,720.77,1100.0,100.0, , , ,, , , , , 
09:44:27,-0.47,0.39,-0.5,0.2,-0.09,-0.17,0.5,2.97,-0.76,0.48,4.3, , , , , , , ,720.88,720.7,1400.0,600.0, , , ,, , , , , 
09:44:30,-0.73,0.13,-0.77,0.02,0.34,-0.38,0.13,3.33,-1.05,0.24,4.58, , , , , , , ,720.73,720.51,100.0,94.0, , , ,, , , , , 
09:44:33,-0.9,0.06,-0.92,0.07,0.48,-0.56,-0.07,3.35,-1.22,0.17,4.62, , , , , , , ,720.73,720.51,200.0,94.0, , , ,, , , , , 
09:44:36,-1.15,-0.26,-0.98,-0.24,0.49,-0.94,-0.57,3.26,-1.53,0.03,4.69, , , , , , , ,720.7,720.52,11500.0,100.0, , , ,, , , , , 
09:44:39,-1.08,-0.19,-1.07,-0.25,0.6,-0.73,-0.44,3.75,-1.44,0.1,4.83, , , , , , , ,720.52,720.51,200.0,194.0, , , ,, , , , , 
09:44:42,-1.17,-0.18,-1.01,-0.17,0.6,-1.06,-0.37,3.74,-1.46,0.0,4.85, , , , , , , ,720.51,720.5,100.0,3100.0, , , ,, , , , , 
09:44:45,-0.93,0.03,-1.01,-0.01,0.49,-0.7,-0.07,3.69,-1.08,0.18,4.73, , , , , , , ,720.7,720.5,10206.0,3200.0, , , ,, , , , , 
09:44:48,-0.75,0.12,-0.82,-0.07,0.72,-0.48,0.2,4.03,-0.96,0.23,4.96, , , , , , , ,720.51,720.5,700.0,3000.0, , , ,, , , , , 
09:44:51,-0.81,-0.05,-1.01,-0.21,0.76,-0.34,-0.11,3.88,-1.09,0.16,5.09, , , , , , , ,720.51,720.5,600.0,1800.0, , , ,, , , , , 
09:44:54,-0.79,-0.01,-0.86,-0.04,0.79,-0.48,-0.23,3.96,-1.04,0.25,5.19, , , , , , , ,720.51,720.5,200.0,1000.0, , , ,, , , , , 
09:44:57,-0.79,-0.02,-0.82,-0.04,0.85,-0.55,-0.31,4.02,-1.01,0.29,5.26, , , , , , , ,720.51,720.5,100.0,451.0, , , ,, , , , , 
09:45:00,-0.15,0.95,-0.05,1.02,0.49,0.27,0.97,3.52,-0.68,0.85,4.79, , , , , , , ,720.91,720.88,100.0,3794.0, , , ,, , , , , 
09:45:03,0.56,1.21,0.27,1.27,1.26,1.39,1.33,4.25,0.03,1.03,5.61, , , , , , , ,720.5,720.22,200.0,100.0, , , ,, , , , , 
09:45:06,0.58,1.23,0.5,1.13,0.81,1.14,1.28,3.86,0.11,1.28,5.19, , , , , , , ,720.91,720.5,100.0,3400.0, , , ,, , , , , 
09:45:09,0.51,1.25,0.48,1.17,0.79,0.91,1.29,3.79,0.13,1.3,5.21, , , , , , , ,720.98,720.51,100.0,100.0, , , ,, , , , , 
09:45:12,0.53,1.24,0.44,1.27,1.2,0.77,1.24,3.69,0.38,1.21,5.16, , , , , , , ,721.02,720.56,200.0,200.0, , , ,, , , , , 
09:45:15,0.6,1.33,0.37,1.45,1.77,0.86,1.28,3.6,0.57,1.25,5.11, , , , , , , ,721.11,720.56,9192.0,200.0, , , ,, , , , , 
09:45:18,0.7,1.42,0.49,1.63,2.4,1.0,1.23,3.45,0.61,1.4,5.17, , , , , , , ,721.11,720.56,7392.0,200.0, , , ,, , , , , 
09:45:21,0.71,1.49,0.54,1.74,3.39,1.05,1.45,3.84,0.54,1.28,5.65, , , , , , , ,720.56,720.52,900.0,300.0, , , ,, , , , , 
09:45:24,0.53,1.29,0.51,1.53,3.4,0.81,1.34,3.88,0.28,1.02,5.68, , , , , , , ,720.52,720.51,800.0,600.0, , , ,, , , , , 
09:45:27,0.5,1.33,0.55,1.51,2.92,0.72,1.32,3.43,0.23,1.16,5.25, , , , , , , ,721.11,720.55,5292.0,100.0, , , ,, , , , , 
09:45:30,0.51,1.37,0.55,1.56,2.74,0.85,1.4,3.14,0.13,1.16,4.96, , , , , , , ,721.11,720.97,4592.0,91.0, , , ,, , , , , 
09:45:33,0.69,1.57,0.76,1.77,2.74,0.92,1.65,3.12,0.39,1.27,4.96, , , , , , , ,721.11,721.0,3901.0,100.0, , , ,, , , , , 
09:45:36,0.6,1.59,0.77,1.91,2.79,0.92,1.72,3.27,0.1,1.15,5.27, , , , , , , ,721.0,720.89,100.0,400.0, , , ,, , , , , 
09:45:39,0.44,1.34,0.64,1.6,3.34,0.74,1.36,3.46,-0.07,1.07,5.59, , , , , , , ,721.06,720.56,200.0,900.0, , , ,, , , , , 
09:45:42,0.32,1.24,0.54,1.45,3.04,0.65,1.32,3.09,-0.24,0.95,5.34, , , , , , , ,721.1,720.91,900.0,100.0, , , ,, , , , , 
09:45:45,0.36,1.26,0.63,1.42,3.13,0.5,1.41,2.87,-0.04,0.95,5.25, , , , , , , ,721.1,720.91,200.0,100.0, , , ,, , , , , 
09:45:48,0.44,1.22,0.65,1.53,3.33,0.58,1.33,2.63,0.08,0.81,5.1, , , , , , , ,721.11,720.91,1901.0,100.0, , , ,, , , , , 
09:45:51,0.45,1.26,0.68,1.57,3.06,0.58,1.3,2.28,0.08,0.92,4.85, , , , , , , ,721.11,721.06,501.0,100.0, , , ,, , , , , 
09:45:54,0.53,1.27,0.86,1.59,3.12,0.68,1.45,1.96,0.07,0.78,4.73, , , , , , , ,721.11,721.1,501.0,100.0, , , ,, , , , , 
09:45:57,0.48,1.22,0.71,1.38,3.17,0.62,1.49,1.73,0.12,0.79,4.86, , , , , , , ,721.11,721.1,501.0,100.0, , , ,, , , , , 
09:46:00,0.37,1.19,0.72,1.41,3.13,0.64,1.37,1.42,-0.25,0.8,4.86, , , , , , , ,721.24,721.11,100.0,99.0, , , ,, , , , , 
09:46:03,0.01,1.13,0.31,1.29,2.5,0.16,1.25,0.59,-0.45,0.85,4.17, , , , , , , ,722.0,721.24,300.0,200.0, , , ,, , , , , 
09:46:06,0.05,1.01,0.43,1.3,3.21,0.29,1.12,1.32,-0.57,0.62,4.73, , , , , , , ,721.24,721.11,300.0,799.0, , , ,, , , , , 
09:46:09,-0.0,1.44,0.34,1.95,3.17,0.14,1.57,1.45,-0.48,0.79,4.53, , , , , , , ,721.27,721.11,300.0,799.0, , , ,, , , , , 
09:46:12,-0.26,1.49,-0.04,1.95,3.05,0.09,1.75,1.69,-0.83,0.77,4.27, , , , , , , ,721.27,721.24,100.0,100.0, , , ,, , , , , 
09:46:15,-0.99,0.91,-0.87,0.87,0.6,-0.9,1.24,-0.39,-1.2,0.62,1.85, , , , , , , ,723.99,722.0,1300.0,5300.0, , , ,, , , , , 
09:46:18,-1.4,0.53,-1.41,0.68,0.44,-1.32,0.69,-0.12,-1.47,0.22,1.84, , , , , , , ,724.0,722.0,10300.0,5000.0, , , ,, , , , , 
09:46:21,-1.35,0.58,-1.31,0.52,0.44,-1.28,0.93,0.18,-1.46,0.28,1.91, , , , , , , ,724.0,722.0,9500.0,5500.0, , , ,, , , , , 
09:46:24,-1.95,0.37,-1.91,0.26,0.52,-1.89,0.59,0.38,-2.03,0.26,1.92, , , , , , , ,723.88,722.0,400.0,5600.0, , , ,, , , , , 
09:46:27,-1.97,0.34,-1.85,0.36,0.51,-1.91,0.31,0.5,-2.15,0.35,1.91, , , , , , , ,723.88,722.0,1000.0,600.0, , , ,, , , , , 
09:46:30,-2.15,0.64,-1.62,0.96,0.64,-2.42,0.8,0.64,-2.41,0.15,2.04, , , , , , , ,723.69,722.0,500.0,700.0, , , ,, , , , , 
09:46:33,-1.81,0.64,-1.33,0.82,-0.05,-2.04,0.99,-0.06,-2.05,0.1,1.43, , , , , , , ,723.69,723.0,500.0,100.0, , , ,, , , , , 
09:46:36,-2.12,0.19,-1.67,0.05,0.43,-2.31,0.57,0.33,-2.39,-0.05,2.14, , , , , , , ,723.69,722.3,600.0,100.0, , , ,, , , , , 
09:46:39,-1.79,0.41,-1.17,0.8,0.91,-2.01,0.9,0.71,-2.2,-0.45,2.78, , , , , , , ,723.0,722.3,100.0,100.0, , , ,, , , , , 
09:46:42,-1.99,-0.36,-1.67,-0.27,-0.91,-2.06,-0.33,-0.99,-2.24,-0.48,1.23, , , , , , , ,723.9,723.88,100.0,200.0, , , ,, , , , , 
09:46:45,-1.41,0.23,-1.25,0.04,-0.25,-1.39,0.43,0.0,-1.59,0.23,2.11, , , , , , , ,723.5,723.0,100.0,200.0, , , ,, , , , , 
09:46:48,-1.44,0.36,-1.29,0.66,-0.47,-1.73,0.13,0.22,-1.31,0.28,2.1, , , , , , , ,723.5,723.0,1300.0,100.0, , , ,, , , , , 
09:46:51,-1.48,0.2,-1.37,0.6,-0.7,-1.6,0.09,0.44,-1.46,-0.1,2.12, , , , , , , ,723.49,722.99,1200.0,300.0, , , ,, , , , , 
09:46:54,-1.67,-0.18,-1.42,-0.14,-1.29,-1.85,-0.19,0.23,-1.75,-0.21,1.84, , , , , , , ,723.9,722.99,1200.0,400.0, , , ,, , , , , 
09:46:57,-1.2,0.17,-1.02,-0.04,-1.57,-1.38,0.24,0.17,-1.19,0.29,1.77, , , , , , , ,724.0,722.99,9300.0,400.0, , , ,, , , , , 
09:47:00,-1.38,0.14,-1.25,0.11,-1.66,-1.65,0.08,0.35,-1.24,0.23,1.91, , , , , , , ,723.8,723.0,2100.0,500.0, , , ,, , , , , 
09:47:03,-1.22,-0.05,-1.08,-0.01,-1.87,-1.5,-0.15,0.41,-1.07,0.02,1.91, , , , , , , ,723.8,723.0,2100.0,600.0, , , ,, , , , , 
09:47:06,-1.24,0.05,-1.18,0.18,-1.76,-1.38,-0.12,0.49,-1.17,0.08,1.91, , , , , , , ,723.8,723.0,2600.0,1600.0, , , ,, , , , , 
09:47:09,-1.11,0.04,-0.98,0.01,-2.09,-1.26,0.01,0.06,-1.09,0.11,1.42, , , , , , , ,723.8,723.7,2200.0,100.0, , , ,, , , , , 
09:47:12,-1.2,0.05,-1.0,0.02,-1.22,-1.36,0.07,0.62,-1.25,0.04,1.96, , , , , , , ,723.7,723.01,73.0,100.0, , , ,, , , , , 
09:47:15,-1.02,0.19,-0.83,0.22,-0.84,-1.15,0.21,0.7,-1.09,0.14,2.02, , , , , , , ,723.6,723.02,73.0,500.0, , , ,, , , , , 
09:47:18,-1.14,-0.06,-0.96,0.05,-0.54,-1.28,-0.09,0.74,-1.17,-0.14,2.03, , , , , , , ,723.6,723.02,73.0,500.0, , , ,, , , , , 
09:47:21,-1.29,-0.17,-1.06,-0.08,-0.26,-1.33,-0.18,0.78,-1.47,-0.24,2.04, , , , , , , ,723.6,723.02,173.0,385.0, , , ,, , , , , 
09:47:24,-1.21,-0.09,-0.94,-0.08,-0.14,-1.15,0.04,0.79,-1.52,-0.21,2.04, , , , , , , ,723.6,723.02,173.0,480.0, , , ,, , , , , 
09:47:27,-1.01,0.04,-0.95,-0.02,0.0,-0.96,0.23,0.82,-1.12,-0.1,2.05, , , , , , , ,723.6,723.0,473.0,7279.0, , , ,, , , , , 
09:47:30,-1.25,-0.17,-1.13,-0.31,0.0,-1.16,0.04,0.86,-1.46,-0.22,2.05, , , , , , , ,723.6,723.0,773.0,7066.0, , , ,, , , , , 
09:47:33,-1.3,-0.28,-1.02,-0.32,-0.01,-1.21,-0.23,0.89,-1.68,-0.29,2.02, , , , , , , ,723.6,723.02,973.0,95.0, , , ,, , , , , 
09:47:36,-1.35,-0.21,-1.13,-0.31,-0.11,-1.25,-0.18,0.94,-1.67,-0.14,2.0, , , , , , , ,723.6,723.02,1073.0,72.0, , , ,, , , , , 
09:47:39,-1.11,-0.06,-0.83,-0.11,-0.2,-1.14,-0.1,0.95,-1.36,0.03,2.01, , , , , , , ,723.59,723.02,300.0,71.0, , , ,, , , , , 
09:47:42,-1.08,-0.06,-0.84,-0.06,-0.19,-1.06,-0.04,0.96,-1.33,-0.08,2.0, , , , , , , ,723.59,723.02,400.0,21.0, , , ,, , , , , 
09:47:45,-0.86,-0.02,-0.71,-0.03,0.33,-0.79,0.07,1.39,-1.09,-0.1,2.39, , , , , , , ,723.02,723.0,500.0,7466.0, , , ,, , , , , 
09:47:48,-1.37,-0.19,-1.15,-0.28,1.03,-1.28,-0.1,1.97,-1.69,-0.2,2.86, , , , , , , ,723.02,722.3,600.0,200.0, , , ,, , , , , 
09:47:51,-1.34,-0.42,-1.08,-0.26,1.26,-1.29,-0.43,2.11,-1.64,-0.56,2.87, , , , , , , ,723.0,722.3,300.0,200.0, , , ,, , , , , 
09:47:54,-1.38,-0.43,-1.32,-0.32,1.41,-1.25,-0.46,2.27,-1.55,-0.5,2.93, , , , , , , ,722.9,722.3,2000.0,300.0, , , ,, , , , , 
09:47:57,-1.07,-0.2,-1.04,0.04,2.02,-0.95,-0.32,2.96,-1.22,-0.31,3.54, , , , , , , ,722.3,722.02,500.0,400.0, , , ,, , , , , 
09:48:00,-1.09,0.03,-0.86,0.16,2.27,-1.04,0.05,3.23,-1.37,-0.11,3.75, , , , , , , ,722.02,722.01,300.0,100.0, , , ,, , , , , 
09:48:03,-0.95,0.03,-0.89,0.06,2.33,-0.79,0.11,3.3,-1.18,-0.1,3.73, , , , , , , ,722.02,722.01,200.0,100.0, , , ,, , , , , 
09:48:06,-0.93,0.26,-0.85,0.15,2.41,-0.8,0.4,3.38,-1.13,0.22,3.75, , , , , , , ,722.02,722.0,100.0,3800.0, , , ,, , , , , 
09:48:09,-1.13,0.14,-0.97,0.16,1.85,-1.2,0.15,2.83,-1.23,0.11,3.16, , , , , , , ,722.9,722.02,1000.0,200.0, , , ,, , , , , 
09:48:12,-1.4,0.02,-1.17,-0.08,1.86,-1.42,-0.02,2.83,-1.63,0.15,3.16, , , , , , , ,722.9,722.02,1200.0,400.0, , , ,, , , , , 
09:48:15,-1.46,-0.03,-1.31,-0.14,1.2,-1.63,-0.1,2.16,-1.44,0.16,2.5, , , , , , , ,723.0,722.9,200.0,300.0, , , ,, , , , , 
09:48:18,-1.15,0.02,-1.14,-0.19,1.23,-1.3,-0.04,2.22,-1.02,0.28,2.54, , , , , , , ,723.0,722.91,200.0,200.0, , , ,, , , , , 
09:48:21,-0.83,0.22,-0.74,0.11,0.79,-1.03,0.24,1.82,-0.72,0.31,2.05, , , , , , , ,723.59,723.0,200.0,900.0, , , ,, , , , , 
09:48:24,-0.75,0.46,-0.43,0.24,0.81,-0.92,0.5,1.8,-0.91,0.64,2.08, , , , , , , ,723.59,723.01,300.0,400.0, , , ,, , , , , 
09:48:27,-0.45,0.7,-0.16,0.44,0.82,-0.68,0.75,1.81,-0.52,0.91,2.08, , , , , , , ,723.59,723.01,300.0,400.0, , , ,, , , , , 
09:48:30,-0.42,0.74,-0.31,0.26,0.86,-0.63,0.86,1.81,-0.33,1.1,2.06, , , , , , , ,723.59,723.02,400.0,300.0, , , ,, , , , , 
09:48:33,-0.5,0.71,-0.39,0.25,0.89,-0.84,0.9,1.83,-0.28,0.97,2.04, , , , , , , ,723.59,723.02,300.0,200.0, , , ,, , , , , 
09:48:36,-0.43,0.7,-0.15,0.27,0.94,-0.64,0.98,1.98,-0.49,0.84,2.04, , , , , , , ,723.59,723.03,300.0,200.0, , , ,, , , , , 
09:48:39,-0.28,0.89,-0.13,0.62,1.36,-0.42,1.14,2.52,-0.28,0.9,2.44, , , , , , , ,723.03,723.0,300.0,1000.0, , , ,, , , , , 
09:48:42,-0.26,0.8,-0.22,0.57,1.36,-0.33,0.92,2.54,-0.22,0.93,2.41, , , , , , , ,723.03,723.0,100.0,900.0, , , ,, , , , , 
09:48:45,-0.43,0.51,-0.41,0.31,0.94,-0.65,0.67,2.01,-0.25,0.56,1.91, , , , , , , ,723.68,723.0,100.0,200.0, , , ,, , , , , 
09:48:48,-0.63,0.34,-0.35,0.19,0.61,-0.83,0.47,1.46,-0.72,0.37,1.47, , , , , , , ,723.68,723.59,200.0,1928.0, , , ,, , , , , 
09:48:51,-0.48,0.51,-0.27,0.32,0.74,-0.72,0.64,1.31,-0.44,0.56,1.44, , , , , , , ,723.68,723.59,200.0,1658.0, , , ,, , , , , 
09:48:54,-0.43,0.66,-0.23,0.42,0.84,-0.47,0.67,1.22,-0.59,0.9,1.44, , , , , , , ,723.68,723.59,100.0,258.0, , , ,, , , , , 
09:48:57,-0.45,0.77,-0.22,0.5,1.03,-0.59,0.92,1.46,-0.54,0.89,1.56, , , , , , , ,723.59,723.51,75.0,100.0, , , ,, , , , , 
09:49:00,-0.48,0.75,-0.14,0.59,0.97,-0.55,0.87,1.44,-0.74,0.79,1.44, , , , , , , ,723.69,723.59,1000.0,125.0, , , ,, , , , , 
09:49:03,-0.3,0.84,-0.03,0.43,0.83,-0.37,0.86,1.16,-0.48,1.22,1.22, , , , , , , ,723.8,723.78,500.0,1800.0, , , ,, , , , , 
09:49:06,0.01,1.04,0.16,0.67,0.91,-0.15,1.13,1.1,0.01,1.32,1.25, , , , , , , ,723.8,723.78,500.0,1236.0, , , ,, , , , , 
09:49:09,0.14,1.19,0.33,0.78,0.98,-0.2,1.6,0.91,0.29,1.21,1.31, , , , , , , ,723.8,723.78,500.0,1206.0, , , ,, , , , , 
09:49:12,0.15,1.13,0.39,0.88,0.99,0.04,1.43,0.75,0.03,1.09,1.38, , , , , , , ,723.8,723.78,200.0,1204.0, , , ,, , , , , 
09:49:15,0.21,1.45,0.4,1.32,0.92,0.15,1.55,0.67,0.09,1.47,1.39, , , , , , , ,724.0,723.69,2400.0,100.0, , , ,, , , , , 
09:49:18,0.2,1.44,0.6,1.07,0.99,0.28,1.66,0.67,-0.27,1.59,1.42, , , , , , , ,724.0,723.69,2400.0,103.0, , , ,, , , , , 
09:49:21,0.49,1.63,0.54,1.15,0.98,0.48,1.92,0.66,0.44,1.83,1.36, , , , , , , ,724.0,723.8,2500.0,97.0, , , ,, , , , , 
09:49:24,0.18,1.1,0.26,0.89,0.99,0.35,1.22,0.6,-0.05,1.18,1.41, , , , , , , ,724.0,723.78,2500.0,3003.0, , , ,, , , , , 
09:49:27,0.03,1.1,0.34,0.86,1.0,0.29,1.23,0.59,-0.53,1.2,1.5, , , , , , , ,724.0,723.78,1200.0,3003.0, , , ,, , , , , 
09:49:30,0.31,1.33,0.43,0.91,1.01,0.49,1.35,0.58,-0.0,1.74,1.67, , , , , , , ,724.0,723.78,1000.0,2703.0, , , ,, , , , , 
09:49:33,0.39,1.39,0.51,0.99,0.85,0.43,1.47,0.49,0.23,1.7,1.69, , , , , , , ,724.04,724.0,400.0,100.0, , , ,, , , , , 
09:49:36,0.25,1.08,0.46,0.95,1.0,0.29,1.16,0.72,-0.01,1.13,1.91, , , , , , , ,724.03,724.0,100.0,100.0, , , ,, , , , , 
09:49:39,0.17,0.96,0.34,0.87,1.12,0.25,1.0,0.86,-0.09,1.01,2.1, , , , , , , ,724.06,724.0,4.0,100.0, , , ,, , , , , 
09:49:42,0.03,0.79,0.26,0.72,1.29,0.23,0.91,1.19,-0.39,0.73,2.54, , , , , , , ,724.06,723.78,4.0,2703.0, , , ,, , , , , 
09:49:45,-0.0,0.75,0.25,0.77,1.05,0.0,1.04,1.03,-0.26,0.45,2.65, , , , , , , ,724.06,724.0,104.0,2600.0, , , ,, , , , , 
09:49:48,0.08,0.89,0.35,0.81,0.84,0.17,0.98,0.96,-0.29,0.89,2.88, , , , , , , ,724.1,724.06,400.0,296.0, , , ,, , , , , 
09:49:51,0.13,0.94,0.39,0.83,0.4,0.2,1.02,0.66,-0.2,0.98,2.84, , , , , , , ,724.49,724.1,100.0,400.0, , , ,, , , , , 
09:49:54,0.17,0.98,0.37,0.73,0.31,0.38,1.07,0.66,-0.23,1.14,3.03, , , , , , , ,724.49,724.1,100.0,200.0, , , ,, , , , , 
09:49:57,-0.02,0.83,0.25,0.77,0.43,0.2,0.94,0.66,-0.51,0.77,3.21, , , , , , , ,724.49,724.1,100.0,200.0, , , ,, , , , , 
09:50:00,0.13,0.89,0.43,0.81,0.52,0.34,1.0,0.66,-0.37,0.87,3.38, , , , , , , ,724.5,724.1,1100.0,900.0, , , ,, , , , , 
09:50:03,0.15,1.03,0.38,0.9,0.19,0.26,1.03,0.39,-0.19,1.18,3.25, , , , , , , ,724.5,724.49,1000.0,100.0, , , ,, , , , , 
09:50:06,0.24,1.07,0.37,0.88,0.12,0.5,1.16,0.39,-0.15,1.15,3.26, , , , , , , ,724.5,724.49,800.0,300.0, , , ,, , , , , 
09:50:09,0.29,1.11,0.4,0.97,-0.06,0.47,1.26,0.39,0.01,1.1,3.33, , , , , , , ,724.5,724.49,100.0,300.0, , , ,, , , , , 
09:50:12,0.5,1.29,0.65,1.15,-0.26,0.62,1.45,0.35,0.24,1.28,3.29, , , , , , , ,724.53,724.51,200.0,100.0, , , ,, , , , , 
09:50:15,0.68,1.39,0.73,1.23,-0.25,0.89,1.4,0.35,0.43,1.53,3.31, , , , , , , ,724.54,724.49,400.0,700.0, , , ,, , , , , 
09:50:18,0.63,1.28,0.59,1.02,-0.26,0.91,1.42,0.36,0.38,1.4,3.29, , , , , , , ,724.54,724.5,300.0,400.0, , , ,, , , , , 
09:50:21,0.65,1.35,0.66,1.07,-0.43,0.74,1.63,0.13,0.56,1.33,2.98, , , , , , , ,724.88,724.5,300.0,1300.0, , , ,, , , , , 
09:50:24,0.58,1.21,0.61,0.98,-0.54,0.73,1.28,0.1,0.38,1.37,2.88, , , , , , , ,724.88,724.55,300.0,100.0, , , ,, , , , , 
09:50:27,0.26,1.0,0.3,0.91,-0.26,0.55,0.95,0.39,-0.06,1.14,3.17, , , , , , , ,724.51,724.5,300.0,800.0, , , ,, , , , , 
09:50:30,-0.09,0.73,0.07,0.63,-0.32,0.43,0.8,0.33,-0.76,0.77,3.1, , , , , , , ,724.55,724.54,100.0,200.0, , , ,, , , , , 
09:50:33,-0.15,0.69,0.02,0.61,-0.46,0.24,0.76,0.09,-0.72,0.7,2.86, , , , , , , ,724.88,724.54,300.0,2300.0, , , ,, , , , , 
09:50:36,-0.11,0.75,0.17,0.8,-0.32,0.34,0.78,-0.01,-0.82,0.68,2.76, , , , , , , ,725.0,724.54,1200.0,2300.0, , , ,, , , , , 
09:50:39,0.21,0.99,0.34,0.88,-0.4,0.58,1.14,-0.25,-0.27,0.95,2.45, , , , , , , ,725.0,724.88,1200.0,100.0, , , ,, , , , , 
09:50:42,0.39,1.07,0.46,0.9,-0.22,0.74,1.21,-0.26,-0.01,1.1,2.4, , , , , , , ,725.0,724.88,1200.0,200.0, , , ,, , , , , 
09:50:45,0.31,1.09,0.26,0.93,0.01,0.53,1.23,-0.05,0.15,1.11,2.56, , , , , , , ,725.0,724.54,300.0,500.0, , , ,, , , , , 
09:50:48,0.09,0.72,0.06,0.71,0.35,0.3,0.65,0.28,-0.08,0.79,2.85, , , , , , , ,724.54,724.5,1400.0,100.0, , , ,, , , , , 
09:50:51,-0.17,0.67,-0.11,0.61,0.35,0.11,0.77,0.28,-0.52,0.63,2.7, , , , , , , ,724.54,724.5,800.0,100.0, , , ,, , , , , 
09:50:54,-0.31,0.51,-0.12,0.61,0.35,-0.1,0.63,0.27,-0.73,0.31,2.57, , , , , , , ,724.54,724.5,800.0,100.0, , , ,, , , , , 
09:50:57,-0.47,0.45,-0.26,0.5,0.35,-0.18,0.67,0.27,-0.98,0.17,2.38, , , , , , , ,724.54,724.5,700.0,100.0, , , ,, , , , , 
09:51:00,-0.6,0.21,-0.59,0.23,-0.13,-0.25,0.21,-0.19,-0.97,0.17,1.65, , , , , , , ,725.03,724.7,100.0,400.0, , , ,, , , , , 
09:51:03,-0.74,0.19,-0.61,0.16,-0.04,-0.45,0.18,-0.12,-1.15,0.22,1.57, , , , , , , ,725.49,724.12,200.0,600.0, , , ,, , , , , 
09:51:06,-0.87,0.16,-0.61,0.27,0.61,-0.51,0.15,0.53,-1.47,0.05,2.08, , , , , , , ,724.54,724.12,1000.0,600.0, , , ,, , , , , 
09:51:09,-0.64,0.35,-0.44,0.5,0.6,-0.18,0.37,0.55,-1.29,0.16,2.0, , , , , , , ,724.54,724.13,200.0,200.0, , , ,, , , , , 
09:51:12,-0.57,0.21,-0.37,0.32,0.6,-0.14,0.18,0.56,-1.19,0.12,1.94, , , , , , , ,724.54,724.13,800.0,200.0, , , ,, , , , , 
09:51:15,-0.55,0.27,-0.46,0.4,0.6,-0.17,0.29,0.59,-1.01,0.12,1.87, , , , , , , ,724.54,724.13,700.0,200.0, , , ,, , , , , 
09:51:18,-0.57,0.3,-0.6,0.25,0.62,-0.14,0.37,0.64,-0.96,0.28,1.72, , , , , , , ,724.54,724.11,700.0,2100.0, , , ,, , , , , 
09:51:21,-0.81,0.12,-0.73,0.13,0.64,-0.5,0.16,0.63,-1.2,0.08,1.54, , , , , , , ,724.54,724.11,1600.0,2100.0, , , ,, , , , , 
09:51:24,-0.54,0.12,-0.5,0.15,0.35,-0.14,0.12,0.37,-0.98,0.09,1.05, , , , , , , ,724.54,724.53,1300.0,100.0, , , ,, , , , , 
09:51:27,-0.31,0.38,-0.17,0.52,0.92,-0.07,0.42,0.94,-0.69,0.19,1.52, , , , , , , ,724.13,724.11,100.0,1200.0, , , ,, , , , , 
09:51:30,-0.52,0.28,-0.53,0.28,0.66,-0.25,0.4,0.67,-0.77,0.17,1.27, , , , , , , ,724.5,724.11,1000.0,100.0, , , ,, , , , , 
09:51:33,-0.73,0.18,-0.68,0.21,0.66,-0.49,0.18,0.67,-1.03,0.14,1.27, , , , , , , ,724.5,724.1,1100.0,300.0, , , ,, , , , , 
09:51:36,-0.64,0.17,-0.57,0.17,-0.02,-0.37,0.12,0.01,-0.97,0.21,0.71, , , , , , , ,725.0,724.55,500.0,2900.0, , , ,, , , , , 
09:51:39,-0.18,0.75,-0.16,0.53,-0.02,-0.09,0.76,0.01,-0.28,0.96,0.71, , , , , , , ,725.0,724.55,400.0,2600.0, , , ,, , , , , 
09:51:42,-0.12,0.76,-0.19,0.5,-0.04,-0.09,0.65,-0.04,-0.09,1.12,0.62, , , , , , , ,725.0,724.55,400.0,2500.0, , , ,, , , , , 
09:51:45,-0.36,0.52,-0.31,0.48,-0.05,-0.27,0.5,-0.07,-0.49,0.57,0.52, , , , , , , ,725.0,724.55,900.0,2400.0, , , ,, , , , , 
09:51:48,-0.32,0.39,-0.33,0.37,-0.07,-0.24,0.29,-0.11,-0.4,0.51,0.53, , , , , , , ,725.0,724.55,2600.0,2300.0, , , ,, , , , , 
09:51:51,-0.45,0.33,-0.39,0.34,-0.07,-0.42,0.28,-0.14,-0.54,0.38,0.55, , , , , , , ,724.99,724.55,100.0,1800.0, , , ,, , , , , 
09:51:54,-0.49,0.24,-0.44,0.25,-0.08,-0.4,0.22,-0.14,-0.62,0.25,0.66, , , , , , , ,725.0,724.55,2500.0,1800.0, , , ,, , , , , 
09:51:57,-0.11,0.63,-0.06,0.6,-0.08,-0.15,0.53,-0.13,-0.14,0.75,0.77, , , , , , , ,725.0,724.55,2000.0,1800.0, , , ,, , , , , 
09:52:00,0.13,0.74,0.13,0.68,-0.07,0.13,0.77,-0.13,0.12,0.76,0.78, , , , , , , ,725.0,724.55,1800.0,1600.0, , , ,, , , , , 
09:52:03,0.35,1.04,0.36,0.91,-0.09,0.33,1.06,-0.15,0.36,1.16,0.79, , , , , , , ,725.0,724.55,1700.0,2200.0, , , ,, , , , , 
09:52:06,0.47,1.13,0.41,0.83,-0.09,0.44,1.29,-0.1,0.54,1.26,0.8, , , , , , , ,725.0,724.55,800.0,2200.0, , , ,, , , , , 
09:52:09,0.56,1.14,0.58,0.87,-0.05,0.4,1.16,-0.05,0.68,1.4,0.81, , , , , , , ,725.0,724.55,600.0,2100.0, , , ,, , , , , 
09:52:12,0.34,0.97,0.33,0.74,-0.04,0.18,1.06,0.02,0.52,1.11,0.91, , , , , , , ,724.99,724.55,100.0,2100.0, , , ,, , , , , 
09:52:15,0.35,1.06,0.26,0.73,-0.01,0.3,1.13,0.11,0.5,1.32,0.98, , , , , , , ,724.99,724.55,400.0,2000.0, , , ,, , , , , 
09:52:18,0.19,0.81,0.06,0.47,0.02,0.19,0.99,0.14,0.33,0.97,1.06, , , , , , , ,724.99,724.55,500.0,2000.0, , , ,, , , , , 
09:52:21,-0.12,0.61,-0.14,0.47,-0.01,-0.19,0.81,0.13,-0.02,0.55,1.09, , , , , , , ,724.99,724.6,500.0,300.0, , , ,, , , , , 
09:52:24,-0.17,0.57,-0.2,0.42,0.02,-0.15,0.68,0.16,-0.16,0.61,0.92, , , , , , , ,724.99,724.6,300.0,500.0, , , ,, , , , , 
09:52:27,-0.11,0.68,-0.08,0.49,0.01,-0.13,0.85,0.26,-0.11,0.7,0.73, , , , , , , ,724.99,724.6,200.0,500.0, , , ,, , , , , 
09:52:30,-0.13,0.68,-0.13,0.47,0.06,-0.11,0.96,0.48,-0.16,0.61,0.6, , , , , , , ,724.9,724.6,100.0,300.0, , , ,, , , , , 
09:52:33,-0.0,0.52,-0.09,0.43,-0.01,-0.04,0.69,0.61,0.13,0.45,0.36, , , , , , , ,724.99,724.6,200.0,900.0, , , ,, , , , , 
09:52:36,0.01,0.56,-0.13,0.38,0.04,-0.03,0.75,0.89,0.2,0.56,0.4, , , , , , , ,724.9,724.6,300.0,1100.0, , , ,, , , , , 
09:52:39,-0.04,0.56,-0.17,0.32,0.04,-0.06,0.67,1.1,0.12,0.69,0.42, , , , , , , ,724.9,724.6,300.0,1200.0, , , ,, , , , , 
09:52:42,-0.23,0.49,-0.35,0.33,0.0,-0.19,0.68,1.39,-0.16,0.48,0.44, , , , , , , ,724.9,724.6,300.0,1200.0, , , ,, , , , , 
09:52:45,-0.27,0.2,-0.37,0.16,-0.04,-0.28,0.24,1.65,-0.16,0.22,0.46, , , , , , , ,724.9,724.6,300.0,700.0, , , ,, , , , , 
09:52:48,-0.24,0.15,-0.4,0.14,-0.01,-0.23,0.17,2.02,-0.1,0.14,0.58, , , , , , , ,724.8,724.6,100.0,1100.0, , , ,, , , , , 
09:52:51,-0.37,0.1,-0.42,0.08,-0.04,-0.38,0.05,2.28,-0.32,0.18,0.58, , , , , , , ,724.8,724.6,100.0,1100.0, , , ,, , , , , 
09:52:54,-0.46,0.09,-0.45,0.03,-0.1,-0.38,0.14,2.39,-0.54,0.09,0.48, , , , , , , ,724.9,724.6,100.0,200.0, , , ,, , , , , 
09:52:57,-0.5,0.06,-0.47,0.01,-0.05,-0.51,0.06,2.63,-0.52,0.12,0.49, , , , , , , ,724.83,724.6,400.0,300.0, , , ,, , , , , 
09:53:00,-0.41,0.09,-0.44,0.04,-0.05,-0.37,-0.0,2.79,-0.43,0.24,0.45, , , , , , , ,724.83,724.6,400.0,400.0, , , ,, , , , , 
09:53:03,-0.38,0.18,-0.34,0.07,-0.05,-0.37,0.16,2.95,-0.43,0.3,0.39, , , , , , , ,724.82,724.6,100.0,400.0, , , ,, , , , , 
09:53:06,-0.46,0.08,-0.45,0.02,-0.02,-0.38,0.06,2.96,-0.56,0.16,0.32, , , , , , , ,724.83,724.6,600.0,400.0, , , ,, , , , , 
09:53:09,-0.32,0.14,-0.32,0.06,0.03,-0.35,0.08,3.02,-0.28,0.27,0.29, , , , , , , ,724.83,724.6,500.0,400.0, , , ,, , , , , 
09:53:12,-0.27,0.24,-0.28,0.13,-0.04,-0.22,0.26,2.89,-0.31,0.35,0.12, , , , , , , ,724.83,724.8,400.0,100.0, , , ,, , , , , 
09:53:15,-0.4,0.28,-0.31,0.16,0.18,-0.37,0.26,3.02,-0.53,0.41,0.24, , , , , , , ,724.83,724.6,500.0,300.0, , , ,, , , , , 
09:53:18,-0.39,0.25,-0.34,0.23,0.09,-0.33,0.3,2.88,-0.49,0.22,0.13, , , , , , , ,724.83,724.78,500.0,200.0, , , ,, , , , , 
09:53:21,-0.31,0.19,-0.31,0.13,0.12,-0.35,0.19,2.83,-0.26,0.26,0.13, , , , , , , ,724.83,724.78,500.0,200.0, , , ,, , , , , 
09:53:24,-0.27,0.23,-0.3,0.21,0.14,-0.28,0.27,2.76,-0.23,0.21,0.12, , , , , , , ,724.83,724.78,500.0,200.0, , , ,, , , , , 
09:53:27,-0.37,0.21,-0.32,0.16,0.24,-0.38,0.19,2.75,-0.42,0.28,0.12, , , , , , , ,724.83,724.78,500.0,200.0, , , ,, , , , , 
09:53:30,-0.49,0.11,-0.38,0.1,0.44,-0.46,0.08,2.78,-0.62,0.16,0.17, , , , , , , ,724.83,724.73,400.0,100.0, , , ,, , , , , 
09:53:33,-0.44,0.09,-0.35,0.12,0.64,-0.42,0.01,2.76,-0.55,0.14,0.18, , , , , , , ,724.83,724.73,600.0,100.0, , , ,, , , , , 
09:53:36,-0.49,-0.03,-0.43,0.11,0.84,-0.44,-0.15,2.75,-0.61,-0.05,0.21, , , , , , , ,724.83,724.73,600.0,100.0, , , ,, , , , , 
09:53:39,-0.4,0.2,-0.33,0.21,1.05,-0.29,0.08,2.67,-0.58,0.31,0.23, , , , , , , ,724.83,724.73,200.0,100.0, , , ,, , , , , 
09:53:42,-0.43,0.19,-0.41,0.16,1.35,-0.32,0.14,2.62,-0.57,0.25,0.23, , , , , , , ,724.83,724.73,2100.0,200.0, , , ,, , , , , 
09:53:45,-0.47,0.12,-0.35,0.26,1.77,-0.43,-0.06,2.71,-0.64,0.16,0.36, , , , , , , ,724.73,724.6,100.0,300.0, , , ,, , , , , 
09:53:48,-0.44,0.08,-0.47,0.24,2.06,-0.29,-0.07,2.65,-0.57,0.08,0.35, , , , , , , ,724.73,724.6,1000.0,300.0, , , ,, , , , , 
09:53:51,-0.47,0.2,-0.43,0.26,2.3,-0.31,0.05,2.48,-0.66,0.29,0.32, , , , , , , ,724.76,724.6,500.0,300.0, , , ,, , , , , 
09:53:54,-0.52,0.12,-0.5,0.29,2.49,-0.45,0.02,2.34,-0.62,0.06,0.32, , , , , , , ,724.76,724.6,500.0,300.0, , , ,, , , , , 
09:53:57,-0.48,0.08,-0.42,0.2,2.69,-0.41,-0.06,2.16,-0.6,0.09,0.34, , , , , , , ,724.76,724.6,600.0,200.0, , , ,, , , , , 
09:54:00,-0.39,0.16,-0.43,0.24,2.84,-0.33,0.12,1.9,-0.4,0.11,0.34, , , , , , , ,724.76,724.6,500.0,300.0, , , ,, , , , , 
09:54:03,-0.17,0.34,-0.24,0.32,2.99,-0.22,0.29,1.74,-0.06,0.4,0.38, , , , , , , ,724.76,724.6,500.0,900.0, , , ,, , , , , 
09:54:06,-0.3,0.31,-0.29,0.31,3.08,-0.31,0.31,1.67,-0.28,0.3,0.64, , , , , , , ,724.66,724.6,100.0,900.0, , , ,, , , , , 
09:54:09,-0.16,0.47,-0.07,0.37,2.88,-0.22,0.49,1.34,-0.19,0.54,0.62, , , , , , , ,724.83,724.8,300.0,1800.0, , , ,, , , , , 
09:54:12,0.09,0.73,0.12,0.53,2.87,0.06,0.77,1.25,0.1,0.88,0.9, , , , , , , ,724.86,724.8,200.0,2300.0, , , ,, , , , , 
09:54:15,0.16,0.84,0.17,0.52,2.8,0.08,0.92,1.12,0.22,1.08,1.1, , , , , , , ,724.89,724.86,100.0,316.0, , , ,, , , , , 
09:54:18,0.09,0.75,0.07,0.53,2.79,0.04,0.76,0.95,0.15,0.95,1.21, , , , , , , ,724.89,724.86,200.0,316.0, , , ,, , , , , 
09:54:21,0.54,1.22,0.55,0.91,2.7,0.45,1.47,0.76,0.62,1.29,1.26, , , , , , , ,724.9,724.89,800.0,200.0, , , ,, , , , , 
09:54:24,0.85,1.51,0.71,1.13,2.6,0.74,1.73,0.53,1.09,1.67,1.09,200.0,724.93,724.93,200.0,261.0, ,-1.55,724.93,724.9,200.0,700.0, ,2018-05-24 09:54:24.701000,2018-05-24 09:54:24.700000,, , ,FILLED, , 
09:54:27,0.9,1.55,0.73,1.12,2.55,0.86,1.64,0.38,1.12,1.88,0.91,600.0,725.0,725.0,600.0,861.0, ,-1.37,725.0,724.9,1900.0,100.0, ,2018-05-24 09:54:27.889000,2018-05-24 09:54:27.889000,, , ,FILLED, , 
09:54:30,1.03,1.78,0.99,1.37,2.24,0.89,1.99,0.08,1.2,1.99,0.47,300.0,725.33,725.33,100.0,961.0, ,-1.28,725.33,725.0,100.0,12200.0, ,2018-05-24 09:54:30.699000,2018-05-24 09:54:30.699000,, , ,CANCELED, , 
09:54:33,1.34,2.03,1.08,1.57,1.95,1.26,2.31,-0.21,1.68,2.21,0.04,300.0,725.4,0.0,0.0,961.0, , ,725.4,725.34,100.0,1300.0, ,2018-05-24 09:54:34.330000,2018-05-24 09:54:34.330000,, , ,CANCELED, , 
09:54:36,1.22,2.0,0.98,1.52,1.79,1.22,2.21,-0.24,1.46,2.26,-0.09,300.0,725.54,0.0,0.0,961.0, , ,725.54,725.4,100.0,600.0, ,2018-05-24 09:54:37.354000,2018-05-24 09:54:37.354000,, , ,CANCELED, , 
09:54:39,1.15,2.17,0.96,1.97,1.58,1.2,2.24,-0.38,1.29,2.32,-0.23,300.0,725.58,0.0,0.0,961.0, , ,725.58,725.55,100.0,1600.0, ,2018-05-24 09:54:40.369000,2018-05-24 09:54:40.369000,, , ,CANCELED, , 
09:54:42,1.13,2.31,1.06,2.0,1.23,1.27,2.36,-0.78,1.06,2.56,-0.62,400.0,725.98,725.98,400.0,1361.0, ,-0.85,725.98,725.59,400.0,1100.0, ,2018-05-24 09:54:43.395000,2018-05-24 09:54:43.395000,, , ,FILLED, , 
09:54:45,0.99,2.19,0.9,1.84,0.58,1.01,2.34,-1.46,1.08,2.4,-1.24, , , , , , , ,726.43,725.98,100.0,400.0, , , ,, , , , , 
09:54:48,0.95,2.02,0.93,1.78,0.51,0.95,1.97,-1.46,0.97,2.32,-1.28, , , , , , , ,726.43,726.0,100.0,300.0, , , ,, , , , , 
09:54:51,0.72,1.77,0.66,1.59,0.04,0.58,1.72,-1.77,0.92,2.01,-1.61, , , , , , , ,726.47,726.43,100.0,200.0, , , ,, , , , , 
09:54:54,0.46,1.45,0.5,1.3,-0.22,0.61,1.33,-1.77,0.29,1.71,-1.67, , , , , , , ,726.6,726.47,1600.0,100.0, , , ,, , , , , 
09:54:57,0.58,1.64,0.56,1.54,-0.69,0.66,1.6,-1.94,0.51,1.77,-1.95, , , , , , , ,726.88,726.6,200.0,2100.0, , , ,, , , , , 
09:55:00,0.51,1.54,0.49,1.35,-0.97,0.56,1.53,-1.96,0.48,1.74,-2.0, , , , , , , ,726.94,726.6,900.0,2100.0, , , ,, , , , , 
09:55:03,0.41,1.33,0.38,1.13,-1.35,0.49,1.37,-2.17,0.36,1.5,-2.26, , , , , , , ,726.95,726.9,1000.0,100.0, , , ,, , , , , 
09:55:06,0.35,1.2,0.46,1.09,-1.54,0.46,1.16,-2.2,0.13,1.34,-2.32, , , , , , , ,726.96,726.95,700.0,1000.0, , , ,, , , , , 
09:55:09,0.22,1.04,0.23,0.96,-1.36,0.35,0.96,-1.95,0.08,1.19,-2.1, , , , , , , ,726.96,726.6,400.0,1000.0, , , ,, , , , , 
09:55:12,0.03,0.87,0.15,0.88,-1.67,-0.01,0.85,-2.1,-0.05,0.89,-2.34, , , , , , , ,726.97,726.94,100.0,100.0, , , ,, , , , , 
09:55:15,-0.19,0.54,-0.02,0.67,-1.73,-0.17,0.63,-2.01,-0.38,0.34,-2.33, , , , , , , ,726.95,726.94,200.0,100.0, , , ,, , , , , 
09:55:18,-0.27,0.52,-0.08,0.72,-1.9,-0.18,0.45,-1.94,-0.56,0.39,-2.33, , , , , , , ,726.95,726.94,100.0,100.0, , , ,, , , , , 
09:55:21,-0.3,0.44,-0.08,0.58,-1.8,-0.27,0.42,-1.6,-0.56,0.31,-2.06, , , , , , , ,726.9,726.6,100.0,900.0, , , ,, , , , , 
09:55:24,-0.4,0.29,-0.25,0.4,-2.02,-0.4,0.22,-1.81,-0.54,0.24,-2.09, , , , , , , ,726.94,726.6,200.0,900.0, , , ,, , , , , 
09:55:27,-0.43,0.21,-0.29,0.27,-2.1,-0.51,0.18,-1.96,-0.49,0.17,-2.06, , , , , , , ,726.9,726.6,100.0,900.0, , , ,, , , , , 
09:55:30,-0.54,0.08,-0.46,0.1,-2.33,-0.48,0.07,-2.38,-0.67,0.06,-2.3, , , , , , , ,726.94,726.9,300.0,100.0, , , ,, , , , , 
09:55:33,-0.65,-0.0,-0.74,-0.04,-2.08,-0.56,-0.01,-2.3,-0.64,0.05,-2.06, , , , , , , ,726.86,726.6,4300.0,300.0, , , ,, , , , , 
09:55:36,-0.79,-0.15,-0.82,-0.13,-1.97,-0.71,-0.23,-2.33,-0.84,-0.1,-2.05,-1300.0,726.84,0.0,-0.0,1361.0, , ,726.86,726.6,4000.0,300.0, ,2018-05-24 09:55:36.673000,2018-05-24 09:55:36.673000,, , ,CANCELED, , 
09:55:39,-0.73,-0.07,-0.81,-0.14,-1.94,-0.7,-0.17,-2.26,-0.69,0.1,-1.9, , , , , , , ,726.8,726.6,1000.0,200.0, , , ,, , , , , 
09:55:42,-0.91,-0.25,-0.86,-0.29,-2.03,-0.84,-0.39,-2.23,-1.02,-0.07,-1.98,-1300.0,726.77,0.0,-0.0,1361.0, , ,726.79,726.6,4100.0,200.0, ,2018-05-24 09:55:42.682000,2018-05-24 09:55:42.682000,, , ,CANCELED, , 
09:55:45,-0.95,-0.35,-1.04,-0.43,-1.98,-0.83,-0.47,-2.06,-0.99,-0.16,-1.75,-1300.0,726.68,0.0,-0.0,1361.0, , ,726.7,726.47,100.0,100.0, ,2018-05-24 09:55:46.323000,2018-05-24 09:55:46.323000,, , ,CANCELED, , 
09:55:48,-0.92,-0.37,-0.95,-0.4,-1.9,-0.85,-0.49,-1.95,-0.95,-0.2,-1.68,-1300.0,726.58,726.58,-100.0,1261.0, ,0.37,726.6,726.47,200.0,100.0, ,2018-05-24 09:55:49.352000,2018-05-24 09:55:49.352000,, , ,CANCELED, , 
09:55:51,-0.97,-0.39,-1.18,-0.51,-1.87,-0.88,-0.53,-1.94,-0.85,-0.12,-1.89,-1200.0,726.56,0.0,-0.0,1261.0, , ,726.58,726.47,1200.0,100.0, ,2018-05-24 09:55:52.367000,2018-05-24 09:55:52.367000,, , ,CANCELED, , 
09:55:54,-1.07,-0.39,-1.11,-0.52,-1.4,-1.02,-0.51,-1.6,-1.09,-0.14,-1.59,-1200.0,726.54,0.0,-0.0,1261.0, , ,726.56,725.98,1200.0,300.0, ,2018-05-24 09:55:55.395000,2018-05-24 09:55:55.395000,, , ,CANCELED, , 
09:55:57,-1.03,-0.27,-1.0,-0.35,-1.18,-0.98,-0.5,-1.54,-1.12,0.03,-1.7,-1200.0,726.38,0.0,-0.0,1261.0, , ,726.4,725.98,100.0,900.0, ,2018-05-24 09:55:58.416000,2018-05-24 09:55:58.416000,, , ,CANCELED, , 
09:56:00,-0.97,-0.21,-0.9,-0.26,-0.9,-0.88,-0.42,-1.31,-1.14,0.04,-1.57,-1200.0,725.98,725.98,-800.0,461.0, ,-0.25,726.0,725.98,100.0,1000.0, ,2018-05-24 09:56:01.450000,2018-05-24 09:56:01.450000,, , ,CANCELED, , 
09:56:03,-0.95,-0.06,-0.8,0.15,-0.6,-0.96,-0.31,-1.09,-1.09,-0.02,-1.32, , , , , , , ,725.98,725.59,500.0,1100.0, , , ,, , , , , 
09:56:06,-0.8,0.09,-0.77,0.13,-0.6,-0.75,0.1,-1.16,-0.88,0.04,-1.33, , , , , , , ,725.98,725.6,100.0,200.0, , , ,, , , , , 
09:56:09,-0.72,0.15,-0.61,0.28,-0.58,-0.74,0.06,-1.19,-0.81,0.11,-1.33, , , , , , , ,725.98,725.6,2100.0,200.0, , , ,, , , , , 
09:56:12,-0.7,0.11,-0.62,0.23,-0.49,-0.7,0.02,-1.22,-0.79,0.06,-1.27, , , , , , , ,725.98,725.6,2000.0,200.0, , , ,, , , , , 
09:56:15,-0.55,0.19,-0.43,0.31,-0.15,-0.55,0.18,-0.97,-0.68,0.08,-1.12, , , , , , , ,725.6,725.58,100.0,100.0, , , ,, , , , , 
09:56:18,-0.58,0.19,-0.48,0.2,-0.07,-0.59,0.28,-0.95,-0.67,0.09,-1.25, , , , , , , ,725.6,725.58,200.0,100.0, , , ,, , , , , 
09:56:21,-0.56,0.15,-0.45,0.18,0.41,-0.54,0.14,-0.55,-0.7,0.14,-0.95, , , , , , , ,725.58,725.01,900.0,100.0, , , ,, , , , , 
09:56:24,-0.45,0.22,-0.37,0.37,0.22,-0.42,0.19,-0.57,-0.56,0.11,-1.11, , , , , , , ,725.58,725.01,500.0,100.0, , , ,, , , , , 
09:56:27,-0.43,0.4,-0.4,0.46,0.43,-0.36,0.45,-0.16,-0.52,0.3,-0.7, , , , , , , ,725.01,725.0,900.0,9700.0, , , ,, , , , , 
09:56:30,-0.59,0.44,-0.55,0.52,-0.14,-0.47,0.5,-0.55,-0.73,0.31,-1.06, , , , , , , ,725.58,725.01,100.0,100.0, , , ,, , , , , 
09:56:33,-0.6,0.4,-0.53,0.48,-0.34,-0.47,0.43,-0.53,-0.79,0.3,-1.05, , , , , , , ,725.58,725.01,400.0,100.0, , , ,, , , , , 
09:56:36,-0.57,0.39,-0.53,0.47,-0.36,-0.36,0.44,-0.5,-0.83,0.26,-1.07, , , , , , , ,725.58,725.02,300.0,200.0, , , ,, , , , , 
09:56:39,-0.52,0.35,-0.37,0.37,-0.32,-0.45,0.38,-0.47,-0.73,0.32,-1.07, , , , , , , ,725.58,725.0,300.0,9400.0, , , ,, , , , , 
09:56:42,-0.69,0.35,-0.52,0.37,-0.3,-0.63,0.55,-0.47,-0.92,0.11,-1.08, , , , , , , ,725.58,725.0,300.0,9300.0, , , ,, , , , , 
09:56:45,-0.49,0.4,-0.32,0.39,0.11,-0.41,0.61,-0.12,-0.73,0.2,-0.7, , , , , , , ,725.02,725.0,1000.0,8900.0, , , ,, , , , , 
09:56:48,-0.58,0.42,-0.46,0.6,0.15,-0.53,0.41,-0.12,-0.76,0.24,-0.7, , , , , , , ,725.02,725.0,100.0,5700.0, , , ,, , , , , 
09:56:51,-0.74,0.28,-0.55,0.34,-0.26,-0.65,0.27,-0.55,-1.03,0.22,-1.11, , , , , , , ,725.58,725.03,400.0,200.0, , , ,, , , , , 
09:56:54,-0.69,0.31,-0.48,0.37,-0.33,-0.67,0.33,-0.59,-0.94,0.23,-1.16, , , , , , , ,725.58,725.1,400.0,5100.0, , , ,, , , , , 
09:56:57,-0.03,0.79,0.09,0.84,-0.38,0.11,0.9,-0.57,-0.29,0.62,-1.04, , , , , , , ,725.58,725.1,500.0,5000.0, , , ,, , , , , 
09:57:00,-0.09,0.71,-0.06,0.72,-0.42,0.01,0.83,-0.57,-0.21,0.59,-0.89, , , , , , , ,725.58,725.1,400.0,4900.0, , , ,, , , , , 
09:57:03,-0.25,0.57,-0.08,0.57,-0.47,-0.14,0.62,-0.53,-0.51,0.52,-0.74, , , , , , , ,725.58,725.1,400.0,4800.0, , , ,, , , , , 
09:57:06,-0.25,0.59,-0.01,0.64,-0.58,-0.09,0.59,-0.38,-0.63,0.53,-0.64, , , , , , , ,725.58,725.16,400.0,100.0, , , ,, , , , , 
09:57:09,-0.09,0.65,-0.06,0.64,-0.61,0.08,0.65,-0.15,-0.3,0.68,-0.52, , , , , , , ,725.58,725.16,100.0,200.0, , , ,, , , , , 
09:57:12,0.0,0.66,0.1,0.68,-0.66,0.25,0.67,0.14,-0.33,0.63,-0.54, , , , , , , ,725.6,725.16,800.0,100.0, , , ,, , , , , 
09:57:15,0.02,0.73,0.09,0.7,-0.97,0.1,0.63,0.12,-0.14,0.85,-0.82, , , , , , , ,725.6,725.58,700.0,100.0, , , ,, , , , , 
09:57:18,-0.03,0.7,0.03,0.66,-0.95,0.02,0.56,0.22,-0.15,0.88,-0.82, , , , , , , ,725.6,725.58,2200.0,1500.0, , , ,, , , , , 
09:57:21,-0.03,0.62,-0.0,0.59,-0.95,-0.0,0.47,0.3,-0.1,0.8,-0.91, , , , , , , ,725.6,725.58,2100.0,1500.0, , , ,, , , , , 
09:57:24,-0.07,0.6,-0.07,0.62,-0.97,0.01,0.48,0.16,-0.16,0.7,-0.9, , , , , , , ,725.6,725.58,2100.0,1400.0, , , ,, , , , , 
09:57:27,-0.52,0.29,-0.36,0.32,-0.23,-0.49,0.22,0.76,-0.73,0.32,-0.15, , , , , , , ,725.1,725.01,5400.0,100.0, , , ,, , , , , 
09:57:30,-0.62,0.19,-0.41,0.2,-0.21,-0.56,0.19,0.62,-0.89,0.18,-0.29, , , , , , , ,725.1,725.01,4400.0,100.0, , , ,, , , , , 
09:57:33,-0.59,0.18,-0.55,0.26,-0.2,-0.65,0.03,0.48,-0.59,0.25,-0.42, , , , , , , ,725.1,725.01,4400.0,100.0, , , ,, , , , , 
09:57:36,-0.51,0.13,-0.44,0.24,-0.16,-0.53,-0.08,0.48,-0.56,0.24,-0.55, , , , , , , ,725.1,725.01,4300.0,300.0, , , ,, , , , , 
09:57:39,-0.68,-0.07,-0.5,0.03,-0.06,-0.71,-0.32,0.57,-0.82,0.08,-0.6, , , , , , , ,725.0,724.98,700.0,100.0, , , ,, , , , , 
09:57:42,-0.87,-0.08,-0.69,-0.02,-0.24,-0.85,-0.19,0.29,-1.08,-0.02,-0.83, , , , , , , ,725.14,725.1,300.0,1600.0, , , ,, , , , , 
09:57:45,-0.45,0.18,-0.18,0.35,-0.27,-0.46,0.04,0.26,-0.7,0.15,-0.83, , , , , , , ,725.14,725.1,200.0,1500.0, , , ,, , , , , 
09:57:48,-0.45,0.22,-0.38,0.41,-0.28,-0.36,0.2,0.23,-0.59,0.05,-0.83, , , , , , , ,725.14,725.1,500.0,1400.0, , , ,, , , , , 
09:57:51,-0.51,0.13,-0.43,0.25,-0.29,-0.49,0.02,0.22,-0.61,0.13,-0.9, , , , , , , ,725.14,725.1,300.0,1002.0, , , ,, , , , , 
09:57:54,-0.59,0.13,-0.52,0.21,-0.29,-0.55,0.1,0.28,-0.71,0.08,-0.92, , , , , , , ,725.14,725.1,300.0,1002.0, , , ,, , , , , 
09:57:57,-0.56,0.11,-0.5,0.27,-0.17,-0.51,0.02,0.38,-0.69,0.05,-0.89, , , , , , , ,725.1,725.0,300.0,3902.0, , , ,, , , , , 
09:58:00,-0.88,-0.1,-0.91,0.05,-0.09,-0.82,-0.34,0.45,-0.91,-0.01,-0.85, , , , , , , ,725.0,724.98,398.0,100.0, , , ,, , , , , 
09:58:03,-1.0,-0.28,-0.97,-0.06,-0.05,-0.96,-0.49,0.4,-1.06,-0.31,-0.86,-400.0,724.98,724.98,-300.0,161.0, ,-0.67,725.0,724.98,6298.0,100.0, ,2018-05-24 09:58:03.697000,2018-05-24 09:58:03.697000,, , ,CANCELED, , 
09:58:06,-1.14,-0.29,-0.98,-0.16,0.2,-0.99,-0.45,0.45,-1.45,-0.25,-0.71,-100.0,724.96,724.96,-100.0,61.0,-589.73,-0.63,724.98,724.92,100.0,100.0, ,2018-05-24 09:58:07.607000,2018-05-24 09:58:07.607000,, , ,FILLED,942404.8944479739,942994.6251877849
09:58:09,-0.96,-0.23,-0.82,-0.01,0.55,-0.83,-0.31,0.55,-1.22,-0.37,-0.44, , , , , , , ,724.92,724.8,300.0,1800.0, , , ,, , , , , 
09:58:12,-0.79,-0.15,-0.76,0.08,0.81,-0.64,-0.15,0.49,-0.95,-0.36,-0.4, , , , , , , ,725.0,724.8,6398.0,1800.0, , , ,, , , , , 
09:58:15,-0.7,0.01,-0.72,0.06,1.07,-0.53,-0.05,0.48,-0.86,0.02,-0.29, , , , , , , ,725.0,724.8,6098.0,1800.0, , , ,, , , , , 
09:58:18,-0.55,0.12,-0.57,0.08,1.17,-0.4,0.04,0.48,-0.67,0.25,-0.29, , , , , , , ,725.0,724.8,5498.0,1500.0, , , ,, , , , , 
09:58:21,-0.32,0.16,-0.29,0.17,1.25,-0.18,0.03,0.48,-0.48,0.29,-0.34, , , , , , , ,725.0,724.8,3798.0,1400.0, , , ,, , , , , 
09:58:24,-0.28,0.29,-0.23,0.31,1.11,-0.14,0.23,0.48,-0.48,0.34,-0.34, , , , , , , ,725.0,724.8,3798.0,1400.0, , , ,, , , , , 
09:58:27,-0.16,0.28,-0.2,0.22,1.04,-0.07,0.2,0.55,-0.21,0.43,-0.22, , , , , , , ,724.9,724.8,100.0,1400.0, , , ,, , , , , 
09:58:30,-0.27,0.28,-0.29,0.2,0.83,-0.19,0.13,0.48,-0.31,0.49,-0.24, , , , , , , ,725.0,724.8,3998.0,1200.0, , , ,, , , , , 
09:58:33,-0.44,0.15,-0.52,0.13,0.62,-0.41,0.01,0.4,-0.39,0.31,-0.18, , , , , , , ,725.0,724.9,5798.0,300.0, , , ,, , , , , 
09:58:36,-0.67,0.05,-0.63,0.09,0.62,-0.6,-0.1,0.4,-0.78,0.17,-0.18, , , , , , , ,725.0,724.9,5598.0,200.0, , , ,, , , , , 
09:58:39,-0.58,0.1,-0.55,0.16,0.62,-0.56,-0.05,0.51,-0.63,0.2,-0.18, , , , , , , ,725.0,724.9,5298.0,200.0, , , ,, , , , , 
09:58:42,-0.3,0.29,-0.22,0.32,0.53,-0.24,0.23,0.42,-0.42,0.32,-0.23, , , , , , , ,725.0,724.9,5098.0,300.0, , , ,, , , , , 
09:58:45,-0.2,0.24,-0.17,0.3,0.53,-0.18,0.14,0.54,-0.25,0.29,-0.27, , , , , , , ,725.0,724.85,4998.0,2500.0, , , ,, , , , , 
09:58:48,-0.3,0.17,-0.26,0.24,0.57,-0.24,0.09,0.6,-0.42,0.17,-0.15, , , , , , , ,724.9,724.85,800.0,2200.0, , , ,, , , , , 
09:58:51,-0.17,0.18,-0.16,0.24,0.49,-0.08,0.16,0.32,-0.26,0.16,-0.21, , , , , , , ,725.0,724.85,3998.0,1600.0, , , ,, , , , , 
09:58:54,-0.08,0.33,-0.07,0.37,0.55,-0.05,0.29,0.26,-0.12,0.34,-0.15, , , , , , , ,725.0,724.85,3698.0,1600.0, , , ,, , , , , 
09:58:57,0.01,0.33,0.05,0.36,0.55,0.05,0.29,0.04,-0.06,0.35,-0.07, , , , , , , ,725.0,724.85,3898.0,1900.0, , , ,, , , , , 
09:59:00,0.11,0.48,0.09,0.55,0.54,0.15,0.51,-0.11,0.09,0.4,-0.14, , , , , , , ,725.0,724.85,3298.0,1900.0, , , ,, , , , , 
09:59:03,0.38,0.81,0.24,0.81,0.48,0.4,0.82,-0.15,0.51,0.81,-0.23, , , , , , , ,725.0,724.86,98.0,300.0, , , ,, , , , , 
09:59:06,0.63,0.92,0.36,0.92,0.33,0.94,0.86,-0.28,0.57,0.97,-0.43, , , , , , , ,725.05,725.0,400.0,2102.0, , , ,, , , , , 
09:59:09,0.33,0.85,0.06,0.87,-0.33,0.39,0.85,-0.93,0.54,0.84,-1.25, , , , , , , ,726.0,725.0,500.0,1502.0, , , ,, , , , , 
09:59:12,0.18,0.81,-0.02,0.88,-0.48,0.33,0.89,-1.01,0.23,0.67,-1.4, , , , , , , ,726.0,725.21,500.0,100.0, , , ,, , , , , 
09:59:15,0.12,0.72,0.04,0.75,-0.75,0.14,0.74,-1.41,0.17,0.67,-1.71, , , , , , , ,726.0,725.6,500.0,100.0, , , ,, , , , , 
09:59:18,-0.01,0.68,-0.22,0.72,-0.76,-0.03,0.67,-1.54,0.22,0.66,-1.59, , , , , , , ,726.0,725.6,500.0,200.0, , , ,, , , , , 
09:59:21,-0.03,0.67,-0.06,0.78,-0.76,-0.13,0.7,-1.65,0.1,0.52,-1.64, , , , , , , ,726.0,725.6,200.0,100.0, , , ,, , , , , 
09:59:24,-0.02,0.72,-0.13,0.72,-0.8,0.1,0.82,-1.85,-0.04,0.62,-1.72, , , , , , , ,726.06,725.6,300.0,100.0, , , ,, , , , , 
09:59:27,-0.08,0.61,-0.01,0.86,-0.21,-0.09,0.57,-1.23,-0.12,0.41,-1.14, , , , , , , ,725.6,725.2,1900.0,400.0, , , ,, , , , , 
09:59:30,-0.19,0.45,-0.25,0.81,-0.21,-0.03,0.39,-1.21,-0.29,0.14,-1.28, , , , , , , ,725.6,725.2,2000.0,400.0, , , ,, , , , , 
09:59:33,-0.19,0.48,-0.19,0.77,-0.22,-0.19,0.5,-1.2,-0.18,0.18,-1.18, , , , , , , ,725.6,725.2,1700.0,400.0, , , ,, , , , , 
09:59:36,-0.39,0.3,-0.28,0.43,-0.22,-0.53,0.39,-1.21,-0.37,0.07,-1.07, , , , , , , ,725.6,725.2,1700.0,400.0, , , ,, , , , , 
09:59:39,-0.23,0.32,-0.29,0.59,-0.12,-0.35,0.27,-1.21,-0.05,0.1,-0.96, , , , , , , ,725.6,725.2,1500.0,400.0, , , ,, , , , , 
09:59:42,-0.24,0.3,-0.43,0.58,-0.21,-0.33,0.21,-1.24,0.03,0.12,-0.85, , , , , , , ,725.6,725.21,1500.0,100.0, , , ,, , , , , 
09:59:45,-0.25,0.25,-0.12,0.54,0.26,-0.45,0.2,-0.86,-0.16,0.02,-0.46, , , , , , , ,725.2,725.05,100.0,100.0, , , ,, , , , , 
09:59:48,-0.24,0.22,-0.22,0.4,0.02,-0.26,0.24,-1.1,-0.23,0.01,-0.62, , , , , , , ,725.6,725.0,1000.0,1802.0, , , ,, , , , , 
09:59:51,-0.4,0.12,-0.45,0.22,-0.2,-0.49,0.18,-1.1,-0.26,-0.05,-0.46, , , , , , , ,725.6,725.0,1000.0,1402.0, , , ,, , , , , 
09:59:54,-0.5,0.09,-0.54,0.32,-0.39,-0.57,0.04,-1.23,-0.4,-0.11,-0.53, , , , , , , ,725.6,725.2,700.0,100.0, , , ,, , , , , 
09:59:57,-0.45,0.12,-0.45,0.29,-0.47,-0.59,0.02,-0.99,-0.31,0.04,-0.32, , , , , , , ,725.6,725.0,600.0,1202.0, , , ,, , , , , 
10:00:00,-0.49,0.07,-0.48,0.19,-0.62,-0.64,-0.03,-0.84,-0.35,0.05,-0.41, , , , , , , ,725.6,725.0,500.0,1602.0, , , ,, , , , , 
10:00:03,-0.54,0.04,-0.59,0.16,-0.6,-0.63,-0.09,-0.64,-0.38,0.05,-0.51, , , , , , , ,725.52,725.0,100.0,1802.0, , , ,, , , , , 
10:00:06,-0.4,0.14,-0.53,0.3,-0.6,-0.48,0.03,-0.49,-0.18,0.09,-0.57, , , , , , , ,725.52,725.0,100.0,2002.0, , , ,, , , , , 
10:00:09,-0.42,0.16,-0.57,0.29,-0.6,-0.48,0.11,-0.37,-0.2,0.09,-0.63, , , , , , , ,725.52,725.0,100.0,1902.0, , , ,, , , , , 
10:00:12,-0.46,0.12,-0.65,0.16,-0.53,-0.56,0.13,-0.36,-0.18,0.07,-0.61, , , , , , , ,725.5,725.0,100.0,2102.0, , , ,, , , , , 
10:00:15,-0.49,0.05,-0.64,0.05,-0.65,-0.7,0.12,-0.35,-0.13,-0.03,-0.6, , , , , , , ,725.5,725.0,100.0,1702.0, , , ,, , , , , 
10:00:18,-0.52,-0.05,-0.57,0.01,-0.78,-0.68,-0.05,-0.35,-0.29,-0.1,-0.59, , , , , , , ,725.5,725.0,100.0,1802.0, , , ,, , , , , 
10:00:21,-0.6,-0.08,-0.64,0.01,-0.89,-0.78,-0.01,-0.44,-0.37,-0.25,-0.66, , , , , , , ,725.5,725.0,300.0,1802.0, , , ,, , , , , 
10:00:24,-0.57,-0.08,-0.56,0.1,-1.06,-0.73,-0.06,-0.43,-0.41,-0.27,-0.71, , , , , , , ,725.5,725.0,300.0,2002.0, , , ,, , , , , 
10:00:27,-0.56,-0.03,-0.57,0.08,-1.03,-0.73,-0.01,-0.42,-0.38,-0.17,-0.78, , , , , , , ,725.5,725.0,300.0,2002.0, , , ,, , , , , 
10:00:30,-0.55,-0.03,-0.54,0.15,-1.0,-0.61,-0.1,-0.56,-0.49,-0.15,-0.85, , , , , , , ,725.5,725.0,200.0,2002.0, , , ,, , , , , 
10:00:33,-0.54,0.09,-0.54,0.28,-0.99,-0.57,-0.1,-0.68,-0.52,0.09,-0.85, , , , , , , ,725.5,725.0,100.0,2002.0, , , ,, , , , , 
10:00:36,-0.5,0.16,-0.44,0.35,-0.94,-0.55,-0.01,-0.77,-0.52,0.14,-0.79, , , , , , , ,725.4,725.01,100.0,100.0, , , ,, , , , , 
10:00:39,-0.48,0.21,-0.47,0.33,-1.02,-0.43,0.08,-0.97,-0.54,0.21,-0.86, , , , , , , ,725.5,725.01,100.0,200.0, , , ,, , , , , 
10:00:42,-0.56,0.15,-0.63,0.19,-1.44,-0.53,0.05,-1.43,-0.53,0.2,-1.27, , , , , , , ,725.6,725.5,200.0,100.0, , , ,, , , , , 
10:00:45,-0.39,0.22,-0.42,0.38,-0.7,-0.36,0.11,-0.68,-0.38,0.19,-0.52, , , , , , , ,725.01,725.0,200.0,102.0, , , ,, , , , , 
10:00:48,-1.06,-0.2,-1.0,-0.19,-1.31,-1.25,-0.26,-1.3,-0.93,-0.16,-1.07, , , , , , , ,725.9,725.01,600.0,500.0, , , ,, , , , , 
10:00:51,-0.86,0.28,-0.78,0.56,-1.02,-1.23,0.05,-1.07,-0.56,0.24,-0.71, , , , , , , ,725.48,725.01,1000.0,600.0, , , ,, , , , , 
10:00:54,-0.53,0.61,-0.24,0.78,-0.59,-0.91,0.64,-0.65,-0.43,0.41,-0.2, , , , , , , ,725.0,724.85,2398.0,1500.0, , , ,, , , , , 
10:00:57,-0.78,0.45,-0.55,0.81,-0.33,-0.96,0.37,-0.57,-0.83,0.16,0.0, , , , , , , ,724.85,724.8,3200.0,600.0, , , ,, , , , , 
10:01:00,-0.59,0.29,-0.5,0.41,-0.18,-0.57,0.56,-0.62,-0.71,-0.1,0.13, , , , , , , ,724.85,724.8,3100.0,100.0, , , ,, , , , , 
10:01:03,-0.9,0.19,-0.98,0.43,-0.04,-0.91,0.39,-0.64,-0.81,-0.24,0.2, , , , , , , ,724.85,724.8,3200.0,100.0, , , ,, , , , , 
10:01:06,-0.74,0.06,-0.48,0.17,0.11,-0.76,0.2,-0.54,-0.97,-0.2,0.27, , , , , , , ,724.85,724.8,3100.0,100.0, , , ,, , , , , 
10:01:06, , , , ,0.23, , ,-0.39, , ,0.39, , , , , , , ,724.85,724.8,3100.0,100.0,1, , ,, , , , , 
10:01:12,-0.61,0.16,-0.48,0.28,0.23,-0.61,0.22,-0.3,-0.75,-0.03,0.33, , , , , , , ,724.85,724.8,3000.0,300.0, , , ,, , , , , 
10:01:15,-0.44,0.37,-0.34,0.49,-0.02,-0.38,0.36,-0.44,-0.59,0.25,0.01, , , , , , , ,725.01,725.0,300.0,6102.0, , , ,, , , , , 
10:01:18,-0.04,0.69,-0.09,0.95,0.74,-0.0,0.66,0.33,-0.01,0.46,0.7, , , , , , , ,724.8,724.11,798.0,200.0, , , ,, , , , , 
10:01:21,0.21,0.93,-0.09,1.0,0.66,0.47,0.95,0.27,0.23,0.83,0.59, , , , , , , ,724.8,724.11,698.0,200.0, , , ,, , , , , 
10:01:24,0.03,0.99,-0.13,0.91,0.6,0.07,0.92,0.21,0.15,1.15,0.46, , , , , , , ,724.8,724.2,598.0,1000.0, , , ,, , , , , 
10:01:27,0.26,0.99,-0.19,0.86,0.57,0.21,1.0,0.22,0.77,1.12,0.42, , , , , , , ,724.8,724.26,298.0,200.0, , , ,, , , , , 
10:01:30,0.17,0.92,-0.13,0.77,0.44,0.07,0.9,0.27,0.58,1.09,0.43, , , , , , , ,724.8,724.26,1798.0,200.0, , , ,, , , , , 
10:01:33,0.09,0.79,-0.16,0.75,0.3,0.02,0.78,0.41,0.41,0.82,0.46, , , , , , , ,724.8,724.26,2298.0,100.0, , , ,, , , , , 
10:01:36,-0.04,0.72,-0.17,0.73,0.16,-0.04,0.67,0.39,0.09,0.75,0.47, , , , , , , ,724.8,724.27,1398.0,1000.0, , , ,, , , , , 
10:01:39,0.04,0.67,-0.14,0.68,0.07,-0.08,0.63,0.44,0.33,0.69,0.57, , , , , , , ,724.8,724.2,1398.0,1000.0, , , ,, , , , , 
10:01:42,0.04,0.7,-0.07,0.7,0.02,-0.01,0.72,0.39,0.2,0.68,0.61, , , , , , , ,724.8,724.2,1298.0,1000.0, , , ,, , , , , 
10:01:45,0.14,0.88,-0.1,0.81,0.02,0.13,0.88,0.32,0.4,0.97,0.61, , , , , , , ,724.8,724.2,1198.0,1000.0, , , ,, , , , , 
10:01:48,0.11,0.93,-0.17,0.89,0.02,0.11,0.85,0.37,0.38,1.05,0.61, , , , , , , ,724.8,724.2,998.0,900.0, , , ,, , , , , 
10:01:51,0.12,0.82,-0.1,0.76,-0.04,0.03,0.8,0.38,0.44,0.89,0.58, , , , , , , ,724.8,724.2,1398.0,900.0, , , ,, , , , , 
10:01:54,0.16,0.82,-0.04,0.74,-0.06,0.08,0.84,0.44,0.42,0.9,0.55, , , , , , , ,724.8,724.2,1298.0,900.0, , , ,, , , , , 
10:01:57,0.27,0.94,0.04,0.8,-0.13,0.2,0.94,0.51,0.58,1.07,0.57, , , , , , , ,724.8,724.22,1198.0,1000.0, , , ,, , , , , 
10:02:00,-0.2,0.87,-0.58,0.77,-0.62,-0.22,0.85,0.0,0.21,0.99,0.23, , , , , , , ,724.85,724.8,400.0,2.0, , , ,, , , , , 
10:02:03,-0.1,0.82,-0.47,0.75,-0.78,-0.23,0.72,-0.22,0.39,0.99,0.18, , , , , , , ,725.01,724.85,200.0,200.0, , , ,, , , , , 
10:02:06,0.01,0.92,-0.46,0.78,-0.68,-0.14,0.84,-0.3,0.63,1.13,0.3, , , , , , , ,725.01,724.85,200.0,200.0, , , ,, , , , , 
10:02:09,0.21,1.14,-0.24,0.97,-0.53,0.04,1.04,-0.46,0.81,1.41,0.47, , , , , , , ,725.01,724.85,100.0,100.0, , , ,, , , , , 
10:02:12,0.35,1.17,-0.04,0.99,-0.77,0.17,1.06,-0.8,0.92,1.45,0.24, , , , , , , ,725.48,724.86,200.0,700.0, , , ,, , , , , 
10:02:15,0.42,1.13,-0.05,0.89,-0.34,0.22,1.01,-0.52,1.1,1.5,0.67, , , , , , , ,725.0,724.87,400.0,100.0, , , ,, , , , , 
10:02:18,0.43,1.05,0.08,0.94,-0.33,0.21,1.04,-0.4,1.01,1.17,0.76, , , , , , , ,725.0,724.86,300.0,700.0, , , ,, , , , , 
10:02:21,0.41,1.04,-0.02,0.9,-0.38,0.26,1.03,-0.43,0.98,1.2,0.76, , , , , , , ,725.0,724.86,300.0,1300.0, , , ,, , , , , 
10:02:24,0.32,0.87,0.03,0.79,-0.38,0.28,0.87,-0.48,0.66,0.96,0.75, , , , , , , ,725.0,724.86,100.0,700.0, , , ,, , , , , 
10:02:27,0.38,0.85,0.05,0.81,-0.36,0.32,0.78,-0.52,0.77,0.97,0.71, , , , , , , ,725.05,724.86,400.0,600.0, , , ,, , , , , 
10:02:30,0.3,0.75,0.01,0.67,-0.32,0.19,0.74,-0.68,0.69,0.83,0.61, , , , , , , ,725.05,724.86,400.0,700.0, , , ,, , , , , 
10:02:33,0.13,0.67,-0.01,0.63,0.38,-0.07,0.56,-0.01,0.46,0.81,1.08, , , , , , , ,724.6,724.5,3700.0,700.0, , , ,, , , , , 
10:02:36,0.11,0.61,0.05,0.57,0.38,-0.04,0.55,0.1,0.31,0.7,1.0, , , , , , , ,724.6,724.5,3600.0,500.0, , , ,, , , , , 
10:02:39,0.13,0.61,0.06,0.59,0.37,-0.13,0.58,0.21,0.47,0.65,0.95, , , , , , , ,724.6,724.5,3700.0,100.0, , , ,, , , , , 
10:02:42,0.12,0.62,0.04,0.62,0.32,-0.13,0.67,0.33,0.43,0.56,0.97, , , , , , , ,724.6,724.5,3500.0,100.0, , , ,, , , , , 
10:02:45,0.25,0.82,0.23,0.82,0.45,-0.09,0.84,0.52,0.6,0.8,1.18, , , , , , , ,724.6,724.22,100.0,1200.0, , , ,, , , , , 
10:02:48,0.26,0.8,0.11,0.76,0.3,0.09,0.77,0.41,0.57,0.87,1.0, , , , , , , ,724.6,724.5,100.0,500.0, , , ,, , , , , 
10:02:51,0.2,0.76,-0.02,0.61,0.31,-0.05,0.77,0.57,0.66,0.91,1.09, , , , , , , ,724.6,724.5,100.0,700.0, , , ,, , , , , 
10:02:54,0.24,0.72,0.03,0.72,0.62,-0.03,0.7,0.89,0.71,0.75,1.45, , , , , , , ,724.5,724.23,2100.0,100.0, , , ,, , , , , 
10:02:57,0.18,0.7,0.05,0.64,0.7,-0.09,0.7,0.97,0.57,0.76,1.26, , , , , , , ,724.5,724.23,2100.0,600.0, , , ,, , , , , 
10:03:00,0.16,0.72,0.08,0.65,0.63,-0.17,0.68,0.88,0.57,0.83,1.07, , , , , , , ,724.5,724.23,2000.0,600.0, , , ,, , , , , 
10:03:03,0.18,0.74,0.09,0.72,0.52,-0.22,0.72,0.69,0.68,0.79,0.74, , , , , , , ,724.5,724.29,2100.0,100.0, , , ,, , , , , 
10:03:06,0.06,0.63,-0.12,0.51,0.53,-0.18,0.65,0.71,0.5,0.74,0.56, , , , , , , ,724.5,724.15,1800.0,202.0, , , ,, , , , , 
10:03:09,-0.4,0.47,-0.56,0.4,-0.09,-0.69,0.48,0.21,0.06,0.55,0.11, , , , , , , ,724.7,724.6,100.0,2700.0, , , ,, , , , , 
10:03:12,-0.27,0.54,-0.52,0.4,-0.3,-0.46,0.42,-0.01,0.18,0.81,-0.04, , , , , , , ,724.92,724.7,100.0,300.0, , , ,, , , , , 
10:03:15,-0.21,0.45,-0.58,0.33,-0.12,-0.52,0.33,0.23,0.47,0.7,0.34, , , , , , , ,724.7,724.6,100.0,2500.0, , , ,, , , , , 
10:03:18,-0.19,0.45,-0.33,0.38,-0.01,-0.45,0.49,0.23,0.22,0.47,0.39, , , , , , , ,724.7,724.61,100.0,100.0, , , ,, , , , , 
10:03:21,-0.27,0.44,-0.43,0.35,-0.06,-0.51,0.44,0.16,0.13,0.54,0.54, , , , , , , ,724.7,724.61,100.0,200.0, , , ,, , , , , 
10:03:24,-0.22,0.55,-0.21,0.4,-0.1,-0.46,0.47,0.1,-0.0,0.79,0.61, , , , , , , ,724.7,724.61,100.0,200.0, , , ,, , , , , 
10:03:27,-0.29,0.53,-0.33,0.47,-0.1,-0.51,0.45,0.04,-0.04,0.68,0.63, , , , , , , ,724.7,724.61,100.0,200.0, , , ,, , , , , 
10:03:30,-0.28,0.47,-0.35,0.48,-0.46,-0.53,0.39,-0.23,0.03,0.53,0.52, , , , , , , ,724.99,724.6,100.0,800.0, , , ,, , , , , 
10:03:33,-0.37,0.35,-0.38,0.34,-0.35,-0.53,0.3,-0.23,-0.21,0.41,0.52, , , , , , , ,724.99,724.6,100.0,800.0, , , ,, , , , , 
10:03:36,-0.41,0.34,-0.49,0.36,-0.57,-0.57,0.3,-0.56,-0.16,0.37,0.18, , , , , , , ,725.48,724.6,100.0,800.0, , , ,, , , , , 
10:03:39,-0.24,0.43,-0.25,0.42,0.08,-0.4,0.37,-0.03,-0.07,0.49,0.69, , , , , , , ,724.7,724.6,100.0,900.0, , , ,, , , , , 
10:03:42,-0.16,0.47,-0.19,0.54,-0.01,-0.27,0.4,-0.22,-0.02,0.47,0.5, , , , , , , ,724.98,724.6,100.0,900.0, , , ,, , , , , 
10:03:45,-0.36,0.38,-0.38,0.43,0.18,-0.46,0.39,-0.03,-0.25,0.33,0.69, , , , , , , ,724.7,724.6,100.0,899.0, , , ,, , , , , 
10:03:48,-0.24,0.43,-0.26,0.44,0.01,-0.42,0.4,-0.22,-0.05,0.47,0.55, , , , , , , ,724.98,724.7,100.0,200.0, , , ,, , , , , 
10:03:51,-0.26,0.4,-0.26,0.38,0.24,-0.4,0.36,-0.1,-0.13,0.45,0.61, , , , , , , ,724.98,724.61,100.0,100.0, , , ,, , , , , 
10:03:54,-0.23,0.38,-0.24,0.42,0.27,-0.42,0.4,-0.06,-0.02,0.31,0.59, , , , , , , ,724.98,724.65,100.0,200.0, , , ,, , , , , 
10:03:57,-0.32,0.35,-0.33,0.36,0.35,-0.44,0.38,0.01,-0.19,0.32,0.59, , , , , , , ,724.98,724.65,100.0,200.0, , , ,, , , , , 
10:04:00,-0.64,0.38,-0.76,0.44,-0.1,-0.75,0.36,-0.22,-0.41,0.33,0.11, , , , , , , ,725.5,724.65,1600.0,700.0, , , ,, , , , , 
10:04:03,-0.59,0.41,-0.42,0.54,0.42,-0.74,0.4,0.52,-0.59,0.28,0.9, , , , , , , ,724.6,724.58,1974.0,100.0, , , ,, , , , , 
10:04:06,-0.38,0.51,-0.22,0.69,0.35,-0.61,0.57,0.58,-0.3,0.27,0.9, , , , , , , ,724.6,724.58,1874.0,100.0, , , ,, , , , , 
10:04:09,-0.41,0.42,-0.05,0.55,0.3,-0.67,0.43,0.71,-0.49,0.27,0.9, , , , , , , ,724.6,724.58,1874.0,100.0, , , ,, , , , , 
10:04:12,-0.41,0.33,-0.19,0.55,0.3,-0.65,0.23,0.65,-0.38,0.21,0.86, , , , , , , ,724.6,724.58,1674.0,100.0, , , ,, , , , , 
10:04:15,-0.31,0.36,0.08,0.53,0.31,-0.52,0.28,0.58,-0.5,0.26,0.73, , , , , , , ,724.6,724.58,1374.0,100.0, , , ,, , , , , 
10:04:18,-0.14,0.45,0.08,0.67,0.48,-0.24,0.36,0.68,-0.26,0.31,0.89, , , , , , , ,724.6,724.35,74.0,200.0, , , ,, , , , , 
10:04:21,-0.48,0.35,-0.53,0.52,-0.2,-0.53,0.28,-0.06,-0.39,0.24,0.27, , , , , , , ,724.98,724.86,100.0,26.0, , , ,, , , , , 
10:04:24,-0.53,0.31,-0.39,0.51,0.36,-0.61,0.23,0.51,-0.58,0.2,0.93, , , , , , , ,724.58,724.35,374.0,199.0, , , ,, , , , , 
10:04:27,-0.22,0.42,-0.1,0.62,0.3,-0.28,0.3,0.52,-0.27,0.35,0.94, , , , , , , ,724.58,724.35,174.0,199.0, , , ,, , , , , 
10:04:30,-0.17,0.47,-0.08,0.59,0.23,-0.3,0.47,0.53,-0.12,0.33,1.06, , , , , , , ,724.58,724.35,74.0,199.0, , , ,, , , , , 
10:04:33,-0.23,0.43,-0.1,0.55,0.23,-0.31,0.38,0.55,-0.28,0.35,1.06, , , , , , , ,724.58,724.35,100.0,199.0, , , ,, , , , , 
10:04:36,-0.23,0.44,-0.22,0.55,-0.21,-0.29,0.4,0.13,-0.18,0.36,0.62, , , , , , , ,724.98,724.58,74.0,99.0, , , ,, , , , , 
10:04:39,-0.27,0.39,-0.36,0.44,-0.21,-0.29,0.32,0.18,-0.17,0.4,0.6, , , , , , , ,724.98,724.58,74.0,99.0, , , ,, , , , , 
10:04:42,-0.21,0.41,-0.24,0.52,-0.21,-0.25,0.39,0.23,-0.15,0.33,0.49, , , , , , , ,724.98,724.58,174.0,499.0, , , ,, , , , , 
10:04:45,-0.22,0.4,-0.23,0.46,-0.23,-0.27,0.36,0.19,-0.16,0.38,0.46, , , , , , , ,725.02,724.58,74.0,499.0, , , ,, , , , , 
10:04:48,-0.28,0.38,-0.33,0.41,-0.14,-0.32,0.4,0.22,-0.2,0.33,0.48, , , , , , , ,724.98,724.58,1600.0,399.0, , , ,, , , , , 
10:04:51,-0.27,0.43,-0.42,0.39,-0.43,-0.21,0.41,-0.16,-0.19,0.5,0.14, , , , , , , ,725.48,724.6,100.0,4100.0, , , ,, , , , , 
10:04:54,-0.12,0.51,-0.27,0.5,-0.64,-0.09,0.49,-0.47,-0.01,0.56,-0.14, , , , , , , ,725.5,724.98,100.0,200.0, , , ,, , , , , 
10:04:57,-0.21,0.53,-0.35,0.35,-0.23,-0.17,0.56,-0.1,-0.11,0.67,0.24, , , , , , , ,725.0,724.98,100.0,100.0, , , ,, , , , , 
10:05:00,-0.16,0.49,-0.25,0.46,-0.11,-0.17,0.52,-0.01,-0.07,0.5,0.26, , , , , , , ,725.4,724.6,2000.0,4400.0, , , ,, , , , , 
10:05:03,-0.14,0.52,-0.16,0.4,0.27,-0.14,0.53,0.4,-0.13,0.64,0.6, , , , , , , ,724.94,724.61,100.0,200.0, , , ,, , , , , 
10:05:06,-0.08,0.58,-0.17,0.46,0.29,-0.14,0.52,0.48,0.07,0.77,0.69, , , , , , , ,724.94,724.66,200.0,400.0, , , ,, , , , , 
10:05:09,-0.19,0.71,-0.31,0.74,0.42,-0.3,0.58,0.65,0.03,0.81,0.77, , , , , , , ,724.94,724.66,200.0,500.0, , , ,, , , , , 
10:05:12,-0.12,0.72,-0.15,0.81,0.32,-0.25,0.67,0.71,0.03,0.68,0.81, , , , , , , ,725.0,724.66,1900.0,402.0, , , ,, , , , , 
10:05:15,-0.12,0.62,-0.1,0.69,0.29,-0.25,0.55,0.85,-0.01,0.61,0.94, , , , , , , ,724.94,724.66,1800.0,402.0, , , ,, , , , , 
10:05:18,-0.04,0.58,-0.11,0.76,0.19,-0.08,0.55,0.9,0.08,0.45,0.92, , , , , , , ,725.0,724.66,1700.0,302.0, , , ,, , , , , 
10:05:21,-0.04,0.59,-0.12,0.67,0.07,-0.09,0.64,0.9,0.09,0.47,0.98, , , , , , , ,725.0,724.66,1500.0,302.0, , , ,, , , , , 
10:05:24,0.08,0.67,0.01,0.72,0.28,-0.01,0.72,1.17,0.23,0.56,1.3, , , , , , , ,724.66,724.6,698.0,4400.0, , , ,, , , , , 
10:05:27,0.07,0.59,0.06,0.68,0.29,-0.08,0.6,1.16,0.21,0.49,1.36, , , , , , , ,724.66,724.6,598.0,4400.0, , , ,, , , , , 
10:05:30,0.02,0.53,0.03,0.65,0.3,-0.04,0.59,1.06,0.08,0.35,1.42, , , , , , , ,724.66,724.6,598.0,4400.0, , , ,, , , , , 
10:05:33,0.02,0.49,0.06,0.66,0.32,-0.03,0.54,0.97,0.04,0.27,1.51, , , , , , , ,724.66,724.6,598.0,4200.0, , , ,, , , , , 
10:05:36,0.1,0.52,0.05,0.65,0.34,0.09,0.58,0.9,0.15,0.33,1.62, , , , , , , ,724.66,724.6,498.0,4200.0, , , ,, , , , , 
10:05:39,0.06,0.48,0.06,0.52,0.39,0.07,0.57,0.84,0.04,0.36,1.83, , , , , , , ,724.66,724.6,498.0,4200.0, , , ,, , , , , 
10:05:42,0.04,0.51,-0.07,0.57,0.44,0.12,0.63,0.85,0.06,0.32,2.0, , , , , , , ,724.66,724.6,498.0,4200.0, , , ,, , , , , 
10:05:45,0.03,0.48,-0.05,0.62,0.44,0.08,0.52,0.88,0.05,0.32,2.15, , , , , , , ,724.66,724.6,598.0,4100.0, , , ,, , , , , 
10:05:48,0.06,0.44,-0.04,0.58,0.44,0.12,0.48,0.89,0.09,0.28,2.35, , , , , , , ,724.66,724.6,398.0,4000.0, , , ,, , , , , 
10:05:51,-0.05,0.46,-0.2,0.49,0.14,-0.01,0.47,0.72,0.06,0.41,2.2, , , , , , , ,724.98,724.66,100.0,102.0, , , ,, , , , , 
10:05:54,-0.12,0.43,-0.21,0.48,0.11,-0.11,0.52,0.81,-0.04,0.29,2.3, , , , , , , ,724.98,724.66,100.0,2.0, , , ,, , , , , 
10:05:57,-0.11,0.38,-0.18,0.5,0.12,-0.09,0.4,0.61,-0.07,0.26,2.41, , , , , , , ,725.0,724.66,1000.0,702.0, , , ,, , , , , 
10:06:00,-0.11,0.36,-0.14,0.41,0.22,-0.12,0.38,0.43,-0.06,0.3,2.4, , , , , , , ,725.0,724.66,1000.0,202.0, , , ,, , , , , 
10:06:03,-0.39,0.29,-0.5,0.29,-0.17,-0.51,0.31,-0.35,-0.16,0.28,1.93, , , , , , , ,725.38,725.0,1000.0,100.0, , , ,, , , , , 
10:06:06,-0.41,0.32,-0.58,0.35,0.17,-0.49,0.34,-0.4,-0.16,0.26,2.21, , , , , , , ,725.38,724.66,1000.0,602.0, , , ,, , , , , 
10:06:09,-0.39,0.33,-0.51,0.38,0.35,-0.44,0.36,-0.4,-0.22,0.24,2.21, , , , , , , ,725.38,724.66,1000.0,602.0, , , ,, , , , , 
10:06:12,-0.33,0.32,-0.56,0.28,0.21,-0.39,0.32,-0.56,-0.06,0.35,2.0, , , , , , , ,725.38,725.0,900.0,100.0, , , ,, , , , , 
10:06:15,-0.35,0.35,-0.46,0.29,0.55,-0.46,0.39,-0.17,-0.13,0.38,2.23, , , , , , , ,725.38,724.66,900.0,1102.0, , , ,, , , , , 
10:06:18,-0.22,0.36,-0.34,0.48,0.9,-0.3,0.35,0.15,-0.02,0.27,2.46, , , , , , , ,725.0,724.66,3200.0,1102.0, , , ,, , , , , 
10:06:21,-0.23,0.29,-0.34,0.44,0.9,-0.25,0.24,0.29,-0.09,0.18,2.43, , , , , , , ,725.0,724.66,3200.0,1102.0, , , ,, , , , , 
10:06:24,-0.14,0.31,-0.22,0.5,0.89,-0.29,0.28,0.37,0.09,0.15,2.4, , , , , , , ,725.0,724.66,2700.0,1102.0, , , ,, , , , , 
10:06:27,-0.25,0.39,-0.3,0.45,0.85,-0.22,0.42,0.36,-0.24,0.28,2.34, , , , , , , ,725.0,724.7,2200.0,400.0, , , ,, , , , , 
10:06:30,-0.06,0.46,-0.24,0.58,0.76,-0.02,0.47,0.44,0.09,0.34,2.42, , , , , , , ,725.0,724.7,2200.0,900.0, , , ,, , , , , 
10:06:33,-0.06,0.52,-0.18,0.57,0.67,-0.09,0.54,0.44,0.09,0.45,2.41, , , , , , , ,725.0,724.7,2100.0,1000.0, , , ,, , , , , 
10:06:36,-0.01,0.53,-0.15,0.56,0.53,-0.09,0.53,0.38,0.21,0.51,2.34, , , , , , , ,725.0,724.8,2100.0,1000.0, , , ,, , , , , 
10:06:39,-0.06,0.5,-0.12,0.55,0.47,-0.12,0.58,0.34,0.07,0.37,2.34, , , , , , , ,725.0,724.8,2200.0,1000.0, , , ,, , , , , 
10:06:42,-0.04,0.46,-0.13,0.42,0.36,-0.12,0.57,0.22,0.12,0.38,2.15, , , , , , , ,725.0,724.98,2100.0,300.0, , , ,, , , , , 
10:06:45,-0.03,0.52,-0.08,0.38,0.38,-0.12,0.65,0.22,0.11,0.52,2.15, , , , , , , ,725.0,724.98,300.0,100.0, , , ,, , , , , 
10:06:48,-0.03,0.49,-0.04,0.52,0.53,-0.06,0.59,0.48,0.01,0.36,2.29, , , , , , , ,724.98,724.8,100.0,1600.0, , , ,, , , , , 
10:06:51,0.05,0.5,-0.03,0.38,0.6,0.03,0.66,0.47,0.14,0.48,2.25, , , , , , , ,725.0,724.8,500.0,1700.0, , , ,, , , , , 
10:06:51, , , , ,0.71, , ,0.47, , ,2.14, , , , , , , ,725.0,724.8,500.0,1700.0,1, , ,, , , , , 
10:06:57,0.09,0.61,-0.06,0.43,0.52,0.1,0.67,0.47,0.23,0.71,2.04, , , , , , , ,725.0,724.8,300.0,1700.0, , , ,, , , , , 
10:07:00,0.12,0.61,-0.05,0.43,0.23,0.1,0.64,0.25,0.32,0.76,1.82, , , , , , , ,725.0,724.95,200.0,900.0, , , ,, , , , , 
10:07:03,0.05,0.59,-0.06,0.33,-0.35,-0.08,0.6,0.07,0.31,0.85,1.45, , , , , , , ,725.38,725.0,1000.0,200.0, , , ,, , , , , 
10:07:06,0.04,0.55,-0.11,0.39,-0.64,-0.08,0.5,0.07,0.32,0.78,1.45, , , , , , , ,725.38,725.0,1000.0,900.0, , , ,, , , , , 
10:07:09,0.16,0.67,0.03,0.49,-0.69,-0.04,0.59,0.01,0.49,0.92,1.39, , , , , , , ,725.46,725.0,500.0,900.0, , , ,, , , , , 
10:07:12,0.18,0.77,0.03,0.61,-0.97,0.01,0.56,-0.36,0.51,1.12,1.05, , , , , , , ,725.5,725.46,100.0,500.0, , , ,, , , , , 
10:07:15,0.07,0.71,-0.05,0.53,-0.81,-0.12,0.61,-0.5,0.39,1.0,1.04, , , , , , , ,725.5,725.46,100.0,400.0, , , ,, , , , , 
10:07:18,0.13,0.69,-0.01,0.55,-0.74,0.02,0.66,-0.5,0.39,0.87,1.02, , , , , , , ,725.5,725.46,100.0,400.0, , , ,, , , , , 
10:07:21,0.0,0.7,-0.11,0.48,-0.6,-0.2,0.64,-0.5,0.31,0.97,1.02, , , , , , , ,725.5,725.46,1800.0,500.0, , , ,, , , , , 
10:07:24,0.04,0.61,-0.08,0.43,-0.53,-0.08,0.5,-0.47,0.28,0.91,0.92, , , , , , , ,725.5,725.46,1700.0,500.0, , , ,, , , , , 
10:07:27,0.04,0.67,-0.03,0.51,-0.49,-0.15,0.68,-0.43,0.29,0.83,0.84, , , , , , , ,725.5,725.43,1200.0,100.0, , , ,, , , , , 
10:07:30,0.01,0.54,-0.07,0.48,-0.38,-0.01,0.47,-0.3,0.11,0.67,0.86, , , , , , , ,725.46,725.43,100.0,100.0, , , ,, , , , , 
10:07:33,0.02,0.58,-0.03,0.57,-0.05,0.03,0.6,0.03,0.05,0.56,1.15, , , , , , , ,725.42,725.0,100.0,700.0, , , ,, , , , , 
10:07:36,0.06,0.53,-0.03,0.59,-0.05,0.09,0.58,0.03,0.13,0.41,1.22, , , , , , , ,725.42,725.0,100.0,700.0, , , ,, , , , , 
10:07:39,-0.01,0.55,-0.11,0.55,-0.14,0.02,0.66,-0.04,0.06,0.44,1.22, , , , , , , ,725.5,725.0,500.0,700.0, , , ,, , , , , 
10:07:42,0.03,0.51,-0.06,0.57,-0.17,-0.03,0.51,-0.19,0.17,0.44,1.17, , , , , , , ,725.5,725.05,500.0,100.0, , , ,, , , , , 
10:07:45,0.01,0.49,-0.04,0.46,-0.16,-0.11,0.51,-0.19,0.18,0.49,1.16, , , , , , , ,725.5,725.05,500.0,200.0, , , ,, , , , , 
10:07:48,0.01,0.5,-0.15,0.53,-0.04,-0.03,0.51,-0.18,0.21,0.46,1.16, , , , , , , ,725.48,725.05,100.0,100.0, , , ,, , , , , 
10:07:51,-0.05,0.53,-0.21,0.54,-0.05,-0.14,0.53,-0.18,0.19,0.52,1.16, , , , , , , ,725.5,725.05,300.0,100.0, , , ,, , , , , 
10:07:54,-0.04,0.45,-0.31,0.33,-0.42,-0.11,0.47,-0.57,0.29,0.54,0.79, , , , , , , ,725.6,725.5,300.0,100.0, , , ,, , , , , 
10:07:57,-0.05,0.49,-0.23,0.26,-0.42,-0.15,0.49,-0.53,0.23,0.73,0.81, , , , , , , ,725.6,725.5,300.0,100.0, , , ,, , , , , 
10:08:00,0.14,0.76,0.12,0.9,0.59,0.07,0.74,0.64,0.23,0.65,2.02, , , , , , , ,724.8,724.66,900.0,2.0, , , ,, , , , , 
10:08:03,0.27,0.87,0.18,0.83,0.71,0.3,1.06,0.67,0.34,0.72,2.02, , , , , , , ,724.8,724.66,800.0,2.0, , , ,, , , , , 
10:08:06,0.22,0.83,0.13,0.8,0.7,0.21,1.05,0.79,0.33,0.64,2.02, , , , , , , ,724.8,724.66,800.0,2.0, , , ,, , , , , 
10:08:09,0.19,0.82,0.24,0.86,0.7,0.11,1.16,0.86,0.22,0.44,2.02, , , , , , , ,724.8,724.66,800.0,202.0, , , ,, , , , , 
10:08:12,0.23,0.91,0.1,0.91,0.67,0.19,1.13,0.95,0.41,0.68,1.96, , , , , , , ,724.8,724.66,200.0,302.0, , , ,, , , , , 
10:08:15,-0.07,0.85,-0.33,0.77,0.27,-0.01,1.04,0.76,0.12,0.74,1.69, , , , , , , ,725.05,724.8,100.0,1100.0, , , ,, , , , , 
10:08:18,-0.19,0.66,-0.53,0.62,-0.12,-0.13,0.86,0.41,0.09,0.5,1.31, , , , , , , ,725.6,724.8,300.0,800.0, , , ,, , , , , 
