,tick_time,bid,ask,bid 20,ask 20,la 20,bid 40,ask 40,la 40,bid 100,ask 100,la 100,order,price,avePrice,trans,net,askp0,bidp0,askv0,bidv0,profit,profit_rate,is_mocked,order_time,exchange_time,orderSide,new_order_status,reason
0,2018-05-04 09:30:16, , , , ,3.68, , ,-0.42, , ,-3.57, , , , , ,671.63,671.5,100.0,1400.0, , , , , ,, , 
1,2018-05-04 09:30:19, , , , ,3.88, , ,-0.65, , ,-3.49, , , , , ,671.63,671.5,300.0,4154.0, , , , , ,, , 
2,2018-05-04 09:30:22, , , , ,3.74, , ,-0.64, , ,-3.61, , , , , ,671.7,671.56,100.0,1100.0, , , , , ,, , 
3,2018-05-04 09:30:25, , , , ,3.62, , ,-0.54, , ,-3.53, , , , , ,671.7,671.57,200.0,866.0, , , , , ,, , 
4,2018-05-04 09:30:28, , , , ,3.25, , ,-0.74, , ,-3.53, , , , , ,671.89,671.63,855.0,1100.0, , , , , ,, , 
5,2018-05-04 09:30:31, , , , ,2.81, , ,-0.92, , ,-3.4, , , , , ,671.89,671.7,1955.0,100.0, , , , , ,, , 
6,2018-05-04 09:30:34, , , , ,2.35, , ,-1.12, , ,-3.38, , , , , ,671.89,671.79,1555.0,1200.0, , , , , ,, , 
7,2018-05-04 09:30:37, , , , ,1.94, , ,-1.26, , ,-3.25, , , , , ,671.89,671.79,1255.0,3400.0, , , , , ,, , 
8,2018-05-04 09:30:40, , , , ,0.94, , ,-1.94, , ,-3.86, , , , , ,672.42,672.0,100.0,700.0, , , , , ,, , 
9,2018-05-04 09:30:43, , , , ,0.55, , ,-1.96, , ,-3.96, , , , , ,672.42,672.01,300.0,712.0, , , , , ,, , 
10,2018-05-04 09:30:46, , , , ,-0.23, , ,-2.52, , ,-4.61, , , , , ,672.89,672.21,100.0,1100.0, , , , , ,, , 
11,2018-05-04 09:30:49, , , , ,-0.46, , ,-2.61, , ,-4.55, , , , , ,672.89,672.21,200.0,1054.0, , , , , ,, , 
12,2018-05-04 09:30:52, , , , ,-0.11, , ,-2.25, , ,-4.12, , , , , ,672.37,672.22,7.0,1300.0, , , , , ,, , 
13,2018-05-04 09:30:55, , , , ,-0.71, , ,-2.58, , ,-4.25, , , , , ,672.6,672.42,100.0,100.0, , , , , ,, , 
14,2018-05-04 09:30:58, , , , ,-1.92, , ,-3.87, , ,-4.97, , , , , ,673.49,673.0,200.0,2593.0, , , , , ,, , 
15,2018-05-04 09:31:01, , , , ,-2.02, , ,-4.02, , ,-5.01, , , , , ,673.49,673.0,100.0,2393.0, , , , , ,, , 
16,2018-05-04 09:31:04, , , , ,-2.58, , ,-4.61, , ,-5.22, , , , , ,673.88,673.06,500.0,100.0, , , , , ,, , 
17,2018-05-04 09:31:07, , , , ,-2.43, , ,-4.79, , ,-5.05, , , , , ,673.77,673.06,100.0,900.0, , , , , ,, , 
18,2018-05-04 09:31:10, , , , ,-3.49, , ,-5.64, , ,-5.75, , , , , ,674.0,673.88,100.0,350.0, , , , , ,, , 
19,2018-05-04 09:31:13, , , , ,-3.92, , ,-5.81, , ,-5.65, , , , , ,674.08,674.0,300.0,600.0, , , , , ,, , 
20,2018-05-04 09:31:16,0.49,1.83,0.68,1.23,-4.08,0.37,2.36,-5.84,0.44,1.9,-5.55, , , , , ,674.08,674.0,300.0,200.0, , , , , ,, , 
21,2018-05-04 09:31:19,-0.0,1.33,0.06,1.05,-4.46,0.13,1.39,-6.02,-0.19,1.55,-5.68, , , , , ,674.19,674.08,100.0,100.0, , , , , ,, , 
22,2018-05-04 09:31:22,0.01,1.34,0.31,1.05,-4.87,0.15,1.48,-6.51,-0.44,1.48,-6.26, , , , , ,674.88,674.08,200.0,100.0, , , , , ,, , 
23,2018-05-04 09:31:25,-0.16,1.19,0.02,1.01,-3.92,-0.05,1.28,-5.71,-0.47,1.29,-5.53, , , , , ,673.95,673.88,800.0,100.0, , , , , ,, , 
24,2018-05-04 09:31:28,-0.13,1.09,-0.09,0.94,-3.65,-0.09,1.09,-5.36,-0.22,1.23,-5.33, , , , , ,673.95,673.49,200.0,100.0, , , , , ,, , 
25,2018-05-04 09:31:31,-0.31,0.91,-0.29,0.54,-3.69,-0.18,1.11,-5.21,-0.46,1.06,-5.33, , , , , ,673.83,673.49,400.0,336.0, , , , , ,, , 
26,2018-05-04 09:31:34,-0.5,0.36,-0.54,-0.07,-3.5,-0.35,0.66,-4.88,-0.61,0.5,-5.01, , , , , ,673.88,673.0,164.0,300.0, , , , , ,, , 
27,2018-05-04 09:31:37,-0.4,0.76,-0.61,0.45,-2.76,-0.05,1.28,-4.02,-0.54,0.54,-4.16, , , , , ,673.49,672.22,100.0,1051.0, , , , , ,, , 
28,2018-05-04 09:31:40,-0.46,0.37,-0.78,0.16,-2.54,-0.14,0.69,-3.75,-0.47,0.28,-3.83, , , , , ,673.0,672.23,2600.0,200.0, , , , , ,, , 
29,2018-05-04 09:31:43,-0.49,0.28,-0.71,0.02,-2.31,-0.22,0.41,-3.57,-0.53,0.42,-3.62, , , , , ,673.0,671.89,1600.0,100.0, , , , , ,, , 
30,2018-05-04 09:31:46,-0.46,0.35,-0.66,-0.05,-2.37,-0.23,0.52,-3.58,-0.5,0.58,-3.66, , , , , ,672.99,671.9,500.0,400.0, , , , , ,, , 
31,2018-05-04 09:31:49,-0.4,0.51,-0.62,0.32,-1.89,-0.11,0.67,-3.02,-0.46,0.55,-3.25, , , , , ,672.23,671.9,200.0,400.0, , , , , ,, , 
32,2018-05-04 09:31:52,-0.52,0.58,-0.68,0.32,-1.82,-0.33,1.06,-2.92,-0.55,0.34,-3.29, , , , , ,672.22,671.8,100.0,1300.0, , , , , ,, , 
33,2018-05-04 09:31:55,-0.79,0.1,-0.81,-0.31,-2.35,-0.83,0.45,-3.42,-0.73,0.17,-3.92, , , , , ,672.47,672.23,100.0,200.0, , , , , ,, , 
34,2018-05-04 09:31:58,-0.66,0.11,-0.79,-0.08,-1.61,-0.34,0.42,-2.5,-0.84,-0.0,-3.24, , , , , ,671.75,671.7,800.0,1478.0, , , , , ,, , 
35,2018-05-04 09:32:01,-0.46,0.38,-0.39,0.4,-1.76,-0.17,0.6,-2.67,-0.84,0.14,-3.34, , , , , ,671.75,671.7,200.0,1094.0, , , , , ,, , 
36,2018-05-04 09:32:04,-0.64,0.32,-0.64,0.01,-2.02,-0.38,0.66,-2.85,-0.9,0.29,-3.44, , , , , ,671.75,671.7,700.0,856.0, , , , , ,, , 
37,2018-05-04 09:32:07,-0.27,0.58,0.1,0.63,-2.33,0.03,0.74,-3.25,-0.92,0.36,-3.58, , , , , ,671.8,671.71,200.0,1700.0, , , , , ,, , 
38,2018-05-04 09:32:10,-0.0,0.7,0.54,0.81,-2.62,0.38,0.87,-3.83,-0.93,0.43,-3.74, , , , , ,672.0,671.8,600.0,500.0, , , , , ,, , 
39,2018-05-04 09:32:13,-0.09,0.71,0.49,0.81,-1.3,0.14,0.9,-2.74,-0.89,0.44,-2.39, , , , , ,671.0,670.99,5419.0,300.0, , , , , ,, , 
40,2018-05-04 09:32:16,-0.16,0.62,0.18,0.7,-1.27,0.05,0.59,-2.96,-0.73,0.56,-2.38, , , , , ,671.0,670.9,2419.0,100.0, , , , , ,, , 
41,2018-05-04 09:32:19,-0.21,0.69,0.21,0.93,-1.81,-0.13,0.49,-3.6,-0.72,0.65,-2.98, , , , , ,671.6,671.0,319.0,200.0, , , , , ,, , 
42,2018-05-04 09:32:22,-0.15,0.71,0.25,0.6,-1.77,0.02,0.81,-3.83,-0.74,0.72,-2.99, , , , , ,671.55,671.0,200.0,1800.0, , , , , ,, , 
43,2018-05-04 09:32:25,-0.07,0.67,0.26,0.59,-1.8,0.17,0.82,-4.02,-0.64,0.59,-3.03, , , , , ,671.55,671.0,400.0,1627.0, , , , , ,, , 
44,2018-05-04 09:32:28,-0.23,0.7,0.1,0.73,-1.71,-0.08,0.91,-4.14,-0.72,0.46,-3.03, , , , , ,671.5,671.0,100.0,888.0, , , , , ,, , 
45,2018-05-04 09:32:31,-0.11,0.72,0.38,0.93,-1.64,0.11,0.61,-4.28,-0.82,0.62,-3.06, , , , , ,671.5,671.0,500.0,1188.0, , , , , ,, , 
46,2018-05-04 09:32:34,-0.13,0.76,0.33,0.9,-1.16,0.13,0.7,-3.75,-0.85,0.67,-2.64, , , , , ,670.95,670.9,512.0,72.0, , , , , ,, , 
47,2018-05-04 09:32:37,-0.19,0.71,0.18,0.83,-1.16,-0.09,0.65,-3.48,-0.65,0.66,-2.69, , , , , ,670.95,670.89,1012.0,2500.0, , , , , ,, , 
48,2018-05-04 09:32:40,-0.51,0.55,-0.05,0.4,-1.18,-0.66,0.5,-2.97,-0.82,0.76,-2.66, , , , , ,670.89,670.88,820.0,4800.0, , , , , ,, , 
49,2018-05-04 09:32:43,-0.7,0.3,-0.35,0.07,-1.25,-0.85,0.09,-2.69,-0.88,0.74,-2.67, , , , , ,670.89,670.88,200.0,3414.0, , , , , ,, , 
50,2018-05-04 09:32:46,-0.92,0.01,-0.61,-0.28,-1.26,-1.09,-0.17,-2.29,-1.08,0.49,-2.67, , , , , ,670.89,670.88,400.0,568.0, , , , , ,, , 
51,2018-05-04 09:32:49,-1.35,-0.35,-1.02,-0.51,-1.08,-1.66,-0.61,-2.15,-1.36,0.09,-2.24, , , , , ,670.83,670.7,700.0,700.0, , , , , ,, , 
52,2018-05-04 09:32:52,-1.08,-0.15,-0.64,-0.42,-0.89,-1.34,-0.19,-2.12,-1.25,0.15,-1.82, , , , , ,670.83,670.46,21.0,100.0, , , , , ,, , 
53,2018-05-04 09:32:55,-0.61,0.18,-0.2,0.2,-1.18,-0.65,0.0,-2.44,-0.98,0.33,-1.86, , , , , ,670.88,670.8,521.0,200.0, , , , , ,, , 
54,2018-05-04 09:32:58,-0.6,0.25,-0.31,0.04,-1.18,-0.64,0.06,-2.65,-0.84,0.65,-1.72, , , , , ,670.88,670.8,1121.0,101.0, , , , , ,, , 
55,2018-05-04 09:33:01,-0.77,0.34,-0.2,0.25,-0.47,-1.17,0.07,-1.78,-0.94,0.72,-0.92, , , , , ,670.5,670.0,2000.0,6400.0, , , , , ,, , 
56,2018-05-04 09:33:04,-1.07,0.18,-0.59,-0.03,-0.64,-1.5,0.02,-1.81,-1.14,0.56,-1.04, , , , , ,670.46,670.01,100.0,260.0, , , , , ,, , 
57,2018-05-04 09:33:07,-1.18,-0.03,-0.73,-0.26,-0.85,-1.44,-0.44,-1.68,-1.38,0.6,-1.04, , , , , ,670.28,670.0,100.0,6300.0, , , , , ,, , 
58,2018-05-04 09:33:10,-1.21,-0.1,-0.96,-0.42,-1.22,-1.18,-0.35,-1.55,-1.48,0.47,-1.11, , , , , ,670.28,670.0,100.0,5234.0, , , , , ,, , 
59,2018-05-04 09:33:13,-0.84,0.26,-0.31,0.09,-1.3,-0.96,0.14,-1.36,-1.24,0.55,-1.02, , , , , ,670.05,670.01,300.0,4500.0, , , , , ,, , 
60,2018-05-04 09:33:16,-0.98,0.16,-0.45,-0.39,-1.79,-1.27,0.24,-1.48,-1.23,0.63,-1.3, , , , , ,670.28,670.05,200.0,100.0, , , , , ,, , 
61,2018-05-04 09:33:19,-0.87,0.07,-0.43,-0.3,-1.77,-0.88,-0.01,-1.25,-1.3,0.53,-1.06, , , , , ,670.08,670.05,100.0,800.0, , , , , ,, , 
62,2018-05-04 09:33:22,-0.71,0.17,-0.27,-0.28,-2.02,-0.78,0.19,-1.29,-1.08,0.59,-1.06, , , , , ,670.08,670.05,200.0,499.0, , , , , ,, , 
63,2018-05-04 09:33:25,-0.33,0.56,0.23,0.41,-2.22,-0.51,0.5,-1.2,-0.73,0.76,-1.06, , , , , ,670.08,670.05,200.0,3611.0, , , , , ,, , 
64,2018-05-04 09:33:28,-0.23,0.56,0.2,0.24,-2.38,-0.36,0.67,-1.0,-0.53,0.77,-0.97, , , , , ,670.08,670.05,200.0,3237.0, , , , , ,, , 
65,2018-05-04 09:33:31,-0.38,0.48,-0.16,0.27,-2.76,-0.28,0.46,-1.07,-0.68,0.7,-1.33, , , , , ,670.41,670.06,2600.0,200.0, , , , , ,, , 
66,2018-05-04 09:33:34,-0.57,0.34,-0.27,0.18,-2.73,-0.55,0.17,-1.01,-0.91,0.66,-1.41, , , , , ,670.41,670.08,2900.0,100.0, , , , , ,, , 
67,2018-05-04 09:33:37,-0.63,0.24,-0.18,0.17,-2.19,-0.59,0.1,-0.6,-1.13,0.43,-1.19, , , , , ,670.06,670.05,300.0,1071.0, , , , , ,, , 
68,2018-05-04 09:33:40,-0.83,0.1,-0.73,-0.06,-1.73,-0.73,-0.02,-0.65,-1.04,0.37,-1.11, , , , , ,670.06,670.05,200.0,901.0, , , , , ,, , 
69,2018-05-04 09:33:43,-0.68,0.2,-0.64,0.09,-1.42,-0.46,-0.02,-0.7,-0.94,0.54,-0.98, , , , , ,670.05,670.01,99.0,1600.0, , , , , ,, , 
70,2018-05-04 09:33:46,-0.94,0.09,-1.1,-0.2,-1.01,-0.57,-0.1,-0.87,-1.17,0.57,-0.83, , , , , ,670.05,670.01,100.0,500.0, , , , , ,, , 
71,2018-05-04 09:33:49,-0.95,0.03,-0.81,-0.15,-1.07,-0.86,-0.18,-0.84,-1.17,0.4,-0.79, , , , , ,670.08,670.01,500.0,500.0, , , , , ,, , 
72,2018-05-04 09:33:52,-0.82,0.14,-0.62,-0.14,-1.25,-0.79,0.13,-0.79,-1.04,0.43,-0.91, , , , , ,670.06,670.05,100.0,2000.0, , , , , ,, , 
73,2018-05-04 09:33:55,-0.51,0.24,-0.53,0.08,-1.27,-0.01,0.15,-0.6,-0.98,0.51,-0.99, , , , , ,670.06,670.05,300.0,2232.0, , , , , ,, , 
74,2018-05-04 09:33:58,-0.8,0.07,-1.0,-0.17,-1.48,-0.24,-0.04,-0.24,-1.16,0.42,-0.97, , , , , ,670.06,670.05,300.0,1192.0, , , , , ,, , 
75,2018-05-04 09:34:01,-1.23,-0.28,-1.34,-0.39,-1.46,-0.98,-0.63,-0.23,-1.36,0.18,-0.84, , , , , ,670.06,670.0,100.0,505.0, , , , , ,, , 
76,2018-05-04 09:34:04,-1.56,-0.44,-1.93,-0.67,-0.84,-1.55,-0.73,0.55,-1.22,0.1,-0.01, , , , , ,669.98,669.18,600.0,100.0, , , , , ,, , 
77,2018-05-04 09:34:07,-1.69,-0.74,-2.16,-0.96,-0.84,-1.54,-1.16,0.65,-1.37,-0.1,0.14,-500.0,669.18,0.0,-0.0,0.0,669.98,669.18,800.0,90.0, , , ,2018-05-04 09:34:07.602000,2018-05-04 09:34:10.966000,, , 
78,2018-05-04 09:34:10,-1.68,-0.68,-2.24,-1.04,0.04,-1.56,-0.99,1.48,-1.23,-0.02,0.88, , , , , ,669.16,669.0,10.0,100.0, , , , , ,, , 
79,2018-05-04 09:34:13,-1.48,-0.25,-1.87,-0.53,0.07,-1.4,-0.42,1.75,-1.18,0.19,0.8, , , , , ,669.13,669.0,300.0,300.0, , , , , ,, , 
80,2018-05-04 09:34:16,-1.78,-0.29,-2.56,-0.95,0.41,-1.57,-0.17,2.08,-1.23,0.25,0.89, , , , , ,669.0,668.8,100.0,300.0, , , , , ,, , 
81,2018-05-04 09:34:19,-1.5,-0.15,-2.2,-0.65,0.59,-1.0,-0.14,2.21,-1.31,0.33,0.84, , , , , ,668.95,668.7,700.0,300.0, , , , , ,, , 
82,2018-05-04 09:34:22,-1.35,-0.19,-2.05,-0.86,0.71,-0.73,-0.02,2.29,-1.26,0.3,0.9, , , , , ,668.75,668.7,600.0,137.0, , , , , ,, , 
83,2018-05-04 09:34:25,-1.13,-0.06,-1.59,-0.7,1.31,-0.71,0.08,2.69,-1.08,0.44,1.67, , , , , ,668.75,668.03,400.0,500.0, , , , , ,, , 
84,2018-05-04 09:34:28,-0.88,0.18,-1.43,-0.62,1.54,-0.59,0.43,2.63,-0.62,0.75,1.98, , , , , ,668.7,668.03,100.0,155.0, , , , , ,, , 
85,2018-05-04 09:34:31,-0.59,0.36,-1.23,-0.48,1.67,-0.08,0.57,2.5,-0.46,0.98,2.19, , , , , ,668.7,668.1,400.0,100.0, , , , , ,, , 
86,2018-05-04 09:34:34,-0.3,0.49,-0.89,-0.35,1.8,0.31,0.76,2.54,-0.31,1.05,2.5, , , , , ,668.7,668.03,100.0,1500.0, , , , , ,, , 
87,2018-05-04 09:34:37,-0.05,0.56,-0.4,-0.17,1.7,0.23,0.86,2.3,0.03,1.0,2.28, , , , , ,669.0,668.04,2200.0,400.0, , , , , ,, , 
88,2018-05-04 09:34:40,0.15,1.06,-0.03,0.63,0.82,0.21,1.15,1.45,0.26,1.39,1.34, , , , , ,669.13,669.0,200.0,7300.0, , , , , ,, , 
89,2018-05-04 09:34:43,-0.02,1.17,-0.26,0.85,-0.09,0.15,1.16,0.59,0.06,1.51,0.4, , , , , ,669.95,669.29,100.0,100.0, , , , , ,, , 
90,2018-05-04 09:34:46,-0.38,1.19,-0.55,0.97,0.5,-0.23,1.14,1.3,-0.35,1.45,1.04, , , , , ,669.27,668.95,358.0,300.0, , , , , ,, , 
91,2018-05-04 09:34:49,-0.06,1.29,-0.23,1.06,-0.19,0.25,1.32,0.4,-0.21,1.48,0.17, , , , , ,669.95,669.27,200.0,710.0, , , , , ,, , 
92,2018-05-04 09:34:52,-0.21,1.04,-0.36,1.03,0.81,-0.19,1.0,1.23,-0.07,1.09,1.24, , , , , ,669.0,668.95,1790.0,400.0, , , , , ,, , 
93,2018-05-04 09:34:55,0.27,1.18,0.23,1.26,0.7,0.39,1.15,0.8,0.2,1.12,1.05, , , , , ,669.27,669.1,100.0,300.0, , , , , ,, , 
94,2018-05-04 09:34:58,0.35,1.16,0.1,1.1,1.28,0.49,1.0,0.76,0.46,1.39,1.38, , , , , ,669.08,669.0,300.0,1000.0, , , , , ,, , 
95,2018-05-04 09:35:01,-0.19,0.79,-0.48,0.72,1.24,-0.32,0.66,0.66,0.23,0.99,1.48, , , , , ,669.08,669.01,200.0,100.0, , , , , ,, , 
96,2018-05-04 09:35:04,-0.65,0.38,-0.88,0.18,1.5,-0.86,0.33,0.7,-0.21,0.63,1.62, , , , , ,669.0,668.9,2744.0,100.0, , , , , ,, , 
97,2018-05-04 09:35:07,-0.53,0.46,-0.56,0.38,1.46,-0.59,0.43,0.46,-0.44,0.57,1.47, , , , , ,669.08,669.0,100.0,4756.0, , , , , ,, , 
98,2018-05-04 09:35:10,-0.37,0.42,-0.54,0.5,1.54,-0.35,0.32,0.53,-0.24,0.44,1.48, , , , , ,669.27,668.8,500.0,100.0, , , , , ,, , 
99,2018-05-04 09:35:13,-0.31,0.55,-0.59,0.6,1.26,-0.27,0.6,0.0,-0.07,0.46,0.95, , , , , ,669.5,669.27,300.0,3.0, , , , , ,, , 
100,2018-05-04 09:35:16,-0.52,0.45,-0.59,0.57,1.93,-0.65,0.45,0.52,-0.34,0.31,1.51, , , , , ,669.01,669.0,400.0,2000.0, , , , , ,, , 
101,2018-05-04 09:35:19,-0.54,0.38,-0.54,0.5,1.57,-0.55,0.43,0.07,-0.54,0.21,1.12, , , , , ,669.5,669.01,500.0,383.0, , , , , ,, , 
102,2018-05-04 09:35:22,-0.36,0.38,-0.28,0.69,1.49,-0.74,0.26,0.02,-0.07,0.18,1.01, , , , , ,669.5,669.01,400.0,183.0, , , , , ,, , 
103,2018-05-04 09:35:25,-0.29,0.52,-0.31,0.64,1.32,-0.51,0.47,-0.09,-0.05,0.45,0.83, , , , , ,669.5,669.1,100.0,100.0, , , , , ,, , 
104,2018-05-04 09:35:28,0.07,0.68,-0.1,0.83,1.31,-0.16,0.64,-0.04,0.47,0.58,0.79, , , , , ,669.5,669.0,304.0,2783.0, , , , , ,, , 
105,2018-05-04 09:35:31,-0.43,0.63,-0.72,0.64,0.47,-0.7,0.56,-0.82,0.13,0.7,-0.14, , , , , ,670.0,669.5,6695.0,96.0, , , , , ,, , 
106,2018-05-04 09:35:34,-0.32,0.62,-0.77,0.68,0.47,-0.43,0.41,-0.89,0.25,0.76,-0.23, , , , , ,670.0,669.5,6399.0,100.0, , , , , ,, , 
107,2018-05-04 09:35:37,-0.04,1.04,-0.32,1.07,0.8,-0.2,0.97,-0.6,0.38,1.07,-0.03, , , , , ,670.0,669.04,4799.0,460.0, , , , , ,, , 
108,2018-05-04 09:35:40,0.61,1.23,-0.05,1.28,0.65,0.3,0.96,-0.75,1.59,1.44,-0.03, , , , , ,670.0,669.2,4699.0,58.0, , , , , ,, , 
109,2018-05-04 09:35:43,0.6,1.3,-0.04,1.08,0.62,0.24,1.09,-0.76,1.61,1.72,0.01, , , , , ,670.0,669.2,2999.0,100.0, , , , , ,, , 
110,2018-05-04 09:35:46,1.11,1.39,0.3,1.31,0.71,0.83,1.38,-0.6,2.18,1.49,0.37,500.0,670.0,669.68,500.0,500.0,670.0,669.01,1399.0,160.0, , , ,2018-05-04 09:35:46.678000,2018-05-04 09:35:47.321000,, , 
111,2018-05-04 09:35:49,1.09,1.46,0.43,1.31,1.19,0.78,1.32,0.27,2.05,1.74,1.27, , , , , ,669.15,669.01,700.0,234.0, , , , , ,, , 
112,2018-05-04 09:35:52,0.73,1.4,0.05,1.49,0.07,0.63,1.15,-0.49,1.5,1.57,0.26, , , , , ,670.0,669.5,999.0,100.0, , , , , ,, , 
113,2018-05-04 09:35:55,0.2,1.03,-0.2,1.07,-0.05,0.14,0.79,-0.24,0.66,1.23,0.39, , , , , ,670.0,669.5,299.0,479.0, , , , , ,, , 
114,2018-05-04 09:35:58,0.46,1.1,-0.26,1.2,-0.71,0.55,0.97,-0.5,1.09,1.14,0.07, , , , , ,670.05,670.0,1200.0,1.0, , , , , ,, , 
115,2018-05-04 09:36:01,0.47,1.26,-0.35,1.24,-0.87,0.61,0.96,-0.64,1.15,1.57,0.11, , , , , ,670.13,670.0,100.0,301.0, , , , , ,, , 
116,2018-05-04 09:36:04,0.98,1.47,0.25,1.45,-0.34,1.11,1.01,-0.15,1.6,1.94,0.79, , , , , ,670.13,669.15,200.0,641.0, , , , , ,, , 
117,2018-05-04 09:36:07,0.5,1.34,-0.13,1.0,-1.06,0.32,1.05,-0.93,1.3,1.96,0.42, , , , , ,670.13,670.0,400.0,300.0, , , , , ,, , 
118,2018-05-04 09:36:10,0.66,1.35,-0.02,1.08,-1.32,0.54,1.03,-1.31,1.47,1.94,0.24, , , , , ,670.5,670.05,1500.0,95.0, , , , , ,, , 
119,2018-05-04 09:36:13,0.55,1.47,-0.02,1.27,-1.32,0.4,1.11,-1.39,1.26,2.02,0.36, , , , , ,670.5,670.05,1700.0,100.0, , , , , ,, , 
120,2018-05-04 09:36:16,0.92,1.43,0.25,1.34,-1.44,0.63,0.88,-1.52,1.87,2.07,0.29, , , , , ,670.5,670.13,100.0,200.0, , , , , ,, , 
121,2018-05-04 09:36:19,0.94,1.48,0.4,1.45,-1.51,0.53,1.01,-1.43,1.87,1.98,0.07, , , , , ,670.5,670.13,300.0,389.0, , , , , ,, , 
122,2018-05-04 09:36:22,0.7,1.22,0.2,1.23,-1.56,0.42,0.74,-1.43,1.48,1.69,-0.17, , , , , ,670.5,670.13,400.0,100.0, , , , , ,, , 
123,2018-05-04 09:36:25,0.35,1.01,0.02,1.01,-1.24,0.54,0.55,-1.06,0.48,1.47,0.02, , , , , ,670.08,670.06,400.0,16.0, , , , , ,, , 
124,2018-05-04 09:36:28,0.3,0.77,-0.07,0.93,-1.25,0.21,0.17,-0.96,0.76,1.2,0.07, , , , , ,670.06,670.05,200.0,72.0, , , , , ,, , 
125,2018-05-04 09:36:31,0.01,0.57,-0.14,0.77,-1.29,-0.21,0.1,-1.07,0.4,0.84,0.1, , , , , ,670.08,670.05,1000.0,100.0, , , , , ,, , 
126,2018-05-04 09:36:34,0.24,0.53,-0.0,0.79,-1.37,-0.15,0.17,-1.15,0.86,0.63,0.11, , , , , ,670.08,670.06,200.0,500.0, , , , , ,, , 
127,2018-05-04 09:36:37,0.11,0.63,-0.13,0.73,-1.42,-0.07,0.4,-1.22,0.53,0.77,0.1, , , , , ,670.08,670.06,200.0,800.0, , , , , ,, , 
128,2018-05-04 09:36:40,-0.01,0.44,-0.31,0.5,-1.38,-0.14,0.04,-1.06,0.43,0.79,0.12, , , , , ,670.05,670.0,300.0,763.0, , , , , ,, , 
129,2018-05-04 09:36:43,-0.55,0.03,-0.69,0.08,-1.33,-0.99,-0.37,-0.92,0.04,0.39,0.15, , , , , ,670.0,669.97,300.0,100.0, , , , , ,, , 
130,2018-05-04 09:36:46,-0.86,-0.26,-0.86,-0.19,-1.32,-1.56,-0.68,-0.76,-0.16,0.09,0.15,-500.0,669.97,669.97,-500.0,0.0,669.99,669.97,100.0,300.0,-246.93,-0.74, ,2018-05-04 09:36:46.643000,2018-05-04 09:36:50.245000,, , 
131,2018-05-04 09:36:49,-0.9,-0.35,-0.92,-0.23,-1.01,-1.5,-0.86,-0.64,-0.28,0.03,0.18, , , , , ,669.97,669.91,200.0,100.0, , , , , ,, , 
132,2018-05-04 09:36:52,-0.91,-0.43,-1.0,-0.3,-0.28,-1.48,-0.93,-0.24,-0.24,-0.05,0.68, , , , , ,669.97,669.25,300.0,1000.0, , , , , ,, , 
133,2018-05-04 09:36:55,-0.92,-0.47,-1.09,-0.41,-0.1,-1.53,-0.87,-0.4,-0.13,-0.14,0.6, , , , , ,669.97,669.35,100.0,100.0, , , , , ,, , 
134,2018-05-04 09:36:58,-1.12,-0.58,-1.27,-0.45,0.05,-1.68,-1.01,-0.38,-0.4,-0.29,0.64, , , , , ,669.97,669.35,100.0,90.0, , , , , ,, , 
135,2018-05-04 09:37:01,-1.07,-0.39,-1.09,-0.09,0.56,-1.49,-0.79,0.3,-0.63,-0.27,1.27, , , , , ,669.35,669.18,200.0,200.0, , , , , ,, , 
136,2018-05-04 09:37:04,-0.95,-0.3,-1.12,-0.24,0.3,-1.27,-0.47,0.35,-0.45,-0.18,1.19, , , , , ,669.5,669.18,400.0,580.0, , , , , ,, , 
137,2018-05-04 09:37:07,-0.87,-0.23,-0.95,-0.2,0.06,-1.2,-0.42,0.41,-0.45,-0.08,1.14, , , , , ,669.5,669.3,100.0,500.0, , , , , ,, , 
138,2018-05-04 09:37:10,-0.73,-0.17,-0.84,-0.12,-0.01,-1.06,-0.32,0.4,-0.29,-0.07,1.14, , , , , ,669.5,669.3,100.0,767.0, , , , , ,, , 
139,2018-05-04 09:37:13,-0.78,-0.09,-0.83,-0.16,-0.08,-1.11,-0.24,0.29,-0.4,0.12,1.13, , , , , ,669.5,669.3,100.0,435.0, , , , , ,, , 
140,2018-05-04 09:37:16,-0.84,-0.1,-0.98,-0.32,-0.1,-1.1,-0.26,0.2,-0.43,0.27,1.21, , , , , ,669.52,669.2,2065.0,200.0, , , , , ,, , 
141,2018-05-04 09:37:19,-0.77,0.03,-0.85,-0.06,0.18,-1.09,-0.17,0.23,-0.36,0.31,1.47, , , , , ,669.3,669.17,300.0,1707.0, , , , , ,, , 
142,2018-05-04 09:37:22,-0.5,0.21,-0.61,0.2,0.22,-0.78,0.01,0.17,-0.1,0.43,1.57, , , , , ,669.25,669.17,500.0,475.0, , , , , ,, , 
143,2018-05-04 09:37:25,-0.12,0.49,-0.48,0.45,0.12,-0.07,0.28,0.34,0.19,0.74,1.55, , , , , ,669.3,669.25,400.0,300.0, , , , , ,, , 
144,2018-05-04 09:37:28,-0.19,0.23,-0.54,0.27,0.27,-0.16,-0.01,0.67,0.13,0.44,1.67, , , , , ,669.3,669.17,800.0,268.0, , , , , ,, , 
145,2018-05-04 09:37:31,-0.29,0.07,-0.54,-0.04,0.28,-0.49,-0.06,1.04,0.16,0.31,1.79, , , , , ,669.17,669.15,134.0,200.0, , , , , ,, , 
146,2018-05-04 09:37:34,-0.09,0.25,-0.31,0.3,0.28,-0.22,0.14,1.39,0.26,0.31,2.12, , , , , ,669.12,669.1,600.0,100.0, , , , , ,, , 
147,2018-05-04 09:37:37,-0.32,0.09,-0.53,0.02,0.21,-0.25,-0.06,1.4,-0.18,0.32,2.37, , , , , ,669.12,669.1,1300.0,96.0, , , , , ,, , 
148,2018-05-04 09:37:40,-0.22,0.22,-0.39,0.1,0.33,-0.05,0.22,1.3,-0.24,0.32,2.74, , , , , ,669.12,669.06,499.0,300.0, , , , , ,, , 
149,2018-05-04 09:37:43,-0.1,0.38,-0.21,0.27,0.43,-0.01,0.47,1.19,-0.07,0.4,3.09, , , , , ,669.12,669.06,100.0,400.0, , , , , ,, , 
150,2018-05-04 09:37:46,0.16,0.62,-0.08,0.52,0.59,0.32,0.79,1.08,0.23,0.56,3.25, , , , , ,669.1,669.06,100.0,500.0, , , , , ,, , 
151,2018-05-04 09:37:49,0.19,0.7,0.01,0.55,0.57,0.38,0.8,0.89,0.19,0.75,3.3, , , , , ,669.2,669.06,17.0,132.0, , , , , ,, , 
152,2018-05-04 09:37:52,0.61,1.06,0.12,1.02,-0.45,1.16,1.18,0.09,0.54,0.96,2.45, , , , , ,669.99,669.5,100.0,3183.0, , , , , ,, , 
153,2018-05-04 09:37:55,0.72,1.46,0.25,1.4,-0.53,1.15,1.76,0.21,0.77,1.22,2.35,500.0,669.99,669.99,500.0,500.0,669.99,669.5,200.0,3582.0, , , ,2018-05-04 09:37:55.668000,2018-05-04 09:37:56.960000,, , 
154,2018-05-04 09:37:58,0.64,1.22,0.27,0.98,-0.5,0.91,1.55,0.32,0.76,1.13,2.21, , , , , ,669.99,669.5,200.0,3499.0, , , , , ,, , 
155,2018-05-04 09:38:01,0.93,1.27,0.59,1.13,-0.09,1.28,1.49,0.75,0.92,1.18,2.4,500.0,669.56,669.56,500.0,1000.0,669.56,669.5,100.0,3399.0, , , ,2018-05-04 09:38:01.648000,2018-05-04 09:38:03.024000,, , 
156,2018-05-04 09:38:04,0.93,1.22,0.43,1.13,0.06,1.43,1.45,0.75,0.94,1.08,2.25,500.0,669.56,669.56,500.0,1500.0,669.56,669.5,100.0,370.0, , , ,2018-05-04 09:38:04.636000,2018-05-04 09:38:05.579000,, , 
157,2018-05-04 09:38:07,0.76,1.02,0.24,0.86,0.48,1.13,0.92,1.0,0.92,1.28,2.53, , , , , ,669.5,669.2,930.0,100.0, , , , , ,, , 
158,2018-05-04 09:38:10,0.72,0.87,0.27,0.77,0.47,0.82,0.69,1.0,1.06,1.15,2.55, , , , , ,669.5,669.2,930.0,400.0, , , , , ,, , 
159,2018-05-04 09:38:13,0.54,0.69,-0.01,0.56,0.37,0.82,0.49,1.0,0.79,1.03,2.56, , , , , ,669.5,669.2,630.0,128.0, , , , , ,, , 
160,2018-05-04 09:38:16,0.23,0.39,-0.11,0.38,0.23,0.45,0.13,1.02,0.35,0.67,2.59, , , , , ,669.5,669.17,830.0,100.0, , , , , ,, , 
161,2018-05-04 09:38:19,-0.29,0.05,-0.42,0.15,0.38,-0.19,-0.31,1.29,-0.26,0.3,2.88, , , , , ,669.15,669.12,200.0,1168.0, , , , , ,, , 
162,2018-05-04 09:38:22,0.01,0.35,0.04,0.46,-0.42,0.12,0.26,0.49,-0.15,0.34,2.14, , , , , ,670.08,669.13,446.0,2000.0, , , , , ,, , 
163,2018-05-04 09:38:25,0.23,0.55,0.12,0.57,0.23,0.63,0.61,0.75,-0.07,0.47,2.5, , , , , ,669.5,669.2,2500.0,79.0, , , , , ,, , 
164,2018-05-04 09:38:28,0.24,0.55,-0.08,0.56,0.49,0.62,0.53,0.65,0.19,0.55,2.39, , , , , ,669.5,669.2,2579.0,400.0, , , , , ,, , 
165,2018-05-04 09:38:31,0.21,0.51,-0.02,0.53,0.77,0.34,0.51,0.46,0.3,0.49,2.3, , , , , ,669.5,669.2,2279.0,327.0, , , , , ,, , 
166,2018-05-04 09:38:34,-0.02,0.53,-0.1,0.51,1.07,-0.1,0.62,0.4,0.14,0.46,2.33, , , , , ,669.5,669.15,3479.0,127.0, , , , , ,, , 
167,2018-05-04 09:38:37,-0.14,0.45,-0.18,0.47,1.29,-0.13,0.55,0.48,-0.11,0.34,2.55, , , , , ,669.2,669.15,500.0,374.0, , , , , ,, , 
168,2018-05-04 09:38:40,-0.07,0.45,-0.17,0.46,1.18,-0.05,0.55,0.6,-0.0,0.33,2.65, , , , , ,669.2,669.15,1100.0,237.0, , , , , ,, , 
169,2018-05-04 09:38:43,-0.14,0.59,-0.15,0.62,0.47,-0.19,0.71,0.05,-0.07,0.45,2.13, , , , , ,670.0,669.15,200.0,121.0, , , , , ,, , 
170,2018-05-04 09:38:46,0.17,0.61,0.07,0.61,0.36,0.27,0.83,0.28,0.17,0.38,2.15, , , , , ,670.0,669.13,500.0,779.0, , , , , ,, , 
171,2018-05-04 09:38:49,0.51,0.9,0.12,0.77,0.23,0.93,1.25,0.54,0.47,0.67,2.14, , , , , ,670.0,669.14,500.0,100.0, , , , , ,, , 
172,2018-05-04 09:38:52,0.52,0.89,0.06,0.87,0.68,0.98,1.05,0.84,0.52,0.74,2.71, , , , , ,669.5,669.2,100.0,100.0, , , , , ,, , 
173,2018-05-04 09:38:55,0.15,0.62,0.02,0.67,0.86,0.45,0.49,1.04,-0.02,0.69,3.01, , , , , ,669.5,669.12,300.0,33.0, , , , , ,, , 
174,2018-05-04 09:38:58,0.28,0.73,0.13,0.69,0.93,0.45,0.85,1.09,0.27,0.65,3.21, , , , , ,669.5,669.18,100.0,38.0, , , , , ,, , 
175,2018-05-04 09:39:01,0.46,1.01,0.17,0.85,0.6,0.87,1.23,0.76,0.35,0.94,2.91, , , , , ,670.08,669.18,446.0,300.0, , , , , ,, , 
176,2018-05-04 09:39:04,0.16,0.7,-0.05,0.66,0.67,0.46,0.73,0.88,0.09,0.7,2.87, , , , , ,669.99,669.18,400.0,100.0, , , , , ,, , 
177,2018-05-04 09:39:07,-0.19,0.57,-0.2,0.64,0.42,0.04,0.57,0.9,-0.41,0.49,2.53, , , , , ,669.99,669.5,1000.0,100.0, , , , , ,, , 
178,2018-05-04 09:39:10,-0.29,0.56,-0.23,0.64,0.42,-0.15,0.67,1.03,-0.48,0.39,2.42, , , , , ,669.99,669.5,1100.0,600.0, , , , , ,, , 
179,2018-05-04 09:39:13,-0.21,0.62,-0.18,0.74,0.65,0.11,0.74,1.4,-0.58,0.39,2.66, , , , , ,669.99,669.18,1100.0,80.0, , , , , ,, , 
180,2018-05-04 09:39:16,-0.05,0.59,0.03,0.74,1.04,0.14,0.69,1.78,-0.31,0.33,2.95, , , , , ,669.45,669.18,600.0,400.0, , , , , ,, , 
181,2018-05-04 09:39:19,-0.16,0.5,0.01,0.72,1.01,-0.16,0.5,1.54,-0.32,0.28,3.01, , , , , ,669.45,669.2,1800.0,100.0, , , , , ,, , 
182,2018-05-04 09:39:22,-0.1,0.54,-0.0,0.59,0.91,-0.22,0.69,1.31,-0.06,0.34,3.19, , , , , ,669.45,669.2,1700.0,500.0, , , , , ,, , 
183,2018-05-04 09:39:25,-0.07,0.58,-0.05,0.57,0.79,0.07,0.74,1.13,-0.23,0.43,3.35, , , , , ,669.45,669.2,1700.0,344.0, , , , , ,, , 
184,2018-05-04 09:39:28,-0.2,0.57,-0.12,0.7,-0.39,-0.07,0.58,0.1,-0.4,0.44,2.54, , , , , ,670.08,670.0,446.0,3300.0, , , , , ,, , 
185,2018-05-04 09:39:31,-0.15,0.71,-0.21,1.06,-0.57,0.28,0.64,0.14,-0.52,0.41,2.52, , , , , ,670.08,670.0,1346.0,2300.0, , , , , ,, , 
186,2018-05-04 09:39:34,-0.41,0.53,-0.44,0.69,-0.67,-0.11,0.62,0.16,-0.69,0.28,2.39, , , , , ,670.08,670.0,1546.0,1269.0, , , , , ,, , 
187,2018-05-04 09:39:37,-0.61,0.24,-0.58,0.35,-0.8,-0.27,0.24,0.14,-0.97,0.13,2.4, , , , , ,670.08,670.0,1346.0,614.0, , , , , ,, , 
188,2018-05-04 09:39:40,-0.79,0.15,-0.57,0.43,-0.71,-0.56,-0.04,0.09,-1.24,0.04,2.39, , , , , ,670.06,670.04,100.0,300.0, , , , , ,, , 
189,2018-05-04 09:39:43,-0.59,0.18,-0.16,0.76,-0.17,-0.46,-0.08,0.54,-1.14,-0.13,2.99, , , , , ,669.95,669.5,100.0,500.0, , , , , ,, , 
190,2018-05-04 09:39:46,-0.62,0.13,-0.19,0.59,0.04,-0.54,-0.15,0.53,-1.12,-0.07,3.17, , , , , ,669.95,669.5,100.0,493.0, , , , , ,, , 
191,2018-05-04 09:39:49,-0.92,-0.11,-0.41,0.28,0.31,-0.99,-0.33,0.51,-1.36,-0.29,3.24, , , , , ,669.95,669.5,100.0,293.0, , , , , ,, , 
192,2018-05-04 09:39:52,-0.71,-0.16,-0.29,0.33,0.29,-0.68,-0.4,0.51,-1.18,-0.41,3.25, , , , , ,669.95,669.5,200.0,293.0, , , , , ,, , 
193,2018-05-04 09:39:55,-0.38,0.15,-0.09,0.62,-0.04,-0.18,0.03,0.02,-0.87,-0.2,2.8, , , , , ,670.08,670.0,946.0,4367.0, , , , , ,, , 
194,2018-05-04 09:39:58,-0.03,0.4,0.04,0.68,0.01,0.3,0.51,0.04,-0.44,0.02,2.88, , , , , ,670.08,670.04,946.0,300.0, , , , , ,, , 
195,2018-05-04 09:40:01,-0.03,0.46,-0.08,0.58,0.18,0.39,0.63,0.14,-0.39,0.16,3.07, , , , , ,670.03,670.0,19.0,4367.0, , , , , ,, , 
196,2018-05-04 09:40:04,0.1,0.44,-0.09,0.7,0.23,0.61,0.38,0.17,-0.22,0.23,3.24, , , , , ,670.04,670.0,319.0,3267.0, , , , , ,, , 
197,2018-05-04 09:40:07,-0.2,0.33,-0.21,0.64,0.47,0.15,0.24,0.2,-0.54,0.13,3.54, , , , , ,670.04,670.02,519.0,260.0, , , , , ,, , 
198,2018-05-04 09:40:10,-0.16,0.27,-0.07,0.6,0.61,0.07,0.19,0.21,-0.46,0.02,3.7, , , , , ,670.03,670.02,500.0,348.0, , , , , ,, , 
199,2018-05-04 09:40:13,-0.51,0.06,-0.32,0.35,0.75,-0.11,-0.08,0.22,-1.11,-0.09,3.86, , , , , ,670.03,670.0,900.0,1715.0, , , , , ,, , 
200,2018-05-04 09:40:16,-0.98,-0.44,-0.63,0.05,0.74,-0.68,-0.84,0.23,-1.63,-0.54,4.0,-1500.0,670.01,0.0,-0.0,1500.0,670.03,670.0,1000.0,115.0, , , ,2018-05-04 09:40:16.585000,2018-05-04 09:40:20.129000,, , 
201,2018-05-04 09:40:19,-1.25,-0.72,-0.72,-0.19,0.53,-1.32,-1.06,0.32,-1.73,-0.92,4.01,-1500.0,670.0,0.0,-0.0,1500.0,670.01,670.0,1500.0,200.0, , , ,2018-05-04 09:40:20.129000,2018-05-04 09:40:23.159000,, , 
202,2018-05-04 09:40:22,-1.42,-0.92,-0.88,-0.39,0.34,-1.64,-1.35,0.43,-1.73,-1.03,4.06,-1500.0,669.95,669.95,-1251.0,249.0,670.0,669.95,2400.0,700.0, , , ,2018-05-04 09:40:23.159000,2018-05-04 09:40:26.165000,, , 
203,2018-05-04 09:40:25,-1.58,-0.96,-1.03,-0.46,0.53,-1.78,-1.37,0.88,-1.93,-1.07,4.49,-200.0,669.5,669.5,-200.0,49.0,669.95,669.5,449.0,1000.0,-33684.8,-33.53, ,2018-05-04 09:40:26.165000,2018-05-04 09:40:27.267000,, , 
204,2018-05-04 09:40:28,-1.65,-1.0,-1.16,-0.48,0.57,-1.99,-1.51,0.94,-1.78,-1.0,4.55,-500.0,669.5,669.5,-500.0,-451.0,669.95,669.5,500.0,619.0, , , ,2018-05-04 09:40:28.634000,2018-05-04 09:40:31.301000,, , 
205,2018-05-04 09:40:31,-1.84,-1.19,-1.32,-0.63,0.65,-2.34,-1.75,0.98,-1.87,-1.19,4.63,-500.0,669.5,669.5,-482.0,-933.0,669.9,669.5,400.0,9.0, , , ,2018-05-04 09:40:31.637000,2018-05-04 09:40:35.199000,, , 
206,2018-05-04 09:40:34,-1.96,-1.29,-1.66,-0.92,1.01,-2.28,-1.78,1.57,-1.93,-1.17,4.96, , , , , ,669.5,669.45,418.0,800.0, , , , , ,, , 
207,2018-05-04 09:40:37,-1.99,-1.32,-1.54,-0.99,0.99,-2.43,-1.81,1.83,-2.01,-1.16,4.94,-400.0,669.45,669.45,-400.0,-1333.0,669.5,669.45,400.0,27.0, , , ,2018-05-04 09:40:37.601000,2018-05-04 09:40:39.849000,, , 
208,2018-05-04 09:40:40,-2.15,-1.36,-1.6,-1.06,1.14,-2.56,-1.84,2.35,-2.28,-1.16,5.14,-500.0,669.2,669.2,-500.0,-1833.0,669.5,669.2,700.0,2100.0, , , ,2018-05-04 09:40:40.653000,2018-05-04 09:40:41.867000,, , 
209,2018-05-04 09:40:43,-2.0,-1.11,-1.42,-0.52,0.12,-2.32,-1.58,1.71,-2.25,-1.25,4.2, , , , , ,670.02,670.0,500.0,2900.0, , , , , ,, , 
210,2018-05-04 09:40:46,-1.66,-0.94,-1.04,-0.41,0.71,-1.85,-1.14,2.46,-2.1,-1.25,4.93, , , , , ,670.0,669.2,2900.0,1373.0, , , , , ,, , 
211,2018-05-04 09:40:49,-1.36,-0.75,-1.06,-0.26,0.01,-1.35,-0.97,1.93,-1.66,-1.01,4.3, , , , , ,670.08,670.03,346.0,900.0, , , , , ,, , 
212,2018-05-04 09:40:52,-1.48,-0.52,-1.25,-0.3,0.01,-1.27,-0.65,1.98,-1.92,-0.6,4.34, , , , , ,670.08,670.03,546.0,800.0, , , , , ,, , 
213,2018-05-04 09:40:55,-1.45,-0.78,-1.03,-0.34,0.15,-1.42,-0.93,2.02,-1.89,-1.07,4.75, , , , , ,669.97,669.95,319.0,228.0, , , , , ,, , 
214,2018-05-04 09:40:58,-1.06,-0.36,-0.62,-0.05,0.18,-1.15,-0.42,1.89,-1.41,-0.6,5.0, , , , , ,669.97,669.95,619.0,300.0, , , , , ,, , 
215,2018-05-04 09:41:01,-0.81,-0.08,-0.7,0.1,-0.29,-0.79,-0.08,1.23,-0.93,-0.26,4.71, , , , , ,670.49,670.13,100.0,198.0, , , , , ,, , 
216,2018-05-04 09:41:04,-0.63,0.18,-0.63,0.28,-0.26,-0.62,0.16,1.09,-0.62,0.11,4.96, , , , , ,670.49,670.13,200.0,166.0, , , , , ,, , 
217,2018-05-04 09:41:07,-0.34,0.48,-0.41,0.58,0.1,-0.25,0.62,1.41,-0.36,0.24,5.29, , , , , ,670.12,670.08,18.0,100.0, , , , , ,, , 
218,2018-05-04 09:41:10,0.07,0.73,-0.25,0.83,-0.74,0.14,1.06,0.59,0.33,0.29,4.5, , , , , ,670.82,670.5,200.0,3100.0, , , , , ,, , 
219,2018-05-04 09:41:13,-0.22,0.46,-0.53,0.54,-0.74,-0.06,0.6,0.6,-0.08,0.23,4.47, , , , , ,670.82,670.5,300.0,2392.0, , , , , ,, , 
220,2018-05-04 09:41:16,-0.46,0.32,-0.38,0.49,-0.73,-0.41,0.32,0.61,-0.59,0.14,4.33, , , , , ,670.82,670.5,300.0,2392.0, , , , , ,, , 
221,2018-05-04 09:41:19,-0.37,0.47,-0.05,0.84,0.24,-0.26,0.41,1.5,-0.81,0.17,5.17, , , , , ,670.08,670.03,18.0,200.0, , , , , ,, , 
222,2018-05-04 09:41:22,-0.6,0.15,-0.28,0.62,0.31,-0.58,0.03,1.47,-0.93,-0.19,5.22, , , , , ,670.08,670.03,118.0,151.0, , , , , ,, , 
223,2018-05-04 09:41:25,-0.86,-0.17,-0.51,0.3,0.39,-0.97,-0.36,1.45,-1.1,-0.45,5.12, , , , , ,670.08,670.03,100.0,151.0, , , , , ,, , 
224,2018-05-04 09:41:28,-0.63,-0.01,-0.13,0.3,0.29,-0.86,-0.11,1.18,-0.9,-0.24,4.92, , , , , ,670.2,670.12,500.0,2900.0, , , , , ,, , 
225,2018-05-04 09:41:31,-0.69,-0.01,-0.25,0.35,0.29,-0.98,-0.13,1.09,-0.84,-0.25,4.8, , , , , ,670.2,670.12,800.0,2089.0, , , , , ,, , 
226,2018-05-04 09:41:34,-0.77,-0.15,-0.51,0.17,0.55,-1.18,-0.3,1.09,-0.63,-0.32,4.77, , , , , ,670.2,670.12,1600.0,968.0, , , , , ,, , 
227,2018-05-04 09:41:37,-1.07,-0.4,-0.73,-0.06,0.88,-1.53,-0.57,1.16,-0.95,-0.56,5.05, , , , , ,670.12,670.1,103.0,200.0, , , , , ,, , 
228,2018-05-04 09:41:40,-0.87,-0.24,-0.57,-0.04,1.21,-1.42,-0.33,1.25,-0.62,-0.36,5.24, , , , , ,670.12,670.1,103.0,400.0, , , , , ,, , 
229,2018-05-04 09:41:43,-0.59,-0.09,-0.43,0.17,1.65,-1.11,-0.24,1.42,-0.23,-0.19,5.51, , , , , ,670.07,670.03,200.0,145.0, , , , , ,, , 
230,2018-05-04 09:41:46,-0.54,-0.24,-0.45,0.1,1.76,-1.17,-0.42,1.39,-0.01,-0.4,5.31, , , , , ,670.12,670.03,2607.0,129.0, , , , , ,, , 
231,2018-05-04 09:41:49,-0.7,-0.31,-0.49,0.03,1.91,-1.11,-0.45,1.4,-0.52,-0.5,5.19, , , , , ,670.1,670.03,200.0,231.0, , , , , ,, , 
232,2018-05-04 09:41:52,-0.78,-0.36,-0.57,-0.08,1.96,-1.14,-0.45,1.64,-0.64,-0.55,5.08, , , , , ,670.1,670.03,1400.0,207.0, , , , , ,, , 
233,2018-05-04 09:41:55,-0.79,-0.36,-0.55,-0.04,1.9,-1.19,-0.41,1.9,-0.64,-0.64,5.01, , , , , ,670.1,670.0,800.0,1707.0, , , , , ,, , 
234,2018-05-04 09:41:58,-0.61,-0.19,-0.44,0.07,1.76,-0.97,-0.15,2.14,-0.43,-0.48,5.03, , , , , ,670.1,670.0,800.0,1844.0, , , , , ,, , 
235,2018-05-04 09:42:01,-0.16,0.36,-0.21,0.51,1.43,-0.41,0.36,2.09,0.14,0.2,4.85, , , , , ,670.18,670.17,100.0,1493.0, , , , , ,, , 
236,2018-05-04 09:42:04,0.13,0.59,-0.07,0.68,1.29,-0.05,0.73,1.99,0.5,0.35,4.85, , , , , ,670.18,670.17,300.0,1493.0, , , , , ,, , 
237,2018-05-04 09:42:07,0.02,0.64,-0.04,0.69,1.33,-0.31,0.74,1.92,0.42,0.5,4.92, , , , , ,670.18,670.12,400.0,88.0, , , , , ,, , 
238,2018-05-04 09:42:10,0.23,0.67,0.08,0.73,1.35,0.01,0.79,1.81,0.6,0.48,4.91,1900.0,670.14,670.14,600.0,-1233.0,670.18,670.12,400.0,300.0, , , ,2018-05-04 09:42:10.646000,2018-05-04 09:42:14.082000,, , 
239,2018-05-04 09:42:13,0.21,0.79,-0.03,0.77,1.32,0.12,0.88,1.77,0.53,0.71,4.85, , , , , ,670.18,670.17,400.0,100.0, , , , , ,, , 
240,2018-05-04 09:42:16,0.46,0.94,0.24,0.84,1.35,0.31,1.09,1.69,0.82,0.89,4.81,1300.0,670.14,670.14,800.0,-433.0,670.2,670.12,200.0,4943.0, , , ,2018-05-04 09:42:16.640000,2018-05-04 09:42:20.633000,, , 
241,2018-05-04 09:42:19,0.52,1.12,0.38,1.04,1.3,0.4,1.21,1.72,0.79,1.1,4.72,500.0,670.2,670.2,400.0,-33.0,670.2,670.18,400.0,48.0, , , ,2018-05-04 09:42:20.633000,2018-05-04 09:42:23.150000,, , 
242,2018-05-04 09:42:22,0.71,1.2,0.5,1.09,1.04,0.61,1.46,1.67,1.04,1.04,4.4,100.0,670.49,670.49,100.0,67.0,670.49,670.2,118.0,300.0,-14970.0,-11.88, ,2018-05-04 09:42:23.150000,2018-05-04 09:42:24.118000,, , 
243,2018-05-04 09:42:25,0.6,1.3,0.4,1.29,0.99,0.67,1.48,1.8,0.74,1.13,4.28, , , , , ,670.49,670.23,218.0,200.0, , , , , ,, , 
244,2018-05-04 09:42:28,0.66,1.32,0.48,1.18,0.88,0.8,1.63,2.06,0.7,1.16,4.23, , , , , ,670.49,670.23,218.0,300.0, , , , , ,, , 
245,2018-05-04 09:42:31,0.68,1.45,0.58,1.41,0.79,0.86,1.76,2.04,0.62,1.18,4.16, , , , , ,670.49,670.23,18.0,500.0, , , , , ,, , 
246,2018-05-04 09:42:34,0.77,1.39,0.66,1.19,0.8,0.88,1.78,1.93,0.77,1.2,4.15,500.0,670.47,0.0,0.0,67.0,670.47,670.23,100.0,200.0, , , ,2018-05-04 09:42:34.614000,2018-05-04 09:42:38.280000,, , 
247,2018-05-04 09:42:37,0.72,1.84,0.54,1.89,-0.23,0.87,2.03,0.91,0.74,1.6,3.12, , , , , ,671.08,671.0,100.0,3799.0, , , , , ,, , 
248,2018-05-04 09:42:40,0.87,1.89,0.81,1.89,-0.14,1.11,2.18,0.91,0.71,1.59,3.06,500.0,671.08,671.08,500.0,567.0,671.08,671.0,100.0,3799.0, , , ,2018-05-04 09:42:40.639000,2018-05-04 09:42:42.279000,, , 
249,2018-05-04 09:42:43,0.84,2.0,0.77,2.0,-0.36,0.91,2.23,0.71,0.84,1.76,2.67, , , , , ,671.5,671.0,100.0,3499.0, , , , , ,, , 
250,2018-05-04 09:42:46,0.97,1.8,0.98,1.79,-0.45,0.89,1.96,0.81,1.03,1.64,2.53,500.0,671.5,671.5,500.0,1067.0,671.5,671.11,300.0,1700.0, , , ,2018-05-04 09:42:46.634000,2018-05-04 09:42:47.895000,, , 
251,2018-05-04 09:42:49,0.58,1.72,0.5,1.65,-0.6,0.65,1.86,0.72,0.58,1.66,2.27, , , , , ,671.71,671.11,100.0,486.0, , , , , ,, , 
252,2018-05-04 09:42:52,0.44,1.45,0.43,1.3,-0.36,0.63,1.56,0.74,0.26,1.48,2.25, , , , , ,671.7,671.11,300.0,419.0, , , , , ,, , 
253,2018-05-04 09:42:55,0.26,1.32,0.32,1.33,-0.12,0.45,1.39,0.76,0.01,1.22,2.17, , , , , ,671.7,671.11,700.0,175.0, , , , , ,, , 
254,2018-05-04 09:42:58,0.09,1.02,0.4,1.05,0.65,0.12,0.89,1.41,-0.25,1.11,2.64, , , , , ,671.1,671.0,73.0,2347.0, , , , , ,, , 
255,2018-05-04 09:43:01,-0.13,0.98,0.18,1.16,0.78,0.04,0.69,1.52,-0.62,1.08,2.54, , , , , ,671.1,671.0,300.0,2640.0, , , , , ,, , 
256,2018-05-04 09:43:04,-0.31,0.55,0.02,0.8,0.72,-0.1,0.45,1.73,-0.84,0.42,2.46, , , , , ,671.06,671.0,300.0,2640.0, , , , , ,, , 
257,2018-05-04 09:43:07,-0.4,0.38,-0.08,0.76,0.61,-0.24,0.44,2.06,-0.88,-0.06,2.39, , , , , ,671.06,671.0,700.0,2736.0, , , , , ,, , 
258,2018-05-04 09:43:10,-0.35,0.41,-0.03,0.66,0.46,-0.35,0.45,2.16,-0.67,0.12,2.32, , , , , ,671.11,671.0,900.0,2436.0, , , , , ,, , 
259,2018-05-04 09:43:13,-0.38,0.41,-0.26,0.61,0.39,-0.24,0.37,2.24,-0.63,0.26,2.42, , , , , ,671.11,671.1,1100.0,200.0, , , , , ,, , 
260,2018-05-04 09:43:16,-0.39,0.29,-0.29,0.48,0.35,-0.21,0.34,2.45,-0.68,0.05,2.6, , , , , ,671.11,671.0,1100.0,2702.0, , , , , ,, , 
261,2018-05-04 09:43:19,-0.62,0.05,-0.48,0.15,0.43,-0.57,0.12,2.44,-0.8,-0.13,2.69, , , , , ,671.11,671.0,1400.0,2594.0, , , , , ,, , 
262,2018-05-04 09:43:22,-0.91,-0.31,-0.67,-0.15,0.66,-0.96,-0.44,2.49,-1.12,-0.34,2.79,-1000.0,671.03,671.03,-900.0,167.0,671.05,671.0,400.0,1593.0, , , ,2018-05-04 09:43:22.625000,2018-05-04 09:43:26.195000,, , 
263,2018-05-04 09:43:25,-1.25,-0.67,-0.9,-0.38,0.82,-1.17,-0.73,2.56,-1.67,-0.9,2.71,-100.0,671.01,671.01,-100.0,67.0,671.03,671.0,500.0,300.0,-1047.1,-1.56, ,2018-05-04 09:43:26.196000,2018-05-04 09:43:28.193000,, , 
264,2018-05-04 09:43:28,-1.33,-0.81,-0.97,-0.56,1.08,-1.25,-0.9,2.62,-1.78,-0.96,2.81,-500.0,671.0,671.0,-286.0,-219.0,671.03,671.0,900.0,209.0, , , ,2018-05-04 09:43:28.596000,2018-05-04 09:43:32.024000,, , 
265,2018-05-04 09:43:31,-1.36,-0.95,-0.99,-0.65,1.46,-1.25,-0.96,3.06,-1.86,-1.23,3.33, , , , , ,671.0,670.5,1414.0,2893.0, , , , , ,, , 
266,2018-05-04 09:43:34,-1.48,-0.97,-1.21,-0.67,1.27,-1.37,-1.04,2.99,-1.86,-1.2,3.38,-500.0,670.57,670.57,-500.0,-719.0,671.0,670.57,1600.0,300.0, , , ,2018-05-04 09:43:34.632000,2018-05-04 09:43:37.281000,, , 
267,2018-05-04 09:43:37,-1.22,-0.73,-0.85,-0.32,0.95,-1.12,-0.86,2.65,-1.68,-1.0,3.21, , , , , ,671.01,671.0,100.0,2355.0, , , , , ,, , 
268,2018-05-04 09:43:40,-1.13,-0.45,-0.71,-0.18,0.96,-1.15,-0.59,2.66,-1.52,-0.57,3.25, , , , , ,671.01,671.0,200.0,1355.0, , , , , ,, , 
269,2018-05-04 09:43:43,-0.97,-0.33,-0.7,-0.13,1.07,-1.0,-0.28,2.71,-1.2,-0.59,3.29, , , , , ,671.01,671.0,200.0,855.0, , , , , ,, , 
270,2018-05-04 09:43:46,-0.9,-0.23,-0.7,-0.04,1.25,-0.88,-0.23,2.83,-1.11,-0.43,3.38, , , , , ,671.01,671.0,400.0,1974.0, , , , , ,, , 
271,2018-05-04 09:43:49,-0.77,-0.07,-0.62,0.06,1.32,-0.7,-0.12,2.88,-0.99,-0.17,3.4, , , , , ,671.01,671.0,100.0,1374.0, , , , , ,, , 
272,2018-05-04 09:43:52,-0.79,-0.1,-0.54,0.06,1.34,-0.8,-0.18,2.92,-1.03,-0.18,3.35, , , , , ,671.01,671.0,100.0,958.0, , , , , ,, , 
273,2018-05-04 09:43:55,-0.75,-0.02,-0.71,0.16,0.41,-0.68,-0.02,2.24,-0.86,-0.2,2.44, , , , , ,671.68,671.6,500.0,600.0, , , , , ,, , 
274,2018-05-04 09:43:58,-0.48,0.2,-0.37,0.41,0.53,-0.45,0.15,2.48,-0.63,0.03,2.38, , , , , ,671.68,671.6,600.0,400.0, , , , , ,, , 
275,2018-05-04 09:44:01,-0.09,0.48,-0.12,0.69,0.61,0.1,0.53,2.69,-0.26,0.21,2.28, , , , , ,671.68,671.64,800.0,133.0, , , , , ,, , 
276,2018-05-04 09:44:04,0.11,0.82,0.14,0.95,1.23,0.25,1.05,3.38,-0.04,0.46,2.68, , , , , ,671.55,671.18,100.0,700.0, , , , , ,, , 
277,2018-05-04 09:44:07,0.13,0.85,0.07,0.99,1.55,0.24,1.03,3.4,0.07,0.52,2.5, , , , , ,671.55,671.18,200.0,700.0, , , , , ,, , 
278,2018-05-04 09:44:10,0.12,0.69,0.2,0.83,1.69,0.06,0.77,3.45,0.11,0.49,2.44, , , , , ,671.55,671.18,200.0,700.0, , , , , ,, , 
279,2018-05-04 09:44:13,-0.01,0.69,0.03,0.8,1.85,0.06,0.66,3.42,-0.12,0.6,2.4, , , , , ,671.55,671.18,200.0,611.0, , , , , ,, , 
280,2018-05-04 09:44:16,0.07,0.85,0.0,0.84,1.98,0.3,0.96,3.28,-0.08,0.74,2.38, , , , , ,671.55,671.18,100.0,611.0, , , , , ,, , 
281,2018-05-04 09:44:19,0.15,0.88,-0.04,0.88,2.42,0.38,1.0,3.66,0.11,0.76,2.9, , , , , ,671.1,671.03,20.0,100.0, , , , , ,, , 
282,2018-05-04 09:44:22,0.19,0.98,0.01,0.9,1.67,0.31,1.09,2.95,0.25,0.95,2.08,800.0,671.57,671.57,800.0,81.0,671.6,671.55,120.0,100.0,-10681.81,-20.26, ,2018-05-04 09:44:22.597000,2018-05-04 09:44:25.211000,, , 
283,2018-05-04 09:44:25,0.2,1.0,-0.16,0.97,1.31,0.54,1.02,2.43,0.21,1.02,1.6, , , , , ,672.0,671.7,493.0,800.0, , , , , ,, , 
284,2018-05-04 09:44:28,0.34,1.11,-0.12,1.07,1.48,0.87,1.34,2.51,0.26,0.93,1.65, , , , , ,672.0,671.55,593.0,600.0, , , , , ,, , 
285,2018-05-04 09:44:31,0.46,1.21,0.15,1.18,1.53,0.9,1.37,2.39,0.32,1.06,1.49, , , , , ,672.0,671.55,593.0,700.0, , , , , ,, , 
286,2018-05-04 09:44:34,0.19,0.92,0.08,0.78,1.93,0.31,0.87,2.77,0.19,1.1,1.91, , , , , ,672.0,671.0,793.0,5299.0, , , , , ,, , 
287,2018-05-04 09:44:37,0.02,0.87,-0.14,0.9,1.89,0.39,0.79,2.94,-0.18,0.91,1.88, , , , , ,672.0,671.03,693.0,700.0, , , , , ,, , 
288,2018-05-04 09:44:40,0.05,0.97,-0.05,0.69,1.48,0.48,1.18,2.71,-0.27,1.02,1.39, , , , , ,672.0,671.6,693.0,100.0, , , , , ,, , 
289,2018-05-04 09:44:43,-0.02,0.85,-0.24,0.65,1.54,0.25,1.03,2.91,-0.08,0.85,1.41, , , , , ,671.98,671.6,100.0,300.0, , , , , ,, , 
290,2018-05-04 09:44:46,0.21,0.83,0.13,0.75,1.64,0.37,1.04,2.73,0.13,0.71,1.3, , , , , ,672.0,671.6,500.0,200.0, , , , , ,, , 
291,2018-05-04 09:44:49,0.01,0.83,-0.11,0.83,1.42,0.19,0.9,2.3,-0.06,0.75,0.92, , , , , ,672.0,671.98,1100.0,100.0, , , , , ,, , 
292,2018-05-04 09:44:52,0.23,0.82,0.1,0.71,1.45,0.59,1.12,2.21,0.0,0.63,0.88, , , , , ,672.0,671.98,100.0,397.0, , , , , ,, , 
293,2018-05-04 09:44:55,0.37,1.01,0.15,0.93,1.94,0.95,1.33,2.33,0.0,0.75,1.06, , , , , ,672.0,671.68,2400.0,997.0, , , , , ,, , 
294,2018-05-04 09:44:58,0.33,0.9,0.16,0.78,2.18,0.73,1.19,2.34,0.09,0.74,0.93, , , , , ,672.0,671.68,1000.0,958.0, , , , , ,, , 
295,2018-05-04 09:45:01,0.36,1.09,0.03,0.94,1.73,0.89,1.29,1.67,0.15,1.04,0.1, , , , , ,672.61,672.0,100.0,800.0, , , , , ,, , 
296,2018-05-04 09:45:04,0.55,1.21,0.21,1.11,1.98,1.28,1.42,1.67,0.18,1.09,-0.02, , , , , ,672.61,672.0,100.0,1300.0, , , , , ,, , 
297,2018-05-04 09:45:07,1.25,1.86,1.2,1.89,1.98,1.8,2.07,1.69,0.76,1.62,-0.15,500.0,672.61,672.61,100.0,181.0,672.61,672.02,100.0,600.0, , , ,2018-05-04 09:45:07.602000,2018-05-04 09:45:10.982000,, , 
298,2018-05-04 09:45:10,1.56,2.16,1.64,2.11,1.46,1.95,2.49,1.09,1.09,1.89,-0.71, , , , , ,672.79,672.61,100.0,700.0, , , , , ,, , 
299,2018-05-04 09:45:13,1.14,1.8,0.81,1.64,1.42,1.57,2.06,1.07,1.04,1.71,-0.7, , , , , ,672.79,672.61,200.0,300.0, , , , , ,, , 
300,2018-05-04 09:45:16,0.96,1.62,0.84,1.53,1.29,1.39,1.95,1.02,0.65,1.37,-0.67, , , , , ,672.79,672.61,200.0,31.0, , , , , ,, , 
301,2018-05-04 09:45:19,0.83,1.5,0.77,1.48,1.25,1.16,1.76,1.01,0.58,1.25,-0.59, , , , , ,672.74,672.61,300.0,631.0, , , , , ,, , 
302,2018-05-04 09:45:22,0.95,1.42,0.97,1.39,1.28,1.11,1.66,0.89,0.76,1.21,-0.58, , , , , ,672.74,672.65,100.0,113.0, , , , , ,, , 
303,2018-05-04 09:45:25,0.73,1.48,0.58,1.53,1.14,0.91,1.78,0.76,0.69,1.14,-0.58, , , , , ,672.74,672.69,100.0,200.0, , , , , ,, , 
304,2018-05-04 09:45:28,0.81,1.53,0.77,1.57,0.92,1.19,1.86,0.54,0.47,1.16,-0.77, , , , , ,672.88,672.8,200.0,146.0, , , , , ,, , 
305,2018-05-04 09:45:31,0.93,1.57,0.78,1.51,0.8,1.45,1.89,0.46,0.56,1.32,-0.79, , , , , ,672.88,672.8,100.0,372.0, , , , , ,, , 
306,2018-05-04 09:45:34,0.84,1.41,0.76,1.21,0.81,1.13,1.64,0.48,0.62,1.37,-0.76, , , , , ,672.88,672.74,100.0,118.0, , , , , ,, , 
307,2018-05-04 09:45:37,0.36,1.04,0.39,1.07,1.23,0.71,1.16,0.69,-0.01,0.89,-0.56, , , , , ,672.73,672.61,18.0,1900.0, , , , , ,, , 
308,2018-05-04 09:45:40,0.25,0.89,0.37,1.06,1.21,0.76,1.03,0.42,-0.37,0.58,-0.76, , , , , ,672.88,672.74,100.0,300.0, , , , , ,, , 
309,2018-05-04 09:45:43,0.25,0.92,0.28,0.98,1.29,0.55,1.01,0.26,-0.1,0.77,-0.83, , , , , ,672.95,672.8,100.0,500.0, , , , , ,, , 
310,2018-05-04 09:45:46,0.31,0.97,0.44,1.0,1.04,0.48,1.05,0.1,0.02,0.86,-0.9, , , , , ,673.0,672.88,1200.0,100.0, , , , , ,, , 
311,2018-05-04 09:45:49,0.4,1.13,0.33,1.14,0.84,0.49,1.23,-0.07,0.37,1.02,-1.0, , , , , ,673.0,672.95,1600.0,2600.0, , , , , ,, , 
312,2018-05-04 09:45:52,0.36,1.07,0.37,1.08,0.73,0.38,1.1,-0.1,0.33,1.04,-0.91, , , , , ,673.0,672.95,1700.0,2394.0, , , , , ,, , 
313,2018-05-04 09:45:55,0.27,1.0,0.35,1.05,0.65,0.21,1.05,-0.15,0.24,0.9,-0.8, , , , , ,672.98,672.95,709.0,2490.0, , , , , ,, , 
314,2018-05-04 09:45:58,0.21,1.0,0.34,1.05,-0.33,0.12,1.02,-1.21,0.16,0.93,-1.72, , , , , ,673.78,673.5,2400.0,4791.0, , , , , ,, , 
315,2018-05-04 09:46:01,0.01,0.89,0.03,1.12,-0.32,0.04,0.93,-1.32,-0.04,0.61,-1.59, , , , , ,673.78,673.5,2300.0,3457.0, , , , , ,, , 
316,2018-05-04 09:46:04,-0.03,0.77,0.29,1.12,-0.31,0.06,0.78,-1.42,-0.43,0.42,-1.67, , , , , ,673.76,673.5,100.0,2430.0, , , , , ,, , 
317,2018-05-04 09:46:07,-0.37,0.51,-0.03,0.8,-0.27,-0.25,0.47,-1.47,-0.83,0.26,-1.75, , , , , ,673.75,673.5,100.0,2030.0, , , , , ,, , 
318,2018-05-04 09:46:10,-0.43,0.44,0.02,0.78,-0.37,-0.29,0.35,-1.59,-1.01,0.19,-1.94, , , , , ,673.75,673.62,100.0,300.0, , , , , ,, , 
319,2018-05-04 09:46:13,-0.27,0.62,0.15,0.99,-0.54,-0.1,0.61,-1.58,-0.85,0.26,-2.19, , , , , ,673.8,673.78,200.0,329.0, , , , , ,, , 
320,2018-05-04 09:46:16,-0.3,0.53,0.06,0.9,-0.22,-0.17,0.48,-1.08,-0.79,0.21,-1.83, , , , , ,673.57,673.5,271.0,100.0, , , , , ,, , 
321,2018-05-04 09:46:19,-0.43,0.45,-0.14,0.67,0.15,-0.41,0.5,-0.58,-0.75,0.19,-1.46, , , , , ,673.5,673.0,100.0,3300.0, , , , , ,, , 
322,2018-05-04 09:46:22,-0.44,0.55,-0.11,0.85,-0.3,-0.46,0.5,-0.88,-0.74,0.31,-1.85, , , , , ,673.98,673.0,921.0,3372.0, , , , , ,, , 
323,2018-05-04 09:46:25,-0.31,0.54,-0.01,0.76,-1.06,-0.4,0.48,-1.63,-0.54,0.38,-2.46, , , , , ,673.98,673.9,1121.0,300.0, , , , , ,, , 
324,2018-05-04 09:46:28,-0.32,0.56,-0.09,0.72,-0.08,-0.35,0.59,-0.52,-0.53,0.36,-1.36, , , , , ,673.5,673.0,500.0,7357.0, , , , , ,, , 
325,2018-05-04 09:46:31,-0.24,0.56,-0.15,0.62,-0.02,-0.28,0.66,-0.27,-0.29,0.38,-1.14, , , , , ,673.33,673.0,100.0,9024.0, , , , , ,, , 
326,2018-05-04 09:46:34,-0.45,0.34,-0.37,0.35,-0.04,-0.43,0.35,-0.17,-0.55,0.31,-1.04, , , , , ,673.33,673.0,300.0,9424.0, , , , , ,, , 
327,2018-05-04 09:46:37,-0.64,0.17,-0.6,0.26,-1.05,-0.64,0.05,-1.01,-0.68,0.21,-2.12, , , , , ,673.85,673.84,300.0,2200.0, , , , , ,, , 
328,2018-05-04 09:46:40,-0.64,0.13,-0.59,0.2,-1.05,-0.6,0.12,-0.92,-0.72,0.06,-2.13, , , , , ,673.82,673.79,1500.0,2000.0, , , , , ,, , 
329,2018-05-04 09:46:43,-0.58,0.23,-0.54,0.3,-0.93,-0.62,0.15,-0.68,-0.58,0.23,-1.93, , , , , ,673.84,673.5,400.0,1000.0, , , , , ,, , 
330,2018-05-04 09:46:46,-0.51,0.19,-0.51,0.22,-0.96,-0.53,0.18,-0.56,-0.49,0.17,-1.89, , , , , ,673.8,673.5,300.0,870.0, , , , , ,, , 
331,2018-05-04 09:46:49,-0.65,0.0,-0.49,0.13,-0.72,-0.8,-0.01,-0.2,-0.65,-0.1,-1.5, , , , , ,673.45,673.39,57.0,100.0, , , , , ,, , 
332,2018-05-04 09:46:52,-0.81,-0.13,-0.6,0.04,-0.76,-0.82,-0.13,-0.24,-1.02,-0.3,-1.43, , , , , ,673.45,673.39,257.0,100.0, , , , , ,, , 
333,2018-05-04 09:46:55,-0.93,-0.13,-0.77,0.01,-0.78,-0.95,0.06,-0.16,-1.08,-0.46,-1.46, , , , , ,673.45,673.33,457.0,200.0, , , , , ,, , 
334,2018-05-04 09:46:58,-1.07,-0.23,-1.03,-0.14,-0.84,-1.03,-0.16,-0.23,-1.17,-0.39,-1.53,-100.0,673.43,673.43,-100.0,81.0,673.45,673.33,100.0,188.0,3.21,0.05, ,2018-05-04 09:46:58.611000,2018-05-04 09:47:01.551000,, , 
335,2018-05-04 09:47:01,-0.88,-0.25,-0.8,-0.15,-1.05,-0.83,-0.32,-0.4,-1.01,-0.26,-1.74, , , , , ,673.5,673.42,200.0,100.0, , , , , ,, , 
336,2018-05-04 09:47:04,-0.64,-0.12,-0.48,-0.11,-1.16,-0.73,-0.09,-0.44,-0.73,-0.14,-1.82, , , , , ,673.5,673.42,300.0,600.0, , , , , ,, , 
337,2018-05-04 09:47:07,-0.53,-0.08,-0.49,-0.11,-1.13,-0.64,-0.04,-0.53,-0.47,-0.09,-1.83, , , , , ,673.4,673.39,100.0,688.0, , , , , ,, , 
338,2018-05-04 09:47:10,-0.53,-0.12,-0.65,-0.19,-1.28,-0.79,-0.16,-0.7,-0.16,-0.0,-2.21, , , , , ,673.5,673.45,200.0,100.0, , , , , ,, , 
339,2018-05-04 09:47:13,-0.58,-0.18,-0.73,-0.19,-1.02,-0.84,-0.27,-0.65,-0.19,-0.07,-2.51, , , , , ,673.42,673.4,300.0,200.0, , , , , ,, , 
340,2018-05-04 09:47:16,-0.83,-0.32,-0.83,-0.33,-0.9,-0.94,-0.46,-0.66,-0.7,-0.18,-2.92, , , , , ,673.42,673.4,1100.0,30.0, , , , , ,, , 
341,2018-05-04 09:47:19,-0.96,-0.35,-0.93,-0.29,-0.58,-0.98,-0.52,-0.35,-0.97,-0.25,-3.02, , , , , ,673.34,673.16,430.0,100.0, , , , , ,, , 
342,2018-05-04 09:47:22,-1.0,-0.4,-1.08,-0.45,-0.67,-1.01,-0.6,-0.55,-0.91,-0.15,-3.33, , , , , ,673.35,673.34,430.0,300.0, , , , , ,, , 
343,2018-05-04 09:47:25,-1.08,-0.5,-1.1,-0.44,-0.48,-1.0,-0.75,-0.35,-1.15,-0.31,-3.09, , , , , ,673.33,673.0,100.0,3501.0, , , , , ,, , 
344,2018-05-04 09:47:28,-0.96,-0.35,-0.84,-0.28,-0.36,-0.94,-0.5,-0.39,-1.1,-0.26,-3.08, , , , , ,673.29,673.0,200.0,2876.0, , , , , ,, , 
345,2018-05-04 09:47:31,-0.62,-0.11,-0.67,-0.11,-0.24,-0.59,-0.15,-0.54,-0.61,-0.08,-3.12, , , , , ,673.29,673.0,400.0,2976.0, , , , , ,, , 
346,2018-05-04 09:47:34,-0.5,0.02,-0.59,0.02,-0.13,-0.53,-0.08,-0.54,-0.37,0.12,-3.13, , , , , ,673.29,673.0,400.0,3676.0, , , , , ,, , 
347,2018-05-04 09:47:37,-0.77,-0.03,-0.86,-0.06,0.09,-0.68,-0.12,-0.48,-0.77,0.08,-3.08, , , , , ,673.2,673.0,100.0,384.0, , , , , ,, , 
348,2018-05-04 09:47:40,-0.91,-0.38,-0.9,-0.44,0.06,-0.89,-0.59,-0.62,-0.93,-0.1,-3.17, , , , , ,673.2,673.1,300.0,1900.0, , , , , ,, , 
349,2018-05-04 09:47:43,-0.94,-0.45,-0.88,-0.4,0.34,-0.82,-0.66,-0.36,-1.11,-0.3,-3.02, , , , , ,673.0,672.96,1435.0,200.0, , , , , ,, , 
350,2018-05-04 09:47:46,-0.93,-0.51,-0.85,-0.49,0.47,-0.89,-0.75,-0.42,-1.05,-0.3,-3.07, , , , , ,672.96,672.95,100.0,800.0, , , , , ,, , 
351,2018-05-04 09:47:49,-0.79,-0.31,-0.68,-0.32,0.54,-0.72,-0.48,-0.47,-0.96,-0.12,-3.12, , , , , ,672.95,672.9,594.0,2000.0, , , , , ,, , 
352,2018-05-04 09:47:52,-0.75,-0.31,-0.64,-0.37,0.56,-0.77,-0.46,-0.43,-0.86,-0.11,-3.23, , , , , ,672.9,672.85,114.0,100.0, , , , , ,, , 
353,2018-05-04 09:47:55,-0.76,-0.24,-0.61,-0.24,0.58,-0.8,-0.46,-0.49,-0.88,-0.02,-3.39, , , , , ,672.92,672.85,100.0,47.0, , , , , ,, , 
354,2018-05-04 09:47:58,-0.83,-0.28,-0.77,-0.21,0.69,-0.87,-0.64,-0.46,-0.86,0.02,-3.42, , , , , ,672.8,672.74,954.0,100.0, , , , , ,, , 
355,2018-05-04 09:48:01,-0.71,-0.23,-0.59,-0.2,0.64,-0.69,-0.52,-0.57,-0.85,0.02,-3.47, , , , , ,672.8,672.73,754.0,45.0, , , , , ,, , 
356,2018-05-04 09:48:04,-0.67,-0.11,-0.6,-0.13,0.84,-0.66,-0.31,-0.45,-0.74,0.11,-3.31, , , , , ,672.69,672.5,300.0,2000.0, , , , , ,, , 
357,2018-05-04 09:48:07,-0.57,0.01,-0.52,0.02,0.68,-0.57,-0.21,-0.54,-0.62,0.2,-3.05, , , , , ,672.66,672.5,100.0,1892.0, , , , , ,, , 
358,2018-05-04 09:48:10,-0.4,0.16,-0.4,0.05,0.6,-0.42,0.03,-0.56,-0.39,0.39,-2.79, , , , , ,672.69,672.5,200.0,1592.0, , , , , ,, , 
359,2018-05-04 09:48:13,-0.41,0.21,-0.29,0.04,0.45,-0.41,0.05,-0.67,-0.52,0.55,-2.59, , , , , ,672.69,672.66,500.0,100.0, , , , , ,, , 
360,2018-05-04 09:48:16,-0.36,0.28,-0.22,0.12,-0.12,-0.4,-0.11,-1.19,-0.48,0.82,-2.68, , , , , ,673.1,673.0,200.0,536.0, , , , , ,, , 
361,2018-05-04 09:48:19,-0.03,0.51,0.04,0.33,0.17,-0.25,0.17,-0.92,0.12,1.02,-2.37, , , , , ,673.1,672.69,200.0,336.0, , , , , ,, , 
362,2018-05-04 09:48:22,0.28,0.73,0.33,0.47,0.22,-0.08,0.56,-0.78,0.59,1.17,-2.16, , , , , ,672.95,672.69,200.0,400.0, , , , , ,, , 
363,2018-05-04 09:48:25,0.26,0.69,0.21,0.49,0.16,-0.09,0.39,-0.74,0.67,1.19,-2.42, , , , , ,672.95,672.69,400.0,600.0, , , , , ,, , 
364,2018-05-04 09:48:28,0.21,0.72,0.08,0.56,0.1,-0.09,0.61,-0.74,0.64,0.98,-2.7, , , , , ,672.95,672.69,200.0,100.0, , , , , ,, , 
365,2018-05-04 09:48:31,0.4,0.97,0.47,0.78,-0.55,-0.08,0.91,-1.25,0.81,1.22,-3.38, , , , , ,673.2,673.1,200.0,1600.0, , , , , ,, , 
366,2018-05-04 09:48:34,0.62,1.22,0.54,1.2,-0.55,0.3,1.11,-1.27,1.02,1.35,-3.56, , , , , ,673.2,673.1,400.0,200.0, , , , , ,, , 
367,2018-05-04 09:48:37,0.6,1.21,0.6,1.1,-0.48,0.2,1.16,-1.2,1.0,1.37,-3.47, , , , , ,673.2,673.0,400.0,5400.0, , , , , ,, , 
368,2018-05-04 09:48:40,0.89,1.55,0.84,1.67,-0.78,0.77,1.47,-1.41,1.07,1.51,-3.69,500.0,673.3,673.3,500.0,581.0,673.3,673.2,400.0,3800.0, , , ,2018-05-04 09:48:40.616000,2018-05-04 09:48:41.443000,, , 
369,2018-05-04 09:48:43,1.02,1.53,1.04,1.49,-0.77,0.67,1.41,-1.39,1.34,1.7,-3.49,500.0,673.3,673.3,500.0,1081.0,673.3,673.2,100.0,2718.0, , , ,2018-05-04 09:48:43.607000,2018-05-04 09:48:45.453000,, , 
370,2018-05-04 09:48:46,0.94,1.5,0.94,1.54,-0.85,0.64,1.38,-1.36,1.25,1.57,-3.31, , , , , ,673.3,673.2,300.0,2218.0, , , , , ,, , 
371,2018-05-04 09:48:49,0.8,1.56,0.82,1.49,-1.09,0.51,1.51,-1.54,1.08,1.68,-3.27, , , , , ,673.35,673.33,100.0,400.0, , , , , ,, , 
372,2018-05-04 09:48:52,0.81,1.45,0.8,1.55,-1.07,0.68,1.33,-1.39,0.96,1.48,-3.04, , , , , ,673.32,673.28,154.0,100.0, , , , , ,, , 
373,2018-05-04 09:48:55,0.8,1.3,0.68,1.27,-0.85,0.56,1.24,-1.04,1.16,1.4,-2.79, , , , , ,673.15,673.1,700.0,600.0, , , , , ,, , 
374,2018-05-04 09:48:58,0.8,1.33,0.57,1.44,-1.33,0.65,1.38,-1.3,1.18,1.15,-3.12, , , , , ,673.39,673.32,100.0,100.0, , , , , ,, , 
375,2018-05-04 09:49:01,0.52,1.09,0.35,1.14,-1.17,0.3,1.15,-0.88,0.91,0.99,-2.84, , , , , ,673.22,673.1,800.0,23.0, , , , , ,, , 
376,2018-05-04 09:49:04,0.34,0.95,0.28,0.96,-1.25,0.14,1.1,-0.92,0.61,0.78,-2.79, , , , , ,673.15,673.1,100.0,100.0, , , , , ,, , 
377,2018-05-04 09:49:07,0.17,0.64,0.04,0.56,-1.2,0.01,0.73,-0.86,0.44,0.62,-2.74, , , , , ,673.05,673.0,600.0,5467.0, , , , , ,, , 
378,2018-05-04 09:49:10,-0.43,0.14,-0.7,0.09,-0.93,-0.59,-0.04,-0.69,0.0,0.36,-2.62, , , , , ,673.0,672.69,582.0,300.0, , , , , ,, , 
379,2018-05-04 09:49:13,-0.5,0.09,-0.65,0.05,-1.17,-0.81,-0.05,-1.03,-0.05,0.27,-3.07, , , , , ,673.02,673.0,1382.0,600.0, , , , , ,, , 
380,2018-05-04 09:49:16,-0.38,0.18,-0.44,0.09,-1.13,-0.68,0.04,-1.04,-0.03,0.41,-3.26, , , , , ,673.02,673.0,282.0,1900.0, , , , , ,, , 
381,2018-05-04 09:49:19,-0.39,0.12,-0.49,0.03,-1.09,-0.72,0.02,-1.1,0.02,0.29,-3.39, , , , , ,673.02,673.0,482.0,1259.0, , , , , ,, , 
382,2018-05-04 09:49:22,-0.54,-0.0,-0.65,-0.12,-1.05,-0.85,-0.14,-1.15,-0.11,0.24,-3.49, , , , , ,673.02,673.0,382.0,159.0, , , , , ,, , 
383,2018-05-04 09:49:25,-0.53,0.01,-0.56,-0.08,-0.78,-0.83,-0.09,-0.83,-0.19,0.2,-3.31, , , , , ,673.0,672.69,700.0,118.0, , , , , ,, , 
384,2018-05-04 09:49:28,-0.52,0.07,-0.56,-0.06,-0.78,-0.78,0.0,-0.77,-0.21,0.26,-3.41, , , , , ,673.0,672.69,200.0,364.0, , , , , ,, , 
385,2018-05-04 09:49:31,-0.53,0.07,-0.63,-0.01,-0.8,-0.75,-0.04,-0.67,-0.21,0.25,-3.48, , , , , ,673.0,672.69,300.0,64.0, , , , , ,, , 
386,2018-05-04 09:49:34,-0.62,-0.02,-0.7,-0.07,-0.41,-0.8,-0.16,-0.16,-0.36,0.18,-3.16, , , , , ,672.64,672.5,600.0,1222.0, , , , , ,, , 
387,2018-05-04 09:49:37,-0.53,0.11,-0.62,0.07,-0.82,-0.75,0.07,-0.64,-0.22,0.2,-3.64, , , , , ,673.0,672.69,1200.0,300.0, , , , , ,, , 
388,2018-05-04 09:49:40,-0.78,-0.01,-0.69,-0.07,-0.82,-0.92,-0.13,-0.72,-0.72,0.18,-3.7, , , , , ,673.0,672.69,3704.0,300.0, , , , , ,, , 
389,2018-05-04 09:49:43,-0.69,0.01,-0.6,0.01,-0.52,-0.85,-0.08,-0.43,-0.6,0.09,-3.46, , , , , ,672.69,672.64,100.0,200.0, , , , , ,, , 
390,2018-05-04 09:49:46,-0.58,0.05,-0.46,0.03,-0.39,-0.8,0.04,-0.32,-0.49,0.08,-3.37, , , , , ,672.69,672.5,76.0,400.0, , , , , ,, , 
391,2018-05-04 09:49:49,-0.25,0.2,-0.19,0.11,-0.43,-0.6,0.27,-0.27,0.02,0.21,-3.35, , , , , ,672.69,672.5,776.0,100.0, , , , , ,, , 
392,2018-05-04 09:49:52,-0.44,0.12,-0.51,-0.03,-0.3,-0.63,0.17,-0.16,-0.18,0.21,-3.29, , , , , ,672.64,672.49,600.0,75.0, , , , , ,, , 
393,2018-05-04 09:49:55,-0.54,0.11,-0.55,0.06,-0.21,-0.74,0.14,-0.23,-0.33,0.14,-3.32, , , , , ,672.64,672.49,176.0,300.0, , , , , ,, , 
394,2018-05-04 09:49:58,-0.43,0.12,-0.38,0.0,-0.03,-0.53,0.16,-0.2,-0.38,0.2,-3.27, , , , , ,672.5,672.49,1100.0,200.0, , , , , ,, , 
395,2018-05-04 09:50:01,-0.44,0.04,-0.43,-0.01,0.52,-0.48,0.03,0.1,-0.42,0.11,-2.92, , , , , ,672.44,672.0,100.0,16862.0, , , , , ,, , 
396,2018-05-04 09:50:04,-0.56,-0.02,-0.53,-0.04,0.43,-0.53,-0.02,0.02,-0.63,0.0,-3.0, , , , , ,672.44,672.0,200.0,16212.0, , , , , ,, , 
397,2018-05-04 09:50:07,-0.57,0.01,-0.53,0.07,0.34,-0.54,-0.01,-0.08,-0.62,-0.02,-2.97, , , , , ,672.44,672.0,400.0,15618.0, , , , , ,, , 
398,2018-05-04 09:50:10,-0.66,-0.09,-0.58,-0.11,0.24,-0.7,-0.04,-0.35,-0.7,-0.12,-2.98, , , , , ,672.44,672.0,200.0,15418.0, , , , , ,, , 
399,2018-05-04 09:50:13,-0.7,-0.12,-0.61,-0.08,0.14,-0.69,-0.17,-0.74,-0.79,-0.12,-3.0, , , , , ,672.44,672.0,200.0,14167.0, , , , , ,, , 
400,2018-05-04 09:50:16,-0.56,0.03,-0.33,0.05,0.08,-0.59,0.08,-1.21,-0.75,-0.03,-3.08, , , , , ,672.4,672.1,200.0,5000.0, , , , , ,, , 
401,2018-05-04 09:50:19,-0.32,0.21,-0.07,0.27,-0.07,-0.45,0.25,-1.63,-0.44,0.1,-3.29, , , , , ,672.38,672.25,100.0,200.0, , , , , ,, , 
402,2018-05-04 09:50:22,-0.12,0.25,-0.02,0.27,-0.11,-0.23,0.37,-1.81,-0.11,0.09,-3.35, , , , , ,672.38,672.25,400.0,200.0, , , , , ,, , 
403,2018-05-04 09:50:25,0.2,0.46,0.15,0.42,-0.04,-0.08,0.7,-1.83,0.52,0.26,-3.4, , , , , ,672.38,672.25,200.0,300.0, , , , , ,, , 
404,2018-05-04 09:50:28,0.2,0.55,0.14,0.5,-0.01,0.03,0.73,-1.89,0.44,0.42,-3.46, , , , , ,672.38,672.29,600.0,100.0, , , , , ,, , 
405,2018-05-04 09:50:31,0.23,0.58,0.21,0.48,0.12,0.04,0.77,-1.89,0.45,0.48,-3.5, , , , , ,672.38,672.25,600.0,700.0, , , , , ,, , 
406,2018-05-04 09:50:34,0.22,0.53,0.16,0.5,0.28,0.09,0.67,-1.83,0.4,0.42,-3.53, , , , , ,672.29,672.25,100.0,509.0, , , , , ,, , 
407,2018-05-04 09:50:37,0.2,0.55,0.16,0.47,0.22,0.05,0.68,-1.85,0.4,0.49,-3.65, , , , , ,672.29,672.25,200.0,609.0, , , , , ,, , 
408,2018-05-04 09:50:40,0.11,0.56,0.13,0.48,0.07,-0.01,0.76,-1.94,0.21,0.45,-3.83, , , , , ,672.38,672.25,500.0,309.0, , , , , ,, , 
409,2018-05-04 09:50:43,0.1,0.54,0.16,0.48,0.06,-0.1,0.66,-2.06,0.23,0.48,-3.99, , , , , ,672.38,672.29,700.0,200.0, , , , , ,, , 
410,2018-05-04 09:50:46,0.29,0.68,0.38,0.62,0.06,0.11,0.79,-2.15,0.37,0.62,-4.08, , , , , ,672.38,672.29,100.0,300.0, , , , , ,, , 
411,2018-05-04 09:50:49,0.47,0.84,0.43,0.81,0.1,0.34,0.99,-2.25,0.65,0.73,-4.19, , , , , ,672.38,672.31,200.0,56.0, , , , , ,, , 
412,2018-05-04 09:50:52,0.39,0.69,0.29,0.67,0.38,0.18,0.84,-2.24,0.69,0.57,-4.08, , , , , ,672.25,672.16,1035.0,5400.0, , , , , ,, , 
413,2018-05-04 09:50:55,0.54,0.86,0.46,0.84,-0.24,0.29,1.04,-2.92,0.86,0.69,-4.65, , , , , ,672.64,672.5,300.0,2820.0, , , , , ,, , 
414,2018-05-04 09:50:58,0.66,0.94,0.61,0.95,-0.32,0.43,1.15,-3.12,0.95,0.72,-4.71, , , , , ,672.64,672.5,400.0,2620.0, , , , , ,, , 
415,2018-05-04 09:51:01,0.75,0.91,0.66,0.87,-0.42,0.48,1.15,-3.18,1.12,0.71,-4.81,400.0,672.64,672.64,400.0,1481.0,672.64,672.5,300.0,2031.0, , , ,2018-05-04 09:51:01.674000,2018-05-04 09:51:02.621000,, , 
416,2018-05-04 09:51:04,0.66,0.85,0.55,0.89,-0.49,0.38,1.03,-3.27,1.04,0.62,-4.92, , , , , ,672.64,672.5,100.0,31.0, , , , , ,, , 
417,2018-05-04 09:51:07,0.45,0.71,0.35,0.61,-0.24,0.14,0.84,-2.68,0.85,0.67,-4.66, , , , , ,672.45,672.2,600.0,100.0, , , , , ,, , 
418,2018-05-04 09:51:10,0.35,0.58,0.31,0.57,-0.51,0.11,0.59,-2.4,0.63,0.57,-4.72, , , , , ,672.45,672.2,600.0,331.0, , , , , ,, , 
419,2018-05-04 09:51:13,0.19,0.51,0.19,0.48,-0.87,-0.03,0.47,-2.04,0.41,0.59,-4.7, , , , , ,672.45,672.16,700.0,6364.0, , , , , ,, , 
420,2018-05-04 09:51:16,-0.05,0.27,-0.06,0.27,-1.27,-0.26,0.18,-1.56,0.16,0.36,-4.69, , , , , ,672.43,672.16,100.0,6664.0, , , , , ,, , 
421,2018-05-04 09:51:19,-0.12,0.22,-0.1,0.26,-1.6,-0.41,0.07,-1.48,0.17,0.34,-4.69, , , , , ,672.43,672.16,200.0,6384.0, , , , , ,, , 
422,2018-05-04 09:51:22,-0.26,0.05,-0.45,0.1,-1.6,-0.47,-0.15,-1.21,0.13,0.19,-4.52, , , , , ,672.2,672.16,100.0,6184.0, , , , , ,, , 
423,2018-05-04 09:51:25,-0.23,0.03,-0.21,0.07,-1.65,-0.59,-0.17,-1.49,0.1,0.18,-4.55, , , , , ,672.2,672.18,300.0,400.0, , , , , ,, , 
424,2018-05-04 09:51:28,-0.34,0.03,-0.3,0.07,-2.1,-0.73,-0.14,-2.19,0.02,0.16,-4.98, , , , , ,672.5,672.46,400.0,300.0, , , , , ,, , 
425,2018-05-04 09:51:31,-0.4,0.02,-0.39,0.1,-2.13,-0.83,-0.16,-2.38,0.0,0.13,-5.0, , , , , ,672.5,672.46,500.0,300.0, , , , , ,, , 
426,2018-05-04 09:51:34,-0.34,0.05,-0.36,0.14,-2.09,-0.69,-0.08,-2.5,0.05,0.09,-4.99, , , , , ,672.45,672.43,106.0,1600.0, , , , , ,, , 
427,2018-05-04 09:51:37,-0.45,0.0,-0.31,0.11,-2.1,-0.84,-0.11,-2.5,-0.21,-0.0,-4.98, , , , , ,672.45,672.43,300.0,921.0, , , , , ,, , 
428,2018-05-04 09:51:40,-0.55,-0.08,-0.38,0.09,-1.92,-0.88,-0.24,-2.28,-0.4,-0.08,-4.79, , , , , ,672.45,672.16,162.0,2860.0, , , , , ,, , 
429,2018-05-04 09:51:43,-0.54,-0.14,-0.44,0.07,-1.97,-0.86,-0.33,-2.04,-0.32,-0.17,-4.75, , , , , ,672.38,672.16,9.0,1660.0, , , , , ,, , 
430,2018-05-04 09:51:46,-0.57,-0.13,-0.57,0.11,-2.36,-0.72,-0.39,-2.17,-0.42,-0.09,-5.02, , , , , ,672.5,672.45,1000.0,100.0, , , , , ,, , 
431,2018-05-04 09:51:49,-0.56,-0.07,-0.44,0.14,-2.42,-0.87,-0.36,-1.97,-0.37,0.02,-4.99, , , , , ,672.46,672.45,100.0,200.0, , , , , ,, , 
432,2018-05-04 09:51:52,-0.52,-0.11,-0.5,0.05,-2.61,-0.77,-0.3,-1.79,-0.31,-0.09,-5.0, , , , , ,672.46,672.45,300.0,808.0, , , , , ,, , 
433,2018-05-04 09:51:55,-0.7,-0.24,-0.56,-0.03,-2.75,-0.82,-0.51,-1.79,-0.7,-0.18,-5.0,-1400.0,672.45,0.0,-0.0,1481.0,672.46,672.45,300.0,708.0, , , ,2018-05-04 09:51:55.662000,2018-05-04 09:51:59.311000,, , 
434,2018-05-04 09:51:58,-0.94,-0.47,-0.78,-0.21,-2.67,-1.08,-0.77,-1.51,-0.94,-0.43,-4.71,-1400.0,672.36,0.0,-0.0,1481.0,672.38,672.16,100.0,539.0, , , ,2018-05-04 09:51:59.311000,2018-05-04 09:52:02.339000,, , 
435,2018-05-04 09:52:01,-0.86,-0.42,-0.85,-0.18,-2.72,-1.04,-0.66,-1.5,-0.67,-0.42,-4.72,-1400.0,672.34,0.0,-0.0,1481.0,672.36,672.16,1400.0,839.0, , , ,2018-05-04 09:52:02.339000,2018-05-04 09:52:05.363000,, , 
436,2018-05-04 09:52:04,-1.09,-0.6,-1.13,-0.41,-2.68,-1.29,-0.89,-1.36,-0.86,-0.51,-4.62,-1400.0,672.32,672.32,-100.0,1381.0,672.34,672.0,1400.0,5429.0, , , ,2018-05-04 09:52:05.364000,2018-05-04 09:52:08.364000,, , 
437,2018-05-04 09:52:07,-1.35,-0.7,-1.33,-0.51,-2.55,-1.59,-1.05,-1.58,-1.13,-0.55,-4.78,-1300.0,672.16,0.0,-0.0,1381.0,672.32,672.16,1400.0,360.0, , , ,2018-05-04 09:52:08.364000,2018-05-04 09:52:11.402000,, , 
438,2018-05-04 09:52:10,-1.61,-0.84,-1.77,-0.8,-1.9,-1.75,-1.04,-1.36,-1.33,-0.67,-4.51,-1300.0,671.98,671.98,-1300.0,81.0,672.0,671.98,1511.0,100.0,-2650.74,-2.81, ,2018-05-04 09:52:11.402000,2018-05-04 09:52:12.463000,, , 
439,2018-05-04 09:52:13,-1.65,-0.77,-1.91,-0.5,-0.9,-1.79,-1.17,-0.88,-1.25,-0.65,-3.91,-500.0,671.12,671.12,-100.0,-19.0,671.95,671.12,500.0,100.0, , , ,2018-05-04 09:52:13.658000,2018-05-04 09:52:17.066000,, , 
440,2018-05-04 09:52:16,-1.3,-0.47,-1.6,-0.3,0.19,-1.42,-0.47,-0.44,-0.89,-0.63,-3.41, , , , , ,671.12,671.11,500.0,500.0, , , , , ,, , 
441,2018-05-04 09:52:19,-1.09,-0.24,-1.32,-0.09,0.28,-1.19,-0.09,-0.57,-0.75,-0.53,-3.48, , , , , ,671.12,671.11,100.0,115.0, , , , , ,, , 
442,2018-05-04 09:52:22,-1.19,-0.31,-1.48,-0.21,0.38,-1.26,-0.08,-0.67,-0.85,-0.63,-3.58, , , , , ,671.12,671.1,200.0,815.0, , , , , ,, , 
443,2018-05-04 09:52:25,-1.3,-0.51,-1.53,-0.59,0.2,-1.26,-0.37,-0.66,-1.11,-0.57,-3.59, , , , , ,671.1,671.01,285.0,100.0, , , , , ,, , 
444,2018-05-04 09:52:28,-1.34,-0.55,-1.54,-0.71,-0.07,-1.28,-0.28,-0.75,-1.18,-0.65,-3.67, , , , , ,671.1,671.01,485.0,29.0, , , , , ,, , 
445,2018-05-04 09:52:31,-1.22,-0.51,-1.26,-0.61,-0.26,-1.27,-0.26,-0.81,-1.14,-0.66,-3.73, , , , , ,671.08,671.01,100.0,500.0, , , , , ,, , 
446,2018-05-04 09:52:34,-1.26,-0.53,-1.27,-0.57,-0.43,-1.28,-0.3,-0.89,-1.23,-0.73,-3.72, , , , , ,671.08,671.01,300.0,368.0, , , , , ,, , 
447,2018-05-04 09:52:37,-1.27,-0.48,-1.26,-0.59,-0.36,-1.23,-0.34,-0.91,-1.33,-0.52,-3.64, , , , , ,671.01,671.0,332.0,2318.0, , , , , ,, , 
448,2018-05-04 09:52:40,-1.21,-0.38,-1.25,-0.47,-0.35,-1.21,-0.21,-0.97,-1.15,-0.45,-3.63, , , , , ,671.01,671.0,532.0,962.0, , , , , ,, , 
449,2018-05-04 09:52:43,-1.07,-0.28,-0.91,-0.34,-0.15,-1.17,-0.21,-1.0,-1.14,-0.29,-3.63, , , , , ,671.01,671.0,432.0,708.0, , , , , ,, , 
450,2018-05-04 09:52:46,-1.07,-0.2,-0.91,-0.14,0.37,-1.17,-0.21,-0.65,-1.13,-0.26,-3.29, , , , , ,671.0,670.54,1092.0,100.0, , , , , ,, , 
451,2018-05-04 09:52:49,-1.08,-0.22,-0.92,-0.16,0.55,-1.16,-0.36,-0.64,-1.15,-0.14,-3.26, , , , , ,671.0,670.54,7592.0,200.0, , , , , ,, , 
452,2018-05-04 09:52:52,-1.18,-0.39,-1.23,-0.57,0.72,-1.26,-0.36,-0.61,-1.07,-0.24,-3.19, , , , , ,671.0,670.53,7892.0,1458.0, , , , , ,, , 
453,2018-05-04 09:52:55,-1.04,-0.25,-0.9,-0.23,1.12,-1.1,-0.32,-0.26,-1.11,-0.21,-2.78, , , , , ,670.51,670.49,100.0,382.0, , , , , ,, , 
454,2018-05-04 09:52:58,-0.89,-0.12,-0.88,-0.18,1.29,-0.86,-0.08,-0.14,-0.92,-0.1,-2.54, , , , , ,670.47,670.3,218.0,600.0, , , , , ,, , 
455,2018-05-04 09:53:01,-0.59,0.01,-0.41,0.07,1.5,-0.66,-0.02,0.02,-0.71,-0.02,-2.28, , , , , ,670.28,670.2,100.0,600.0, , , , , ,, , 
456,2018-05-04 09:53:04,-0.13,0.37,-0.02,0.48,0.97,-0.14,0.59,-0.59,-0.22,0.03,-2.71, , , , , ,671.0,670.2,1800.0,416.0, , , , , ,, , 
457,2018-05-04 09:53:07,0.34,0.68,0.44,0.69,1.39,0.51,0.99,-0.04,0.07,0.37,-2.05,100.0,670.22,0.0,0.0,-19.0,670.3,670.2,100.0,116.0, , , ,2018-05-04 09:53:07.681000,2018-05-04 09:53:11.115000,, , 
458,2018-05-04 09:53:10,0.41,0.93,0.51,0.94,0.11,0.46,1.23,-1.18,0.26,0.62,-3.05,100.0,671.01,671.01,100.0,81.0,671.01,671.0,432.0,3484.0,-67.52,-1.01, ,2018-05-04 09:53:11.115000,2018-05-04 09:53:11.909000,, , 
459,2018-05-04 09:53:13,0.31,0.94,0.55,0.9,-0.08,0.03,1.14,-1.2,0.35,0.77,-2.93, , , , , ,671.01,671.0,932.0,2884.0, , , , , ,, , 
460,2018-05-04 09:53:16,0.14,0.87,-0.11,0.79,-0.98,0.06,0.99,-1.94,0.49,0.84,-3.55, , , , , ,671.95,671.01,1200.0,368.0, , , , , ,, , 
461,2018-05-04 09:53:19,-0.17,0.8,-0.38,0.64,-1.12,-0.33,0.96,-2.05,0.21,0.81,-3.5, , , , , ,671.95,671.01,1200.0,200.0, , , , , ,, , 
462,2018-05-04 09:53:22,-0.28,0.76,-0.14,0.82,-0.89,-0.49,0.82,-1.78,-0.22,0.64,-3.04, , , , , ,671.5,671.01,100.0,100.0, , , , , ,, , 
463,2018-05-04 09:53:25,-0.38,0.57,-0.11,0.59,-0.95,-0.78,0.61,-1.82,-0.27,0.5,-2.87, , , , , ,671.5,671.0,400.0,683.0, , , , , ,, , 
464,2018-05-04 09:53:28,-0.22,0.57,-0.18,0.61,-0.33,-0.42,0.71,-1.16,-0.07,0.39,-2.0, , , , , ,671.0,670.55,606.0,100.0, , , , , ,, , 
465,2018-05-04 09:53:31,-0.0,0.54,-0.03,0.59,-0.37,-0.06,0.61,-1.17,0.08,0.42,-1.8, , , , , ,670.95,670.55,400.0,100.0, , , , , ,, , 
466,2018-05-04 09:53:34,0.02,0.48,0.01,0.58,-0.41,-0.0,0.59,-1.24,0.06,0.27,-1.88, , , , , ,670.95,670.5,600.0,100.0, , , , , ,, , 
467,2018-05-04 09:53:37,0.06,0.57,0.06,0.67,-0.58,0.03,0.67,-1.44,0.08,0.36,-2.12, , , , , ,671.0,670.57,606.0,400.0, , , , , ,, , 
468,2018-05-04 09:53:40,-0.12,0.51,-0.02,0.58,-0.64,-0.23,0.6,-1.56,-0.11,0.36,-2.28, , , , , ,671.0,670.57,706.0,300.0, , , , , ,, , 
469,2018-05-04 09:53:43,-0.27,0.38,-0.14,0.43,-0.68,-0.53,0.36,-1.7,-0.14,0.34,-2.44, , , , , ,671.0,670.58,806.0,100.0, , , , , ,, , 
470,2018-05-04 09:53:46,-0.21,0.34,-0.15,0.45,-1.36,-0.47,0.36,-2.47,-0.02,0.22,-2.78, , , , , ,671.5,671.0,100.0,394.0, , , , , ,, , 
471,2018-05-04 09:53:49,-0.17,0.43,-0.18,0.56,-1.35,-0.39,0.4,-2.57,0.07,0.33,-2.44, , , , , ,671.5,671.0,100.0,100.0, , , , , ,, , 
472,2018-05-04 09:53:52,-0.19,0.48,-0.23,0.63,-1.34,-0.41,0.54,-2.66,0.07,0.27,-2.1, , , , , ,671.5,671.0,200.0,344.0, , , , , ,, , 
473,2018-05-04 09:53:55,-0.44,0.24,-0.36,0.43,-1.37,-0.67,0.16,-2.69,-0.27,0.14,-1.76, , , , , ,671.5,671.0,400.0,189.0, , , , , ,, , 
474,2018-05-04 09:53:58,-0.56,0.18,-0.43,0.38,-1.42,-0.85,0.15,-2.77,-0.4,0.01,-1.76, , , , , ,671.5,671.0,600.0,300.0, , , , , ,, , 
475,2018-05-04 09:54:01,-0.22,0.3,-0.36,0.61,-1.48,-0.48,0.23,-2.86,0.17,0.06,-1.77, , , , , ,671.5,671.0,700.0,3705.0, , , , , ,, , 
476,2018-05-04 09:54:04,-0.12,0.35,-0.28,0.57,-1.55,-0.22,0.44,-2.96,0.14,0.04,-1.77, , , , , ,671.5,671.0,800.0,3705.0, , , , , ,, , 
477,2018-05-04 09:54:07,-0.3,0.22,-0.35,0.45,-1.52,-0.52,0.21,-3.06,-0.02,0.01,-1.77, , , , , ,671.5,671.0,1300.0,1004.0, , , , , ,, , 
478,2018-05-04 09:54:10,-0.53,0.08,-0.39,0.29,-1.11,-0.79,0.02,-2.71,-0.4,-0.06,-1.34, , , , , ,670.98,670.95,300.0,100.0, , , , , ,, , 
479,2018-05-04 09:54:13,-0.72,-0.1,-0.43,0.2,-0.95,-0.97,-0.23,-2.53,-0.77,-0.26,-1.19, , , , , ,670.93,670.75,218.0,100.0, , , , , ,, , 
480,2018-05-04 09:54:16,-0.99,-0.34,-0.65,-0.13,-0.83,-1.3,-0.5,-2.38,-1.03,-0.4,-1.06, , , , , ,670.81,670.66,200.0,300.0, , , , , ,, , 
481,2018-05-04 09:54:19,-1.05,-0.39,-0.81,-0.16,-0.94,-1.4,-0.61,-2.38,-0.96,-0.39,-1.21, , , , , ,670.81,670.66,800.0,200.0, , , , , ,, , 
482,2018-05-04 09:54:22,-1.07,-0.51,-1.05,-0.4,-0.81,-1.23,-0.65,-2.18,-0.91,-0.48,-1.27, , , , , ,670.61,670.6,600.0,94.0, , , , , ,, , 
483,2018-05-04 09:54:25,-1.12,-0.6,-1.16,-0.56,-0.82,-1.27,-0.77,-2.15,-0.92,-0.46,-1.44, , , , , ,670.58,670.57,147.0,54.0, , , , , ,, , 
484,2018-05-04 09:54:28,-1.17,-0.55,-1.22,-0.63,-0.79,-1.33,-0.49,-2.1,-0.97,-0.52,-1.58, , , , , ,670.57,670.5,100.0,1000.0, , , , , ,, , 
485,2018-05-04 09:54:31,-1.05,-0.37,-0.97,-0.28,-0.79,-1.26,-0.35,-2.06,-0.92,-0.5,-1.63, , , , , ,670.52,670.47,600.0,100.0, , , , , ,, , 
486,2018-05-04 09:54:34,-0.96,-0.23,-1.02,-0.24,-0.74,-1.2,-0.04,-1.96,-0.66,-0.41,-1.56, , , , , ,670.47,670.33,100.0,100.0, , , , , ,, , 
487,2018-05-04 09:54:37,-0.79,-0.07,-0.93,-0.09,-0.81,-1.15,0.02,-1.9,-0.3,-0.14,-1.57, , , , , ,670.5,670.22,500.0,100.0, , , , , ,, , 
488,2018-05-04 09:54:40,-0.64,-0.08,-0.82,-0.22,-0.88,-0.92,-0.03,-1.85,-0.19,0.02,-1.61, , , , , ,670.45,670.2,100.0,300.0, , , , , ,, , 
489,2018-05-04 09:54:43,-0.61,-0.02,-0.7,-0.12,-1.01,-0.85,-0.06,-1.86,-0.27,0.11,-1.68, , , , , ,670.45,670.2,200.0,423.0, , , , , ,, , 
490,2018-05-04 09:54:46,-0.36,0.19,-0.57,0.12,-1.09,-0.44,0.28,-1.83,-0.08,0.17,-1.7, , , , , ,670.45,670.2,200.0,423.0, , , , , ,, , 
491,2018-05-04 09:54:49,-0.17,0.3,-0.34,0.15,-1.25,-0.25,0.32,-1.89,0.08,0.43,-1.81, , , , , ,670.45,670.27,100.0,100.0, , , , , ,, , 
492,2018-05-04 09:54:52,0.03,0.42,-0.14,0.22,-1.33,-0.1,0.44,-1.89,0.34,0.59,-1.82, , , , , ,670.45,670.27,200.0,66.0, , , , , ,, , 
493,2018-05-04 09:54:55,0.14,0.55,-0.12,0.28,-1.36,-0.08,0.51,-1.89,0.61,0.86,-1.83, , , , , ,670.45,670.27,200.0,166.0, , , , , ,, , 
494,2018-05-04 09:54:58,0.1,0.5,-0.23,0.27,-1.27,0.15,0.53,-1.71,0.38,0.7,-1.67, , , , , ,670.27,670.22,100.0,100.0, , , , , ,, , 
495,2018-05-04 09:55:01,-0.04,0.44,-0.32,0.23,-1.32,-0.18,0.4,-1.69,0.38,0.69,-1.59, , , , , ,670.22,670.21,10.0,105.0, , , , , ,, , 
496,2018-05-04 09:55:04,-0.24,0.24,-0.38,0.09,-1.4,-0.29,0.21,-1.68,-0.04,0.42,-1.59, , , , , ,670.21,670.18,100.0,395.0, , , , , ,, , 
497,2018-05-04 09:55:07,-0.35,0.04,-0.5,-0.11,-1.46,-0.47,-0.02,-1.69,-0.07,0.25,-1.59, , , , , ,670.18,670.15,205.0,4100.0, , , , , ,, , 
498,2018-05-04 09:55:10,-0.4,0.14,-0.55,0.04,-1.75,-0.51,0.16,-2.03,-0.14,0.22,-1.86, , , , , ,670.43,670.21,100.0,500.0, , , , , ,, , 
499,2018-05-04 09:55:13,-0.48,0.08,-0.46,-0.08,-1.56,-0.86,0.09,-1.9,-0.12,0.23,-1.74, , , , , ,670.19,670.18,102.0,100.0, , , , , ,, , 
500,2018-05-04 09:55:16,-0.72,-0.16,-0.66,-0.35,-1.48,-0.91,-0.08,-1.94,-0.59,-0.03,-1.73, , , , , ,670.15,670.12,3081.0,4943.0, , , , , ,, , 
501,2018-05-04 09:55:19,-0.9,-0.31,-0.84,-0.55,-1.4,-1.11,-0.4,-1.95,-0.75,0.03,-1.74, , , , , ,670.13,670.03,1400.0,521.0, , , , , ,, , 
502,2018-05-04 09:55:22,-0.88,-0.32,-0.89,-0.4,-1.29,-0.98,-0.31,-1.95,-0.77,-0.25,-1.73, , , , , ,670.03,670.0,31.0,1700.0, , , , , ,, , 
503,2018-05-04 09:55:25,-0.9,-0.41,-0.86,-0.55,-1.32,-0.91,-0.4,-2.04,-0.92,-0.29,-1.78, , , , , ,670.03,670.0,700.0,1200.0, , , , , ,, , 
504,2018-05-04 09:55:28,-1.1,-0.59,-1.16,-0.78,-1.29,-1.07,-0.58,-2.09,-1.06,-0.4,-1.77, , , , , ,670.0,669.99,1032.0,100.0, , , , , ,, , 
505,2018-05-04 09:55:31,-1.08,-0.5,-0.88,-0.69,-1.29,-1.27,-0.51,-2.16,-1.08,-0.31,-1.81, , , , , ,670.0,669.97,532.0,500.0, , , , , ,, , 
506,2018-05-04 09:55:34,-1.09,-0.51,-1.05,-0.66,-1.17,-1.05,-0.5,-1.97,-1.17,-0.37,-1.69, , , , , ,669.94,669.8,600.0,100.0, , , , , ,, , 
507,2018-05-04 09:55:37,-1.01,-0.49,-0.96,-0.69,-0.98,-0.91,-0.47,-1.77,-1.18,-0.32,-1.46, , , , , ,669.79,669.7,18.0,266.0, , , , , ,, , 
508,2018-05-04 09:55:40,-0.98,-0.42,-0.99,-0.66,-0.89,-0.92,-0.37,-1.65,-1.03,-0.23,-1.31, , , , , ,669.79,669.56,400.0,100.0, , , , , ,, , 
509,2018-05-04 09:55:43,-0.86,-0.39,-0.73,-0.63,-0.9,-0.9,-0.33,-1.65,-0.94,-0.2,-1.21, , , , , ,669.79,669.56,500.0,100.0, , , , , ,, , 
510,2018-05-04 09:55:46,-0.93,-0.44,-0.94,-0.56,-0.61,-0.91,-0.34,-1.4,-0.95,-0.42,-0.85, , , , , ,669.51,669.5,420.0,800.0, , , , , ,, , 
511,2018-05-04 09:55:49,-0.96,-0.39,-0.86,-0.69,-0.61,-1.01,-0.27,-1.38,-1.01,-0.21,-0.85, , , , , ,669.51,669.5,2020.0,319.0, , , , , ,, , 
512,2018-05-04 09:55:52,-1.15,-0.51,-1.25,-0.81,-0.48,-1.2,-0.37,-1.19,-1.0,-0.33,-0.6, , , , , ,669.51,669.33,1301.0,200.0, , , , , ,, , 
513,2018-05-04 09:55:55,-0.98,-0.35,-0.8,-0.56,-0.49,-1.08,-0.2,-1.17,-1.07,-0.29,-0.49, , , , , ,669.51,669.34,1001.0,100.0, , , , , ,, , 
514,2018-05-04 09:55:58,-0.82,-0.3,-0.84,-0.43,-0.48,-0.92,-0.06,-1.11,-0.71,-0.4,-0.38, , , , , ,669.51,669.34,901.0,7.0, , , , , ,, , 
515,2018-05-04 09:56:01,-0.87,-0.38,-0.94,-0.67,-0.34,-0.79,-0.22,-0.9,-0.88,-0.24,-0.08, , , , , ,669.33,669.3,7.0,100.0, , , , , ,, , 
516,2018-05-04 09:56:04,-0.76,-0.21,-0.82,-0.29,-0.12,-0.66,-0.14,-0.56,-0.81,-0.21,0.18, , , , , ,669.29,669.01,200.0,175.0, , , , , ,, , 
517,2018-05-04 09:56:07,-0.6,-0.12,-0.65,-0.34,-0.18,-0.54,0.01,-0.41,-0.61,-0.03,0.18, , , , , ,669.29,669.01,300.0,36.0, , , , , ,, , 
518,2018-05-04 09:56:10,-0.52,-0.03,-0.6,-0.2,-0.28,-0.4,0.16,-0.28,-0.57,-0.05,0.18, , , , , ,669.29,669.0,200.0,3585.0, , , , , ,, , 
519,2018-05-04 09:56:13,-0.54,0.07,-0.55,-0.13,-0.35,-0.32,0.2,-0.16,-0.74,0.16,0.18, , , , , ,669.29,669.0,300.0,3299.0, , , , , ,, , 
520,2018-05-04 09:56:16,-0.3,0.26,-0.26,0.05,-0.46,-0.02,0.5,-0.07,-0.61,0.24,0.2, , , , , ,669.27,669.01,100.0,600.0, , , , , ,, , 
521,2018-05-04 09:56:19,-0.01,0.37,-0.0,0.04,-0.55,0.07,0.69,-0.02,-0.11,0.39,0.21, , , , , ,669.27,669.01,200.0,793.0, , , , , ,, , 
522,2018-05-04 09:56:22,-0.09,0.37,-0.24,0.08,-0.66,0.0,0.67,0.09,-0.02,0.36,0.2, , , , , ,669.29,669.01,1900.0,679.0, , , , , ,, , 
523,2018-05-04 09:56:25,0.02,0.46,-0.16,0.15,-0.75,0.05,0.76,0.26,0.18,0.48,0.22, , , , , ,669.29,669.01,2400.0,1300.0, , , , , ,, , 
524,2018-05-04 09:56:28,0.04,0.48,-0.12,0.23,-0.74,0.06,0.75,0.52,0.19,0.45,0.49, , , , , ,669.16,669.02,400.0,249.0, , , , , ,, , 
525,2018-05-04 09:56:31,0.18,0.49,0.06,0.25,-0.86,0.16,0.76,0.63,0.32,0.46,0.62, , , , , ,669.16,669.08,700.0,100.0, , , , , ,, , 
526,2018-05-04 09:56:34,0.04,0.44,-0.16,0.29,-0.84,0.11,0.75,0.53,0.18,0.29,0.81, , , , , ,669.15,669.08,1900.0,100.0, , , , , ,, , 
527,2018-05-04 09:56:37,-0.03,0.44,-0.2,0.23,-0.68,0.04,0.71,0.52,0.06,0.37,1.14, , , , , ,669.02,669.01,451.0,1500.0, , , , , ,, , 
528,2018-05-04 09:56:40,0.07,0.58,-0.0,0.48,-0.79,0.2,0.78,0.23,0.01,0.47,1.01, , , , , ,669.18,669.02,1300.0,800.0, , , , , ,, , 
529,2018-05-04 09:56:43,0.33,0.69,0.32,0.66,-0.79,0.41,0.77,0.08,0.27,0.63,1.01, , , , , ,669.18,669.02,1500.0,969.0, , , , , ,, , 
530,2018-05-04 09:56:46,0.03,0.45,-0.1,0.29,-0.78,0.2,0.61,0.45,-0.0,0.45,1.02, , , , , ,669.18,669.0,1700.0,2360.0, , , , , ,, , 
531,2018-05-04 09:56:49,-0.03,0.48,-0.09,0.43,-0.77,0.15,0.53,0.77,-0.14,0.48,1.01, , , , , ,669.18,669.02,1600.0,223.0, , , , , ,, , 
532,2018-05-04 09:56:52,-0.02,0.5,0.03,0.41,-0.72,-0.03,0.65,1.1,-0.07,0.43,1.0, , , , , ,669.18,669.02,1800.0,100.0, , , , , ,, , 
533,2018-05-04 09:56:55,-0.01,0.43,0.01,0.37,-0.68,0.02,0.55,1.46,-0.06,0.38,1.01, , , , , ,669.18,669.0,1319.0,583.0, , , , , ,, , 
534,2018-05-04 09:56:58,-0.21,0.22,-0.16,0.14,-0.62,-0.13,0.3,1.46,-0.35,0.22,1.01, , , , , ,669.18,669.0,1419.0,136.0, , , , , ,, , 
535,2018-05-04 09:57:01,-0.2,0.35,-0.08,0.28,-0.6,-0.08,0.44,1.41,-0.44,0.32,1.04, , , , , ,669.18,669.06,1319.0,200.0, , , , , ,, , 
536,2018-05-04 09:57:04,-0.0,0.51,0.05,0.53,-0.38,0.01,0.67,1.53,-0.07,0.34,1.17, , , , , ,669.06,669.01,300.0,9.0, , , , , ,, , 
537,2018-05-04 09:57:07,0.05,0.47,0.1,0.46,-0.23,0.08,0.62,1.54,-0.04,0.32,1.1, , , , , ,669.06,669.0,2000.0,3038.0, , , , , ,, , 
538,2018-05-04 09:57:10,-0.09,0.34,-0.13,0.35,0.03,0.06,0.42,1.69,-0.21,0.24,1.08, , , , , ,668.94,668.93,600.0,100.0, , , , , ,, , 
539,2018-05-04 09:57:13,-0.5,0.13,-0.57,0.14,0.3,-0.36,0.07,1.81,-0.56,0.2,0.91, , , , , ,668.87,668.8,1000.0,100.0, , , , , ,, , 
540,2018-05-04 09:57:16,-0.5,0.17,-0.57,0.17,0.38,-0.34,0.12,1.77,-0.59,0.23,0.62, , , , , ,668.88,668.8,500.0,100.0, , , , , ,, , 
541,2018-05-04 09:57:19,-0.62,-0.14,-0.89,-0.19,0.61,-0.4,-0.26,1.79,-0.56,0.04,0.59, , , , , ,668.74,668.7,300.0,100.0, , , , , ,, , 
542,2018-05-04 09:57:22,-0.69,-0.17,-0.85,-0.21,0.75,-0.37,-0.28,1.56,-0.85,-0.02,0.45, , , , , ,668.73,668.7,100.0,100.0, , , , , ,, , 
543,2018-05-04 09:57:25,-0.68,-0.09,-0.88,-0.18,1.12,-0.36,-0.07,1.56,-0.8,-0.01,0.57, , , , , ,668.64,668.51,100.0,2000.0, , , , , ,, , 
544,2018-05-04 09:57:28,-0.59,0.06,-0.76,0.03,1.29,-0.32,0.04,1.34,-0.7,0.12,0.46, , , , , ,668.64,668.51,300.0,2068.0, , , , , ,, , 
545,2018-05-04 09:57:31,-0.82,-0.1,-1.05,-0.37,1.55,-0.53,-0.0,1.34,-0.87,0.06,0.45, , , , , ,668.51,668.5,2019.0,500.0, , , , , ,, , 
546,2018-05-04 09:57:34,-0.89,-0.2,-1.03,-0.52,1.44,-0.75,-0.19,1.27,-0.87,0.1,0.33, , , , , ,668.51,668.5,1019.0,252.0, , , , , ,, , 
547,2018-05-04 09:57:37,-0.2,0.4,-0.17,0.25,1.11,-0.04,0.49,1.03,-0.4,0.46,0.03, , , , , ,668.73,668.51,100.0,3833.0, , , , , ,, , 
548,2018-05-04 09:57:40,0.29,0.81,0.12,0.58,0.95,0.5,0.86,0.94,0.25,0.98,-0.08, , , , , ,668.73,668.51,100.0,3933.0, , , , , ,, , 
549,2018-05-04 09:57:43,0.34,0.82,0.2,0.64,0.96,0.47,0.94,1.02,0.35,0.89,-0.09, , , , , ,668.52,668.51,4100.0,2200.0, , , , , ,, , 
550,2018-05-04 09:57:46,0.24,0.77,0.14,0.62,1.31,0.34,0.88,1.0,0.24,0.79,-0.28, , , , , ,668.52,668.51,1100.0,1587.0, , , , , ,, , 
551,2018-05-04 09:57:49,0.28,0.84,0.16,0.73,1.48,0.44,0.98,0.78,0.26,0.81,-0.64, , , , , ,668.73,668.51,100.0,1187.0, , , , , ,, , 
552,2018-05-04 09:57:52,0.27,0.77,0.21,0.68,1.74,0.36,0.86,0.69,0.24,0.78,-0.99, , , , , ,668.73,668.62,100.0,100.0, , , , , ,, , 
553,2018-05-04 09:57:55,0.42,0.88,0.38,0.83,2.08,0.58,1.09,0.69,0.31,0.73,-1.31, , , , , ,668.73,668.62,200.0,91.0, , , , , ,, , 
554,2018-05-04 09:57:58,0.4,0.96,0.44,0.99,2.22,0.55,1.17,0.82,0.22,0.73,-1.48, , , , , ,668.62,668.54,100.0,1358.0, , , , , ,, , 
555,2018-05-04 09:58:01,0.62,1.14,0.55,1.15,1.92,0.91,1.41,0.55,0.4,0.87,-2.08, , , , , ,668.94,668.62,100.0,423.0, , , , , ,, , 
556,2018-05-04 09:58:04,0.69,1.17,0.65,1.17,1.83,0.95,1.39,0.43,0.46,0.96,-2.42, , , , , ,668.94,668.73,100.0,200.0, , , , , ,, , 
557,2018-05-04 09:58:07,0.73,1.15,0.71,1.25,1.71,1.01,1.18,0.27,0.49,1.02,-2.73,500.0,668.94,668.94,500.0,581.0,668.94,668.9,300.0,1500.0, , , ,2018-05-04 09:58:07.652000,2018-05-04 09:58:10.130000,, , 
558,2018-05-04 09:58:10,0.71,1.25,0.74,1.37,1.64,0.83,1.24,0.15,0.54,1.15,-3.0, , , , , ,669.0,668.94,500.0,300.0, , , , , ,, , 
559,2018-05-04 09:58:13,0.76,1.34,0.73,1.48,1.41,0.8,1.25,-0.13,0.74,1.27,-3.58, , , , , ,669.2,669.01,100.0,1600.0, , , , , ,, , 
560,2018-05-04 09:58:16,0.68,1.21,0.73,1.29,1.31,0.75,1.2,-0.26,0.55,1.14,-3.87, , , , , ,669.2,669.1,200.0,200.0, , , , , ,, , 
561,2018-05-04 09:58:19,0.58,0.95,0.63,1.12,1.15,0.76,1.07,-0.35,0.35,0.65,-4.15, , , , , ,669.2,669.1,200.0,67.0, , , , , ,, , 
562,2018-05-04 09:58:22,0.52,0.9,0.65,1.08,0.97,0.61,1.12,-0.38,0.29,0.5,-4.34, , , , , ,669.2,669.02,200.0,67.0, , , , , ,, , 
563,2018-05-04 09:58:25,0.1,0.63,0.19,0.89,0.24,0.17,0.64,-0.93,-0.06,0.36,-4.99, , , , , ,669.7,669.2,100.0,100.0, , , , , ,, , 
564,2018-05-04 09:58:28,-0.38,0.38,-0.29,0.57,-0.17,-0.32,0.36,-1.17,-0.51,0.22,-5.52, , , , , ,669.98,669.2,3815.0,647.0, , , , , ,, , 
565,2018-05-04 09:58:31,-0.36,0.4,-0.16,0.66,-0.28,-0.3,0.41,-1.22,-0.62,0.13,-5.65, , , , , ,669.98,669.2,4415.0,247.0, , , , , ,, , 
566,2018-05-04 09:58:34,-0.31,0.39,-0.15,0.71,-0.28,-0.2,0.34,-1.19,-0.59,0.12,-5.76, , , , , ,669.98,669.1,4415.0,234.0, , , , , ,, , 
567,2018-05-04 09:58:37,-0.22,0.31,0.06,0.7,0.23,-0.05,0.28,-0.57,-0.68,-0.05,-5.33, , , , , ,669.2,669.1,200.0,305.0, , , , , ,, , 
568,2018-05-04 09:58:40,-0.16,0.28,0.04,0.68,0.12,0.17,0.36,-0.54,-0.68,-0.18,-5.43, , , , , ,669.2,669.13,1300.0,100.0, , , , , ,, , 
569,2018-05-04 09:58:43,-0.24,0.2,-0.15,0.61,0.04,0.17,0.24,-0.45,-0.75,-0.24,-5.46, , , , , ,669.2,669.13,500.0,1000.0, , , , , ,, , 
570,2018-05-04 09:58:46,-0.16,0.37,0.04,0.83,0.07,0.04,0.45,-0.31,-0.56,-0.18,-5.39, , , , , ,669.15,669.13,200.0,500.0, , , , , ,, , 
571,2018-05-04 09:58:49,-0.62,0.2,-0.74,0.69,-1.39,-0.5,0.2,-1.71,-0.63,-0.29,-6.53, , , , , ,670.15,670.0,981.0,485.0, , , , , ,, , 
572,2018-05-04 09:58:52,-0.83,0.19,-0.76,0.62,-1.4,-0.78,0.23,-1.58,-0.95,-0.29,-6.29, , , , , ,670.15,670.0,1281.0,85.0, , , , , ,, , 
573,2018-05-04 09:58:55,-0.7,0.23,-0.64,0.69,-1.39,-0.42,0.28,-1.45,-1.05,-0.29,-6.11, , , , , ,670.15,669.98,1281.0,2682.0, , , , , ,, , 
574,2018-05-04 09:58:58,-0.68,0.16,-0.67,0.54,-1.4,-0.4,0.15,-1.33,-0.96,-0.22,-5.95, , , , , ,670.15,669.98,1481.0,2482.0, , , , , ,, , 
575,2018-05-04 09:59:01,-0.91,-0.1,-0.89,0.26,-1.36,-0.69,-0.14,-1.2,-1.17,-0.41,-5.77, , , , , ,670.13,670.0,100.0,100.0, , , , , ,, , 
576,2018-05-04 09:59:04,-1.0,-0.18,-0.76,0.07,-1.41,-0.79,-0.21,-1.19,-1.45,-0.39,-5.6,-500.0,670.11,0.0,-0.0,581.0,670.13,670.0,300.0,500.0, , , ,2018-05-04 09:59:04.635000,2018-05-04 09:59:08.135000,, , 
577,2018-05-04 09:59:07,-1.01,-0.26,-0.88,0.08,-1.43,-0.64,-0.36,-1.18,-1.51,-0.48,-5.51,-500.0,670.09,670.09,-100.0,481.0,670.11,670.0,500.0,409.0, , , ,2018-05-04 09:59:08.136000,2018-05-04 09:59:11.176000,, , 
578,2018-05-04 09:59:10,-0.8,-0.2,-0.71,0.15,-1.49,-0.47,-0.31,-1.21,-1.22,-0.44,-5.54, , , , , ,670.09,670.05,400.0,100.0, , , , , ,, , 
579,2018-05-04 09:59:13,-0.94,-0.32,-0.83,0.07,-1.56,-0.72,-0.44,-1.2,-1.26,-0.6,-5.54,-400.0,670.06,670.06,-300.0,181.0,670.08,670.05,1200.0,400.0, , , ,2018-05-04 09:59:13.671000,2018-05-04 09:59:17.194000,, , 
580,2018-05-04 09:59:16,-1.08,-0.4,-0.82,-0.08,-1.51,-0.86,-0.43,-1.06,-1.55,-0.69,-5.35,-100.0,669.98,669.98,-100.0,81.0,669.99,669.98,655.0,2153.0,163.02,0.49, ,2018-05-04 09:59:17.195000,2018-05-04 09:59:18.060000,, , 
581,2018-05-04 09:59:19,-1.3,-0.56,-1.14,-0.13,-1.59,-1.1,-0.61,-1.05,-1.66,-0.93,-5.17, , , , , ,669.99,669.98,655.0,553.0, , , , , ,, , 
582,2018-05-04 09:59:22,-1.28,-0.59,-0.98,-0.21,-1.17,-1.32,-0.62,-0.53,-1.55,-0.93,-4.38, , , , , ,669.98,669.3,1147.0,100.0, , , , , ,, , 
583,2018-05-04 09:59:25,-1.25,-0.59,-0.82,-0.23,-0.89,-1.52,-0.57,-0.18,-1.42,-0.98,-3.94, , , , , ,669.53,669.3,300.0,200.0, , , , , ,, , 
584,2018-05-04 09:59:28,-1.1,-0.47,-0.83,-0.13,-0.91,-1.08,-0.45,0.01,-1.39,-0.83,-3.92, , , , , ,669.53,669.3,400.0,74.0, , , , , ,, , 
585,2018-05-04 09:59:31,-1.05,-0.43,-0.84,-0.09,-0.96,-0.97,-0.46,0.19,-1.34,-0.76,-3.96, , , , , ,669.53,669.3,200.0,100.0, , , , , ,, , 
586,2018-05-04 09:59:34,-0.96,-0.32,-0.74,-0.11,-0.94,-0.86,-0.36,0.45,-1.29,-0.5,-3.98, , , , , ,669.53,669.2,400.0,700.0, , , , , ,, , 
587,2018-05-04 09:59:37,-0.96,-0.31,-0.66,-0.09,-0.68,-0.99,-0.3,0.82,-1.24,-0.56,-3.88, , , , , ,669.25,669.2,200.0,895.0, , , , , ,, , 
588,2018-05-04 09:59:40,-0.94,-0.28,-0.58,-0.12,-0.64,-1.03,-0.25,0.82,-1.21,-0.48,-3.77, , , , , ,669.25,669.2,200.0,868.0, , , , , ,, , 
589,2018-05-04 09:59:43,-1.09,-0.38,-0.69,-0.23,-0.45,-1.15,-0.4,0.91,-1.44,-0.51,-3.53, , , , , ,669.19,669.15,100.0,500.0, , , , , ,, , 
590,2018-05-04 09:59:46,-0.99,-0.25,-0.61,-0.19,-0.35,-1.05,-0.27,0.91,-1.32,-0.3,-3.32, , , , , ,669.19,669.15,100.0,700.0, , , , , ,, , 
591,2018-05-04 09:59:49,-1.04,-0.32,-0.73,-0.27,-0.35,-1.06,-0.27,0.91,-1.32,-0.43,-3.12, , , , , ,669.19,669.15,100.0,400.0, , , , , ,, , 
592,2018-05-04 09:59:52,-1.08,-0.31,-0.75,-0.26,-0.07,-1.11,-0.35,1.06,-1.38,-0.32,-2.91, , , , , ,669.1,669.02,133.0,200.0, , , , , ,, , 
593,2018-05-04 09:59:55,-0.91,-0.21,-0.56,-0.17,-0.1,-1.03,-0.14,0.92,-1.12,-0.33,-3.01, , , , , ,669.2,669.11,200.0,1363.0, , , , , ,, , 
594,2018-05-04 09:59:58,-1.05,-0.32,-0.65,-0.32,0.03,-1.29,-0.26,0.91,-1.2,-0.39,-3.0, , , , , ,669.2,669.11,400.0,63.0, , , , , ,, , 
595,2018-05-04 10:00:01,-1.25,-0.48,-0.68,-0.38,0.17,-1.55,-0.33,1.0,-1.51,-0.73,-2.99, , , , , ,669.18,669.11,100.0,63.0, , , , , ,, , 
596,2018-05-04 10:00:04,-1.16,-0.46,-0.67,-0.36,0.18,-1.39,-0.32,1.0,-1.42,-0.7,-3.03, , , , , ,669.18,669.11,300.0,63.0, , , , , ,, , 
597,2018-05-04 10:00:07,-1.01,-0.43,-0.63,-0.29,0.32,-1.11,-0.22,1.07,-1.28,-0.78,-2.92, , , , , ,669.1,669.0,63.0,1363.0, , , , , ,, , 
598,2018-05-04 10:00:10,-0.92,-0.29,-0.65,-0.24,0.32,-0.93,-0.13,0.91,-1.19,-0.49,-2.9, , , , , ,669.1,669.0,200.0,1307.0, , , , , ,, , 
599,2018-05-04 10:00:13,-0.99,-0.36,-0.73,-0.3,0.35,-1.01,-0.17,0.61,-1.24,-0.6,-2.88, , , , , ,669.11,668.95,100.0,2700.0, , , , , ,, , 
600,2018-05-04 10:00:16,-1.15,-0.52,-0.89,-0.51,0.48,-1.23,-0.42,0.47,-1.32,-0.63,-2.78, , , , , ,668.95,668.94,900.0,200.0, , , , , ,, , 
601,2018-05-04 10:00:19,-1.35,-0.71,-0.98,-0.61,0.6,-1.6,-0.74,0.36,-1.46,-0.79,-2.74,-400.0,668.87,668.87,-100.0,-19.0,668.88,668.87,100.0,100.0, , , ,2018-05-04 10:00:19.689000,2018-05-04 10:00:22.938000,, , 
602,2018-05-04 10:00:22,-1.3,-0.7,-0.9,-0.62,0.71,-1.53,-0.69,0.32,-1.46,-0.79,-2.76, , , , , ,668.87,668.74,300.0,1000.0, , , , , ,, , 
603,2018-05-04 10:00:25,-1.35,-0.71,-0.94,-0.54,0.73,-1.63,-0.74,0.23,-1.48,-0.86,-2.79, , , , , ,668.87,668.74,300.0,200.0, , , , , ,, , 
604,2018-05-04 10:00:28,-1.37,-0.7,-1.0,-0.49,0.92,-1.59,-0.74,0.12,-1.52,-0.87,-2.9, , , , , ,668.87,668.74,300.0,200.0, , , , , ,, , 
605,2018-05-04 10:00:31,-1.2,-0.48,-0.7,-0.28,1.1,-1.53,-0.52,0.01,-1.36,-0.63,-2.94, , , , , ,668.87,668.73,49.0,415.0, , , , , ,, , 
606,2018-05-04 10:00:34,-1.05,-0.39,-0.64,-0.28,1.47,-1.21,-0.49,0.07,-1.3,-0.4,-2.76, , , , , ,668.69,668.66,234.0,100.0, , , , , ,, , 
607,2018-05-04 10:00:37,-0.93,-0.22,-0.64,-0.2,1.64,-0.99,-0.28,-0.06,-1.14,-0.18,-2.83, , , , , ,668.69,668.67,634.0,100.0, , , , , ,, , 
608,2018-05-04 10:00:40,-0.6,-0.01,-0.43,-0.04,1.27,-0.54,-0.02,-0.54,-0.83,0.03,-3.17, , , , , ,668.95,668.9,300.0,974.0, , , , , ,, , 
609,2018-05-04 10:00:43,-0.56,0.05,-0.42,0.03,1.27,-0.56,0.14,-0.7,-0.7,-0.02,-3.18, , , , , ,668.95,668.9,700.0,774.0, , , , , ,, , 
610,2018-05-04 10:00:46,-0.53,0.1,-0.41,0.04,1.24,-0.52,0.16,-0.93,-0.67,0.09,-3.21, , , , , ,668.95,668.94,800.0,100.0, , , , , ,, , 
611,2018-05-04 10:00:49,-0.4,0.17,-0.36,0.21,1.24,-0.29,0.28,-1.12,-0.54,0.01,-3.21, , , , , ,668.95,668.94,800.0,400.0, , , , , ,, , 
612,2018-05-04 10:00:52,-0.27,0.26,-0.23,0.31,1.27,-0.05,0.41,-1.36,-0.55,0.05,-3.19, , , , , ,668.95,668.9,600.0,1203.0, , , , , ,, , 
613,2018-05-04 10:00:55,-0.36,0.35,-0.38,0.41,0.79,-0.17,0.52,-2.15,-0.52,0.13,-3.59, , , , , ,669.53,668.95,100.0,200.0, , , , , ,, , 
614,2018-05-04 10:00:58,-0.32,0.45,-0.31,0.52,0.74,-0.09,0.59,-2.5,-0.58,0.25,-3.71, , , , , ,669.53,669.0,400.0,800.0, , , , , ,, , 
615,2018-05-04 10:01:01,-0.27,0.59,-0.28,0.7,0.82,-0.1,0.71,-2.79,-0.44,0.37,-3.83, , , , , ,669.53,669.0,400.0,1000.0, , , , , ,, , 
616,2018-05-04 10:01:04,-0.27,0.59,-0.27,0.74,0.82,0.05,0.72,-3.06,-0.58,0.31,-3.94, , , , , ,669.53,669.0,500.0,881.0, , , , , ,, , 
617,2018-05-04 10:01:07,-0.35,0.49,-0.37,0.77,0.75,-0.16,0.47,-3.25,-0.53,0.24,-3.94, , , , , ,669.53,669.0,500.0,781.0, , , , , ,, , 
618,2018-05-04 10:01:10,-0.3,0.51,-0.3,0.78,0.59,-0.11,0.53,-3.45,-0.5,0.21,-3.86, , , , , ,669.53,669.0,400.0,781.0, , , , , ,, , 
619,2018-05-04 10:01:13,-0.2,0.46,-0.21,0.8,0.27,-0.04,0.37,-3.83,-0.36,0.2,-3.69, , , , , ,669.53,669.0,600.0,1663.0, , , , , ,, , 
620,2018-05-04 10:01:16,-0.32,0.31,-0.32,0.62,-0.01,-0.12,0.23,-4.04,-0.52,0.07,-3.52, , , , , ,669.53,669.0,700.0,1163.0, , , , , ,, , 
621,2018-05-04 10:01:19,-0.34,0.3,-0.24,0.72,-0.26,-0.2,0.16,-4.36,-0.58,0.02,-3.56, , , , , ,669.53,669.05,600.0,2000.0, , , , , ,, , 
622,2018-05-04 10:01:22,-0.13,0.5,-0.09,0.88,-0.4,0.14,0.4,-4.61,-0.43,0.21,-3.56, , , , , ,669.53,669.05,100.0,2400.0, , , , , ,, , 
623,2018-05-04 10:01:25,-0.03,0.43,0.07,0.77,-0.49,0.11,0.29,-4.75,-0.27,0.22,-3.63, , , , , ,669.53,669.05,100.0,1649.0, , , , , ,, , 
624,2018-05-04 10:01:28,-0.1,0.45,-0.02,0.76,-0.65,0.17,0.39,-5.11,-0.44,0.19,-3.75, , , , , ,669.53,669.1,100.0,200.0, , , , , ,, , 
625,2018-05-04 10:01:31,-0.23,0.41,-0.26,0.77,-1.46,0.07,0.35,-5.93,-0.51,0.12,-4.51, , , , , ,669.97,669.58,100.0,226.0, , , , , ,, , 
626,2018-05-04 10:01:34,-0.29,0.34,-0.22,0.7,-1.57,-0.15,0.27,-6.11,-0.51,0.05,-4.45, , , , , ,669.97,669.58,200.0,600.0, , , , , ,, , 
627,2018-05-04 10:01:37,-0.31,0.34,-0.15,0.72,-1.69,-0.2,0.24,-6.26,-0.58,0.06,-4.43, , , , , ,669.97,669.58,200.0,836.0, , , , , ,, , 
628,2018-05-04 10:01:40,-0.21,0.43,-0.04,0.88,-1.8,-0.01,0.3,-6.33,-0.59,0.13,-4.4, , , , , ,669.97,669.58,200.0,1036.0, , , , , ,, , 
629,2018-05-04 10:01:43,-0.23,0.5,-0.06,0.89,-1.97,0.02,0.4,-6.37,-0.65,0.21,-4.36, , , , , ,669.97,669.58,300.0,1331.0, , , , , ,, , 
630,2018-05-04 10:01:46,-0.28,0.48,-0.1,0.88,-2.17,-0.06,0.44,-6.33,-0.66,0.14,-4.38, , , , , ,669.97,669.58,700.0,1531.0, , , , , ,, , 
631,2018-05-04 10:01:49,-0.31,0.24,-0.13,0.6,-2.37,-0.01,0.17,-6.08,-0.79,-0.05,-4.33, , , , , ,669.97,669.58,800.0,893.0, , , , , ,, , 
632,2018-05-04 10:01:52,-0.45,0.21,-0.19,0.59,-2.63,-0.2,0.16,-5.84,-0.96,-0.13,-4.39, , , , , ,669.97,669.58,400.0,993.0, , , , , ,, , 
633,2018-05-04 10:01:55,-0.53,0.19,-0.09,0.62,-2.94,-0.4,0.01,-5.67,-1.09,-0.07,-4.35, , , , , ,669.95,669.58,100.0,593.0, , , , , ,, , 
634,2018-05-04 10:01:58,-0.72,-0.1,-0.29,0.22,-3.25,-0.62,-0.21,-5.5,-1.23,-0.33,-4.31, , , , , ,669.95,669.58,500.0,100.0, , , , , ,, , 
635,2018-05-04 10:02:01,-0.89,-0.3,-0.53,0.02,-3.52,-0.81,-0.39,-5.3,-1.35,-0.52,-4.32, , , , , ,669.95,669.55,400.0,100.0, , , , , ,, , 
636,2018-05-04 10:02:04,-0.77,-0.23,-0.43,0.16,-4.13,-0.6,-0.31,-5.48,-1.28,-0.55,-4.63, , , , , ,669.99,669.98,208.0,100.0, , , , , ,, , 
637,2018-05-04 10:02:07,-0.83,-0.22,-0.41,0.13,-4.0,-0.76,-0.33,-5.08,-1.33,-0.45,-4.32, , , , , ,669.93,669.6,100.0,700.0, , , , , ,, , 
638,2018-05-04 10:02:10,-0.84,-0.32,-0.56,-0.04,-3.89,-0.77,-0.41,-4.79,-1.19,-0.51,-4.08, , , , , ,669.6,669.53,1300.0,400.0, , , , , ,, , 
639,2018-05-04 10:02:13,-1.0,-0.32,-0.6,-0.03,-3.92,-1.0,-0.38,-4.45,-1.41,-0.55,-3.71, , , , , ,669.53,669.12,100.0,100.0, , , , , ,, , 
640,2018-05-04 10:02:16,-0.93,-0.2,-0.6,0.24,-3.81,-0.82,-0.05,-4.05,-1.37,-0.8,-3.38, , , , , ,669.12,669.11,500.0,100.0, , , , , ,, , 
641,2018-05-04 10:02:19,-0.92,-0.31,-0.56,0.07,-3.96,-0.92,-0.09,-3.75,-1.29,-0.9,-3.29, , , , , ,669.05,669.01,676.0,100.0, , , , , ,, , 
642,2018-05-04 10:02:22,-1.14,-0.44,-0.79,-0.27,-4.18,-1.21,-0.13,-3.44,-1.43,-0.92,-3.18, , , , , ,669.01,669.0,900.0,1924.0, , , , , ,, , 
643,2018-05-04 10:02:25,-1.76,-1.02,-1.33,-0.99,-4.24,-1.97,-0.93,-3.23,-1.97,-1.13,-3.1,-500.0,668.93,668.93,-500.0,-519.0,668.94,668.93,100.0,100.0, , , ,2018-05-04 10:02:25.657000,2018-05-04 10:02:28.371000,, , 
644,2018-05-04 10:02:28,-2.0,-1.25,-1.55,-1.42,-4.43,-2.25,-1.12,-3.09,-2.21,-1.22,-3.01,-500.0,668.85,0.0,-0.0,-519.0,668.87,668.85,1100.0,100.0, , , ,2018-05-04 10:02:28.665000,2018-05-04 10:02:32.426000,, , 
645,2018-05-04 10:02:31,-2.04,-1.22,-1.59,-1.38,-4.4,-2.25,-1.03,-2.95,-2.29,-1.26,-2.85, , , , , ,668.79,668.7,1000.0,200.0, , , , , ,, , 
646,2018-05-04 10:02:34,-1.82,-1.08,-1.47,-1.15,-4.47,-2.18,-0.93,-2.94,-1.81,-1.15,-2.83, , , , , ,668.7,668.64,11.0,100.0, , , , , ,, , 
647,2018-05-04 10:02:37,-1.7,-1.07,-1.4,-1.05,-4.54,-1.93,-1.08,-2.97,-1.77,-1.09,-2.84, , , , , ,668.64,668.6,300.0,23.0, , , , , ,, , 
648,2018-05-04 10:02:40,-1.8,-1.15,-1.36,-1.31,-4.46,-2.1,-1.09,-2.72,-1.93,-1.06,-2.69,-500.0,668.5,0.0,-0.0,-519.0,668.54,668.5,500.0,1100.0, , , ,2018-05-04 10:02:40.654000,2018-05-04 10:02:43.965000,, , 
649,2018-05-04 10:02:43,-2.01,-1.26,-1.67,-1.32,-4.42,-2.24,-1.11,-2.48,-2.13,-1.34,-2.6, , , , , ,668.5,668.43,8900.0,300.0, , , , , ,, , 
650,2018-05-04 10:02:46,-2.12,-1.31,-1.79,-1.42,-4.03,-2.5,-1.14,-1.92,-2.06,-1.38,-2.26,-500.0,668.1,668.1,-200.0,-719.0,668.35,668.1,100.0,100.0, , , ,2018-05-04 10:02:46.688000,2018-05-04 10:02:49.981000,, , 
651,2018-05-04 10:02:49,-1.89,-1.19,-1.54,-1.22,-3.57,-2.11,-1.0,-1.5,-2.03,-1.34,-2.0, , , , , ,668.09,668.08,100.0,300.0, , , , , ,, , 
652,2018-05-04 10:02:52,-1.96,-1.24,-1.66,-1.42,-3.19,-2.12,-1.11,-1.31,-2.1,-1.19,-1.86,-500.0,667.99,0.0,-0.0,-719.0,668.0,667.99,1012.0,100.0, , , ,2018-05-04 10:02:52.699000,2018-05-04 10:02:56.498000,, , 
653,2018-05-04 10:02:55,-1.99,-1.18,-2.0,-1.27,-2.66,-2.0,-1.0,-0.91,-1.98,-1.28,-1.42, , , , , ,667.79,667.7,400.0,100.0, , , , , ,, , 
654,2018-05-04 10:02:58,-1.72,-0.88,-1.99,-0.97,-1.92,-1.51,-0.62,-0.34,-1.65,-1.06,-0.78, , , , , ,667.43,667.3,200.0,100.0, , , , , ,, , 
655,2018-05-04 10:03:01,-1.57,-0.49,-1.85,-0.6,-1.59,-1.33,-0.15,-0.17,-1.53,-0.7,-0.7, , , , , ,667.3,667.22,100.0,2800.0, , , , , ,, , 
656,2018-05-04 10:03:04,-1.82,-1.11,-2.17,-1.69,-1.34,-1.56,-0.78,-0.13,-1.73,-0.86,-0.69, , , , , ,667.21,667.2,4100.0,107.0, , , , , ,, , 
657,2018-05-04 10:03:07,-1.95,-1.16,-2.39,-1.64,-0.99,-1.71,-0.75,0.11,-1.77,-1.09,-0.56, , , , , ,667.05,667.0,100.0,1900.0, , , , , ,, , 
658,2018-05-04 10:03:10,-1.79,-1.11,-2.24,-1.61,-0.77,-1.45,-0.67,0.36,-1.69,-1.06,-0.47, , , , , ,666.94,666.8,600.0,100.0, , , , , ,, , 
659,2018-05-04 10:03:13,-1.7,-1.09,-2.33,-1.68,-0.59,-1.25,-0.5,0.53,-1.51,-1.09,-0.21, , , , , ,666.94,666.55,700.0,400.0, , , , , ,, , 
660,2018-05-04 10:03:16,-1.42,-0.86,-1.77,-1.32,0.33,-1.07,-0.36,1.35,-1.43,-0.91,0.7, , , , , ,666.19,666.18,100.0,100.0, , , , , ,, , 
661,2018-05-04 10:03:19,-1.18,-0.36,-1.63,-0.68,0.09,-0.92,0.29,0.89,-1.0,-0.69,0.37, , , , , ,666.8,666.11,600.0,2900.0, , , , , ,, , 
662,2018-05-04 10:03:22,-0.89,-0.05,-0.94,-0.38,0.89,-0.56,0.37,1.27,-1.18,-0.15,0.95, , , , , ,666.12,666.11,1900.0,533.0, , , , , ,, , 
663,2018-05-04 10:03:25,-1.01,0.1,-1.32,-0.3,1.08,-0.65,0.47,1.32,-1.04,0.13,0.97, , , , , ,666.12,666.0,1600.0,133.0, , , , , ,, , 
664,2018-05-04 10:03:28,-0.55,0.44,-0.99,0.07,1.51,0.03,0.76,1.61,-0.69,0.5,1.31, , , , , ,665.8,665.78,300.0,500.0, , , , , ,, , 
665,2018-05-04 10:03:31,-0.35,0.54,-1.03,0.27,1.72,0.25,0.98,1.81,-0.27,0.37,1.48, , , , , ,665.72,665.53,100.0,100.0, , , , , ,, , 
666,2018-05-04 10:03:34,0.04,0.82,-0.31,0.76,1.44,0.51,1.02,1.64,-0.09,0.67,1.23, , , , , ,665.95,665.53,800.0,53.0, , , , , ,, , 
667,2018-05-04 10:03:37,0.14,0.9,-0.5,0.85,1.58,0.66,1.03,1.81,0.27,0.84,1.46,800.0,665.23,0.0,0.0,-719.0,665.95,665.21,519.0,200.0, , , ,2018-05-04 10:03:37.695000,2018-05-04 10:03:41.164000,, , 
668,2018-05-04 10:03:40,0.61,1.07,0.38,1.12,1.98,1.02,1.06,2.13,0.44,1.04,1.73,800.0,665.25,665.237,177.0,-542.0,665.53,665.23,100.0,800.0, , , ,2018-05-04 10:03:41.164000,2018-05-04 10:03:44.185000,, , 
669,2018-05-04 10:03:43,0.88,1.27,0.64,1.39,2.05,1.26,1.29,2.04,0.73,1.15,1.64,600.0,665.53,665.53,100.0,-442.0,665.53,665.35,100.0,1500.0, , , ,2018-05-04 10:03:44.186000,2018-05-04 10:03:47.208000,, , 
670,2018-05-04 10:03:46,1.05,1.44,1.02,1.64,1.94,1.33,1.46,1.71,0.82,1.21,1.27,500.0,665.78,665.78,500.0,58.0,665.78,665.53,100.0,600.0,17156.13,32.07, ,2018-05-04 10:03:47.208000,2018-05-04 10:03:48.457000,, , 
671,2018-05-04 10:03:49,0.98,1.49,0.81,1.74,2.15,1.16,1.53,1.71,0.95,1.21,1.2,500.0,665.78,665.78,500.0,558.0,665.78,665.54,400.0,500.0, , , ,2018-05-04 10:03:49.716000,2018-05-04 10:03:50.449000,, , 
672,2018-05-04 10:03:52,0.92,1.49,0.93,1.64,1.59,1.07,1.49,1.11,0.77,1.34,0.55, , , , , ,666.11,666.0,800.0,2000.0, , , , , ,, , 
673,2018-05-04 10:03:55,0.76,1.42,0.94,1.59,1.59,0.74,1.48,1.14,0.6,1.19,0.42, , , , , ,666.11,666.05,900.0,100.0, , , , , ,, , 
674,2018-05-04 10:03:58,0.72,1.45,1.07,1.68,1.58,0.75,1.58,1.04,0.34,1.11,0.35, , , , , ,666.11,666.06,1100.0,500.0, , , , , ,, , 
675,2018-05-04 10:04:01,0.67,1.41,1.04,1.67,1.58,0.61,1.53,0.92,0.35,1.02,0.28, , , , , ,666.11,666.08,500.0,200.0, , , , , ,, , 
676,2018-05-04 10:04:04,0.45,1.29,0.65,1.46,0.89,0.52,1.38,0.16,0.19,1.03,-0.43, , , , , ,667.0,666.06,100.0,400.0, , , , , ,, , 
677,2018-05-04 10:04:07,0.24,1.05,0.49,1.14,0.84,0.22,1.09,0.14,0.01,0.91,-0.47, , , , , ,667.0,666.08,300.0,100.0, , , , , ,, , 
678,2018-05-04 10:04:10,0.35,1.02,0.85,1.17,1.23,0.35,1.25,0.59,-0.15,0.65,-0.12, , , , , ,666.5,666.08,100.0,400.0, , , , , ,, , 
679,2018-05-04 10:04:13,0.37,0.98,0.79,1.28,1.55,0.39,1.22,1.1,-0.08,0.43,0.18, , , , , ,666.07,666.06,21.0,924.0, , , , , ,, , 
680,2018-05-04 10:04:16,0.2,0.87,0.45,1.11,0.87,0.29,1.05,0.61,-0.15,0.46,-0.51, , , , , ,666.9,666.11,1200.0,4741.0, , , , , ,, , 
681,2018-05-04 10:04:19,-0.01,0.75,0.26,0.96,0.45,-0.05,0.81,0.24,-0.26,0.47,-0.96, , , , , ,667.0,666.5,1000.0,1000.0, , , , , ,, , 
682,2018-05-04 10:04:22,0.14,0.68,0.37,1.0,0.31,0.05,0.73,0.24,0.0,0.32,-1.05, , , , , ,667.0,666.5,500.0,896.0, , , , , ,, , 
683,2018-05-04 10:04:25,0.02,0.57,0.18,1.03,0.2,-0.09,0.6,0.07,-0.04,0.08,-1.26, , , , , ,667.0,666.62,700.0,100.0, , , , , ,, , 
684,2018-05-04 10:04:28,-0.32,0.42,-0.19,0.65,0.09,-0.41,0.4,-0.01,-0.37,0.21,-1.42, , , , , ,667.0,666.62,800.0,64.0, , , , , ,, , 
685,2018-05-04 10:04:31,-0.48,0.42,-0.44,0.67,0.04,-0.53,0.44,-0.08,-0.47,0.14,-1.59, , , , , ,667.0,666.62,1600.0,103.0, , , , , ,, , 
686,2018-05-04 10:04:34,-0.37,0.47,-0.31,0.69,0.28,-0.39,0.57,0.22,-0.4,0.14,-1.51, , , , , ,667.0,666.3,1700.0,100.0, , , , , ,, , 
687,2018-05-04 10:04:37,-0.48,0.37,-0.5,0.58,0.38,-0.47,0.48,0.4,-0.48,0.05,-1.46, , , , , ,666.57,666.5,500.0,900.0, , , , , ,, , 
688,2018-05-04 10:04:40,-0.75,0.15,-0.84,0.19,0.4,-0.72,0.23,0.44,-0.7,0.02,-1.58, , , , , ,666.57,666.5,1400.0,100.0, , , , , ,, , 
689,2018-05-04 10:04:43,-0.98,0.05,-0.98,-0.02,-0.43,-1.13,0.15,-0.34,-0.83,0.03,-2.48, , , , , ,667.17,667.0,100.0,8394.0, , , , , ,, , 
690,2018-05-04 10:04:46,-0.89,0.01,-0.75,-0.09,-0.43,-1.09,0.13,-0.36,-0.83,-0.02,-2.58, , , , , ,667.17,667.0,400.0,8094.0, , , , , ,, , 
691,2018-05-04 10:04:49,-0.73,0.02,-0.57,0.03,-0.43,-0.84,0.16,-0.32,-0.78,-0.14,-2.63, , , , , ,667.17,667.0,100.0,7894.0, , , , , ,, , 
692,2018-05-04 10:04:52,-0.7,0.03,-0.58,0.03,-0.44,-0.77,0.1,-0.39,-0.74,-0.02,-2.7, , , , , ,667.17,667.01,200.0,100.0, , , , , ,, , 
693,2018-05-04 10:04:55,-0.73,0.12,-0.74,0.14,-0.54,-0.77,0.08,-0.53,-0.68,0.14,-2.9, , , , , ,667.21,667.2,100.0,100.0, , , , , ,, , 
694,2018-05-04 10:04:58,-0.63,0.19,-0.54,0.31,-0.59,-0.79,0.11,-0.46,-0.56,0.16,-2.91, , , , , ,667.19,667.17,85.0,100.0, , , , , ,, , 
695,2018-05-04 10:05:01,-0.6,0.12,-0.67,0.14,-0.58,-0.52,0.07,-0.35,-0.61,0.14,-2.84, , , , , ,667.18,667.01,200.0,100.0, , , , , ,, , 
696,2018-05-04 10:05:04,-0.69,0.02,-0.76,-0.03,-0.7,-0.63,-0.02,-0.34,-0.69,0.11,-2.9, , , , , ,667.18,667.02,500.0,100.0, , , , , ,, , 
697,2018-05-04 10:05:07,-0.99,-0.04,-1.13,-0.1,-0.71,-1.11,-0.14,-0.35,-0.74,0.11,-2.94, , , , , ,667.2,667.01,700.0,100.0, , , , , ,, , 
698,2018-05-04 10:05:10,-0.91,-0.11,-0.9,-0.18,-0.62,-1.07,-0.18,-0.4,-0.76,0.03,-2.94, , , , , ,667.2,667.0,700.0,7563.0, , , , , ,, , 
699,2018-05-04 10:05:13,-0.84,-0.17,-0.88,-0.25,-0.53,-0.98,-0.24,-0.46,-0.67,-0.01,-3.03,-500.0,667.18,0.0,-0.0,558.0,667.2,667.1,800.0,900.0, , , ,2018-05-04 10:05:13.716000,2018-05-04 10:05:17.474000,, , 
700,2018-05-04 10:05:16,-1.06,-0.35,-1.07,-0.53,-0.21,-1.19,-0.43,-0.29,-0.92,-0.09,-2.88,-500.0,667.08,0.0,-0.0,558.0,667.1,667.0,200.0,6423.0, , , ,2018-05-04 10:05:17.474000,2018-05-04 10:05:19.994000,, , 
701,2018-05-04 10:05:19,-1.17,-0.49,-1.23,-0.68,-0.2,-1.2,-0.57,-0.32,-1.07,-0.21,-2.88,-500.0,667.05,0.0,-0.0,558.0,667.07,667.01,82.0,100.0, , , ,2018-05-04 10:05:19.995000,2018-05-04 10:05:23.497000,, , 
702,2018-05-04 10:05:22,-1.3,-0.81,-1.35,-1.1,-0.05,-1.42,-0.71,-0.1,-1.14,-0.63,-2.73,-500.0,666.94,666.94,-400.0,158.0,666.95,666.94,82.0,100.0, , , ,2018-05-04 10:05:23.498000,2018-05-04 10:05:26.023000,, , 
703,2018-05-04 10:05:25,-1.4,-1.15,-1.36,-1.4,0.08,-1.53,-1.08,0.09,-1.3,-0.97,-2.5,-100.0,666.66,666.66,-100.0,58.0,666.94,666.66,100.0,100.0,161.87,0.49, ,2018-05-04 10:05:26.024000,2018-05-04 10:05:28.536000,, , 
704,2018-05-04 10:05:28,-1.12,-0.6,-1.06,-0.76,-0.24,-1.26,-0.4,-0.18,-1.05,-0.62,-2.72, , , , , ,667.0,666.94,4918.0,27.0, , , , , ,, , 
705,2018-05-04 10:05:31,-1.03,-0.52,-1.03,-0.66,0.01,-1.09,-0.44,0.14,-0.96,-0.45,-2.32, , , , , ,667.0,666.5,4718.0,3800.0, , , , , ,, , 
706,2018-05-04 10:05:34,-0.99,-0.43,-0.99,-0.67,-0.01,-1.05,-0.34,-0.03,-0.93,-0.27,-2.34, , , , , ,666.94,666.66,100.0,292.0, , , , , ,, , 
707,2018-05-04 10:05:37,-0.89,-0.56,-0.95,-0.71,0.01,-0.79,-0.51,-0.11,-0.92,-0.45,-2.21, , , , , ,666.94,666.66,200.0,431.0, , , , , ,, , 
708,2018-05-04 10:05:40,-0.99,-0.53,-0.98,-0.68,0.04,-0.99,-0.47,-0.12,-1.0,-0.43,-2.07, , , , , ,666.94,666.66,600.0,31.0, , , , , ,, , 
709,2018-05-04 10:05:43,-0.93,-0.51,-0.96,-0.57,0.08,-0.89,-0.35,-0.12,-0.96,-0.6,-1.93, , , , , ,666.94,666.66,600.0,700.0, , , , , ,, , 
710,2018-05-04 10:05:46,-0.96,-0.54,-0.83,-0.56,0.08,-0.99,-0.4,-0.11,-1.06,-0.65,-1.78, , , , , ,666.92,666.66,100.0,343.0, , , , , ,, , 
711,2018-05-04 10:05:49,-1.0,-0.6,-0.88,-0.6,0.12,-1.0,-0.49,-0.05,-1.12,-0.71,-1.72, , , , , ,666.92,666.66,200.0,543.0, , , , , ,, , 
