tick_time,bid,ask,bid 20,ask 20,la 20,bid 40,ask 40,la 40,bid 100,ask 100,la 100,order,price,avePrice,trans,net,askp0,bidp0,askv0,bidv0,profit,profit_rate,is_mocked,order_time,exchange_time,orderSide,new_order_status,reason,order_status,earn,cost
09:30:15, , , , ,3.23, , ,2.65, , ,5.96, , , , , ,726.5,724.03,200.0,600.0, , , , , ,, , , , , 
09:30:18, , , , ,3.09, , ,2.45, , ,5.45, , , , , ,726.5,724.2,200.0,100.0, , , , , ,, , , , , 
09:30:21, , , , ,3.14, , ,2.56, , ,5.01, , , , , ,726.5,724.03,200.0,600.0, , , , , ,, , , , , 
09:30:24, , , , ,2.85, , ,2.39, , ,4.5, , , , , ,726.5,724.31,200.0,100.0, , , , , ,, , , , , 
09:30:27, , , , ,1.62, , ,1.35, , ,3.13, , , , , ,726.5,725.9,200.0,100.0, , , , , ,, , , , , 
09:30:30, , , , ,1.56, , ,1.42, , ,2.83, , , , , ,726.5,725.9,300.0,100.0, , , , , ,, , , , , 
09:30:33, , , , ,1.5, , ,1.38, , ,3.03, , , , , ,726.5,725.9,300.0,100.0, , , , , ,, , , , , 
09:30:36, , , , ,0.77, , ,0.77, , ,2.2, , , , , ,726.77,726.5,100.0,1600.0, , , , , ,, , , , , 
09:30:39, , , , ,0.64, , ,0.58, , ,1.86, , , , , ,726.98,726.5,100.0,200.0, , , , , ,, , , , , 
09:30:42, , , , ,0.66, , ,0.62, , ,1.79, , , , , ,726.98,726.48,100.0,100.0, , , , , ,, , , , , 
09:30:45, , , , ,1.74, , ,1.72, , ,2.41, , , , , ,726.98,725.01,100.0,100.0, , , , , ,, , , , , 
09:30:48, , , , ,0.87, , ,0.8, , ,1.45, , , , , ,726.88,726.5,100.0,1900.0, , , , , ,, , , , , 
09:30:51, , , , ,0.7, , ,0.68, , ,1.48, , , , , ,726.98,726.5,100.0,1800.0, , , , , ,, , , , , 
09:30:54, , , , ,0.26, , ,0.23, , ,1.39, , , , , ,727.01,727.0,100.0,200.0, , , , , ,, , , , , 
09:30:57, , , , ,-0.15, , ,-0.22, , ,1.39, , , , , ,727.38,727.2,100.0,3900.0, , , , , ,, , , , , 
09:31:00, , , , ,-0.3, , ,-0.52, , ,1.55, , , , , ,727.72,727.2,100.0,3600.0, , , , , ,, , , , , 
09:31:03, , , , ,-0.6, , ,-0.9, , ,1.53, , , , , ,727.8,727.72,100.0,100.0, , , , , ,, , , , , 
09:31:06, , , , ,-0.55, , ,-0.8, , ,1.64, , , , , ,727.8,727.72,400.0,100.0, , , , , ,, , , , , 
09:31:09, , , , ,-0.37, , ,-0.46, , ,1.95, , , , , ,727.82,727.33,500.0,100.0, , , , , ,, , , , , 
09:31:12, , , , ,-0.47, , ,-0.34, , ,1.98, , , , , ,727.8,727.33,300.0,100.0, , , , , ,, , , , , 
09:31:15,0.38,1.3,0.55,0.98,-0.49,0.4,1.43,-0.17,0.21,1.48,2.17, , , , , ,727.74,727.33,1200.0,100.0, , , , , ,, , , , , 
09:31:18,0.27,1.08,0.28,0.76,-0.82,0.2,1.21,-0.36,0.32,1.28,2.21, , , , , ,727.74,727.72,1200.0,200.0, , , , , ,, , , , , 
09:31:21,-0.09,0.77,-0.09,0.58,-0.55,-0.19,0.88,0.09,-0.0,0.86,2.73, , , , , ,727.72,727.33,100.0,100.0, , , , , ,, , , , , 
09:31:24,-0.24,0.68,-0.34,0.62,-0.31,-0.05,0.79,0.59,-0.35,0.64,3.24, , , , , ,727.74,726.98,1200.0,1400.0, , , , , ,, , , , , 
09:31:27,-0.49,0.52,-0.71,0.53,-0.11,-0.21,0.63,1.17,-0.56,0.39,3.52, , , , , ,727.54,726.98,100.0,1400.0, , , , , ,, , , , , 
09:31:30,-0.86,0.2,-0.97,0.29,-0.17,-0.68,0.27,1.35,-0.92,0.03,3.41, , , , , ,727.72,726.98,2300.0,1200.0, , , , , ,, , , , , 
09:31:33,-0.74,0.28,-0.73,0.45,-0.19,-0.6,0.36,1.59,-0.89,0.03,3.47, , , , , ,727.7,726.98,100.0,1000.0, , , , , ,, , , , , 
09:31:36,-1.02,0.22,-1.16,0.55,-0.01,-0.81,0.31,1.9,-1.09,-0.21,3.7, , , , , ,727.53,726.88,91.0,100.0, , , , , ,, , , , , 
09:31:39,-1.23,0.0,-1.38,0.08,0.38,-1.12,0.16,2.45,-1.19,-0.24,4.16, , , , , ,727.27,726.5,1100.0,300.0, , , , , ,, , , , , 
09:31:42,-1.3,0.06,-1.22,0.44,-0.26,-1.34,0.03,2.08,-1.34,-0.29,3.55, , , , , ,727.47,727.27,200.0,3600.0, , , , , ,, , , , , 
09:31:45,-0.94,0.25,-0.8,0.62,-0.2,-0.82,0.12,2.44,-1.19,0.01,3.56, , , , , ,727.5,727.27,500.0,2200.0, , , , , ,, , , , , 
09:31:48,-0.84,0.32,-0.94,0.72,-0.17,-0.68,0.19,2.75,-0.91,0.05,3.56, , , , , ,727.53,727.27,91.0,1600.0, , , , , ,, , , , , 
09:31:51,-1.03,0.12,-1.14,0.36,0.14,-0.96,-0.04,3.29,-0.99,0.03,4.07, , , , , ,727.27,727.0,3800.0,200.0, , , , , ,, , , , , 
09:31:54,-1.0,-0.06,-1.04,0.05,0.14,-0.95,-0.05,3.59,-1.0,-0.19,4.24, , , , , ,727.27,726.88,3900.0,300.0, , , , , ,, , , , , 
09:31:57,-0.9,0.23,-0.75,0.67,-0.05,-1.0,0.11,3.45,-0.94,-0.09,4.28, , , , , ,727.45,726.88,100.0,300.0, , , , , ,, , , , , 
09:32:00,-0.57,0.26,-0.5,0.57,-0.38,-0.51,0.17,3.34,-0.7,0.05,4.29, , , , , ,727.45,727.27,200.0,2600.0, , , , , ,, , , , , 
09:32:03,-0.27,0.32,-0.39,0.43,-0.36,-0.31,0.22,3.53,-0.11,0.32,4.57, , , , , ,727.48,727.27,100.0,3400.0, , , , , ,, , , , , 
09:32:06,-0.54,0.23,-0.49,0.32,-0.27,-0.59,0.25,3.62,-0.53,0.13,4.86, , , , , ,727.48,727.27,100.0,2600.0, , , , , ,, , , , , 
09:32:09,-0.61,0.22,-0.53,0.34,-0.13,-0.59,0.27,3.96,-0.72,0.07,5.14, , , , , ,727.4,727.27,100.0,100.0, , , , , ,, , , , , 
09:32:12,-0.59,0.16,-0.56,0.31,0.26,-0.53,0.23,4.37,-0.67,-0.05,5.66, , , , , ,727.27,727.0,4800.0,100.0, , , , , ,, , , , , 
09:32:15,-0.72,0.1,-0.77,0.26,0.51,-0.84,0.09,4.54,-0.55,-0.05,5.92, , , , , ,727.27,726.82,4900.0,100.0, , , , , ,, , , , , 
09:32:18,-0.44,0.34,-0.52,0.46,0.35,-0.54,0.39,4.33,-0.26,0.17,5.5, , , , , ,727.22,727.2,200.0,800.0, , , , , ,, , , , , 
09:32:21,-0.48,0.24,-0.59,0.33,0.65,-0.64,0.22,4.44,-0.22,0.16,5.24, , , , , ,727.22,727.02,100.0,200.0, , , , , ,, , , , , 
09:32:24,-0.61,0.17,-0.6,0.3,0.93,-0.88,0.16,4.56,-0.36,0.07,4.96, , , , , ,727.2,727.02,100.0,200.0, , , , , ,, , , , , 
09:32:27,-0.45,0.42,-0.43,0.69,1.37,-0.76,0.3,4.44,-0.18,0.28,4.86, , , , , ,727.2,727.02,100.0,200.0, , , , , ,, , , , , 
09:32:30,-0.14,0.6,-0.12,0.72,1.29,-0.08,0.58,3.81,-0.22,0.49,4.7, , , , , ,727.5,727.28,200.0,200.0, , , , , ,, , , , , 
09:32:33,-0.13,0.54,-0.21,0.62,1.65,0.04,0.66,3.55,-0.21,0.33,5.21, , , , , ,727.5,727.1,200.0,100.0, , , , , ,, , , , , 
09:32:36,0.05,0.58,0.05,0.77,2.17,0.02,0.59,3.37,0.1,0.37,5.82, , , , , ,727.01,727.0,100.0,95.0, , , , , ,, , , , , 
09:32:39,0.0,0.45,-0.19,0.44,2.17,-0.0,0.51,2.75,0.19,0.4,5.72, , , , , ,727.28,726.91,300.0,95.0, , , , , ,, , , , , 
09:32:42,0.05,0.47,0.02,0.45,2.25,-0.05,0.57,2.75,0.17,0.37,5.47, , , , , ,727.28,727.2,300.0,1800.0, , , , , ,, , , , , 
09:32:45,0.26,0.61,0.08,0.48,2.44,0.4,0.88,2.83,0.3,0.46,5.08, , , , , ,727.5,727.27,900.0,100.0, , , , , ,, , , , , 
09:32:48,-0.04,0.35,-0.05,0.25,2.97,-0.21,0.48,3.41,0.13,0.31,5.3, , , , , ,727.28,727.2,100.0,100.0, , , , , ,, , , , , 
09:32:51,-0.54,0.05,-0.45,0.02,3.14,-0.62,-0.01,3.93,-0.55,0.15,5.21, , , , , ,727.28,727.2,200.0,100.0, , , , , ,, , , , , 
09:32:54,-0.71,-0.18,-0.53,-0.14,3.59,-0.84,-0.23,4.09,-0.75,-0.16,5.43, , , , , ,727.15,727.0,117.0,200.0, , , , , ,, , , , , 
09:32:57,-0.66,-0.25,-0.53,-0.17,3.48,-0.65,-0.33,3.85,-0.8,-0.24,5.49, , , , , ,727.27,727.0,100.0,100.0, , , , , ,, , , , , 
09:33:00,-0.8,-0.32,-0.63,-0.16,3.75,-0.78,-0.47,3.94,-0.98,-0.33,5.48, , , , , ,727.22,726.91,1200.0,95.0, , , , , ,, , , , , 
09:33:03,-0.9,-0.42,-0.78,-0.24,3.95,-0.88,-0.62,3.94,-1.04,-0.42,5.33, , , , , ,727.22,726.91,1000.0,95.0, , , , , ,, , , , , 
09:33:06,-0.8,-0.33,-0.72,-0.21,3.9,-0.75,-0.39,3.78,-0.95,-0.38,5.03, , , , , ,727.2,727.15,100.0,200.0, , , , , ,, , , , , 
09:33:09,-0.33,0.05,-0.17,0.04,3.89,-0.24,0.25,3.66,-0.59,-0.14,4.42, , , , , ,727.49,727.28,100.0,3500.0, , , , , ,, , , , , 
09:33:12,0.14,0.39,0.19,0.47,4.08,0.23,0.49,3.49,-0.01,0.21,4.16, , , , , ,727.4,727.28,200.0,2800.0, , , , , ,, , , , , 
09:33:15,0.18,0.52,0.08,0.53,4.05,0.36,0.66,3.02,0.1,0.39,3.91, , , , , ,727.5,727.28,2200.0,2500.0, , , , , ,, , , , , 
09:33:18,0.56,0.81,0.47,0.87,3.87,0.88,1.14,2.42,0.32,0.42,3.51, , , , , ,727.58,727.5,200.0,1200.0, , , , , ,, , , , , 
09:33:21,0.95,1.08,0.73,1.04,3.79,1.34,1.42,1.79,0.79,0.76,3.43,500.0,727.6,727.6,400.0,400.0,727.6,727.58,700.0,1000.0, , , ,2018-05-18 09:33:21.658000,2018-05-18 09:33:21.657000,, , ,CANCELED, , 
09:33:24,1.23,1.33,0.96,1.15,3.54,1.48,1.62,1.12,1.26,1.2,3.21,500.0,728.0,728.0,500.0,900.0,728.0,727.7,800.0,400.0, , , ,2018-05-18 09:33:24.984000,2018-05-18 09:33:24.984000,, , ,FILLED, , 
09:33:27,1.18,1.37,0.99,1.19,2.98,1.36,1.74,0.43,1.18,1.17,2.76,500.0,728.63,728.63,400.0,1300.0,728.63,727.7,200.0,100.0, , , ,2018-05-18 09:33:27.609000,2018-05-18 09:33:27.609000,, , ,CANCELED, , 
09:33:30,1.0,1.36,0.64,1.15,1.85,1.07,1.67,-0.77,1.27,1.27,1.85, , , , , ,729.0,728.63,200.0,200.0, , , , , ,, , , , , 
09:33:33,0.87,1.25,0.58,0.92,1.9,1.11,1.56,-0.13,0.92,1.28,2.27, , , , , ,729.0,728.0,100.0,3100.0, , , , , ,, , , , , 
09:33:36,0.8,1.15,0.65,0.89,1.3,0.87,1.26,-0.38,0.87,1.31,2.06, , , , , ,729.0,728.01,700.0,700.0, , , , , ,, , , , , 
09:33:39,0.81,1.23,0.74,0.95,0.8,0.78,1.46,-0.58,0.91,1.29,1.84, , , , , ,729.0,728.03,500.0,100.0, , , , , ,, , , , , 
09:33:42,0.96,1.42,0.88,1.07,0.12,0.89,1.8,-1.53,1.11,1.4,0.69, , , , , ,729.3,729.0,200.0,500.0, , , , , ,, , , , , 
09:33:45,0.95,1.33,0.82,0.85,0.15,1.0,1.7,-2.2,1.04,1.44,0.41, , , , , ,729.68,729.0,100.0,700.0, , , , , ,, , , , , 
09:33:48,0.77,1.27,0.65,0.96,0.12,0.61,1.45,-2.58,1.05,1.38,-0.15, , , , , ,729.95,729.3,100.0,300.0, , , , , ,, , , , , 
09:33:51,0.61,1.25,0.62,0.9,0.83,0.25,1.57,-2.3,0.96,1.3,0.05, , , , , ,729.68,729.3,500.0,1300.0, , , , , ,, , , , , 
09:33:54,0.46,0.98,0.52,0.72,0.56,0.21,1.11,-2.23,0.64,1.1,-0.38, , , , , ,729.99,729.3,200.0,1300.0, , , , , ,, , , , , 
09:33:57,0.41,0.89,0.5,0.51,-0.08,0.2,1.25,-2.32,0.53,0.91,-1.29, , , , , ,730.0,729.99,7800.0,200.0, , , , , ,, , , , , 
09:34:00,0.51,0.98,0.44,0.58,0.54,0.04,1.2,-1.3,1.05,1.15,-0.94, , , , , ,729.94,729.14,500.0,100.0, , , , , ,, , , , , 
09:34:03,0.5,1.13,0.75,0.68,-0.08,-0.09,1.4,-1.53,0.83,1.29,-1.6, , , , , ,730.0,729.99,400.0,100.0, , , , , ,, , , , , 
09:34:06,0.81,1.26,0.76,0.72,-0.41,0.33,1.4,-1.75,1.34,1.66,-1.56, , , , , ,730.45,730.0,400.0,2700.0, , , , , ,, , , , , 
09:34:09,0.9,1.27,0.87,0.57,-0.32,0.43,1.55,-1.75,1.4,1.68,-1.35, , , , , ,730.45,730.1,200.0,800.0, , , , , ,, , , , , 
09:34:12,0.78,1.15,0.54,0.6,-0.68,0.41,1.31,-1.88,1.4,1.55,-1.47, , , , , ,730.74,730.0,200.0,2400.0, , , , , ,, , , , , 
09:34:15,0.35,0.96,0.12,0.46,-1.07,-0.06,0.96,-1.72,1.0,1.47,-1.62, , , , , ,730.74,730.0,100.0,1900.0, , , , , ,, , , , , 
09:34:18,0.14,0.6,-0.1,0.34,-1.44,-0.11,0.57,-1.38,0.63,0.88,-2.02, , , , , ,730.7,730.0,100.0,1900.0, , , , , ,, , , , , 
09:34:21,-0.57,0.19,-0.94,0.04,-1.96,-0.67,0.3,-1.12,-0.1,0.24,-1.92, , , , , ,730.68,729.98,700.0,100.0, , , , , ,, , , , , 
09:34:24,-1.0,-0.29,-1.31,-0.31,-2.29,-1.07,-0.36,-0.86,-0.62,-0.21,-1.58,-1300.0,730.66,730.66,-1300.0,0.0,730.68,730.0,600.0,100.0,2247.96,2.38, ,2018-05-18 09:34:24.660000,2018-05-18 09:34:24.660000,, , ,FILLED,948823.8985221655,946575.9427806409
09:34:27,-1.1,-0.39,-1.35,-0.48,-3.04,-1.24,-0.47,-1.19,-0.7,-0.23,-1.94, , , , , ,730.7,730.68,500.0,500.0, , , , , ,, , , , , 
09:34:30,-1.16,-0.44,-1.42,-0.52,-2.37,-1.2,-0.57,-0.22,-0.87,-0.24,-0.68, , , , , ,729.99,729.98,3000.0,100.0, , , , , ,, , , , , 
09:34:33,-1.16,-0.26,-1.32,-0.48,-1.7,-1.2,-0.0,0.3,-0.96,-0.29,-0.45, , , , , ,729.98,729.3,1700.0,100.0, , , , , ,, , , , , 
09:34:36,-1.13,-0.07,-1.32,-0.32,-1.35,-1.14,0.24,0.93,-0.92,-0.15,-0.22, , , , , ,729.3,729.14,700.0,100.0, , , , , ,, , , , , 
09:34:39,-0.83,0.28,-0.75,0.58,-1.21,-0.99,0.33,1.29,-0.76,-0.08,-0.07, , , , , ,729.14,728.8,400.0,100.0, , , , , ,, , , , , 
09:34:42,-0.37,0.55,-0.02,0.8,-0.7,-0.58,0.84,1.94,-0.52,0.01,0.23, , , , , ,728.97,728.11,400.0,100.0, , , , , ,, , , , , 
09:34:45,-1.01,0.58,-1.37,0.79,-3.41,-1.03,0.69,-0.34,-0.64,0.26,-2.0, , , , , ,730.45,730.0,100.0,5100.0, , , , , ,, , , , , 
09:34:48,-1.12,0.33,-1.45,0.51,-3.17,-1.06,0.31,-0.07,-0.84,0.17,-1.48, , , , , ,730.1,730.0,1100.0,4900.0, , , , , ,, , , , , 
09:34:51,-0.98,0.37,-1.37,0.27,-3.06,-0.82,0.6,0.06,-0.75,0.23,-1.24, , , , , ,730.1,730.0,1200.0,4800.0, , , , , ,, , , , , 
09:34:54,-0.87,0.12,-1.11,0.06,-2.79,-0.74,0.03,0.14,-0.77,0.28,-0.85, , , , , ,730.1,730.0,1200.0,2500.0, , , , , ,, , , , , 
09:34:57,-1.18,-0.2,-1.45,-0.42,-2.4,-1.2,-0.22,0.31,-0.91,0.04,-0.76, , , , , ,730.1,730.0,1200.0,1400.0, , , , , ,, , , , , 
09:35:00,-1.09,-0.09,-1.28,0.01,-1.34,-0.99,-0.37,1.25,-0.99,0.08,-0.27, , , , , ,730.0,729.14,1400.0,600.0, , , , , ,, , , , , 
09:35:03,-0.96,0.14,-1.12,0.17,-1.61,-0.87,0.02,0.89,-0.88,0.23,-1.1, , , , , ,730.1,730.0,1000.0,5200.0, , , , , ,, , , , , 
09:35:06,-0.91,-0.08,-0.9,-0.24,-1.51,-0.86,-0.21,1.18,-0.99,0.2,-1.1, , , , , ,730.1,730.0,1000.0,3400.0, , , , , ,, , , , , 
09:35:09,-0.83,-0.15,-0.8,-0.34,-1.45,-0.82,-0.28,1.4,-0.86,0.16,-1.13, , , , , ,730.1,730.0,200.0,1200.0, , , , , ,, , , , , 
09:35:12,-0.87,-0.2,-1.0,-0.35,-1.41,-0.82,-0.3,1.68,-0.78,0.05,-1.05, , , , , ,730.05,730.0,400.0,700.0, , , , , ,, , , , , 
09:35:15,-0.93,-0.24,-0.99,-0.34,-0.37,-0.83,-0.31,2.69,-0.98,-0.08,-0.12, , , , , ,729.8,728.97,200.0,200.0, , , , , ,, , , , , 
09:35:18,-0.74,0.14,-0.77,-0.07,0.62,-0.65,0.39,3.19,-0.79,0.11,0.56, , , , , ,728.97,728.8,200.0,100.0, , , , , ,, , , , , 
09:35:21,-0.68,0.4,-0.79,0.26,0.85,-0.57,0.82,2.8,-0.68,0.14,0.61, , , , , ,728.97,728.8,200.0,100.0, , , , , ,, , , , , 
09:35:24,-0.56,0.53,-0.66,0.46,1.77,-0.58,0.83,3.15,-0.43,0.3,1.39, , , , , ,728.8,728.05,400.0,300.0, , , , , ,, , , , , 
09:35:27,-0.4,0.67,-0.55,0.73,1.84,-0.33,0.81,2.98,-0.32,0.48,1.46, , , , , ,728.8,728.15,100.0,200.0, , , , , ,, , , , , 
09:35:30,-0.39,0.65,-0.39,0.79,2.37,-0.27,0.67,3.71,-0.5,0.48,1.71, , , , , ,728.15,728.05,400.0,213.0, , , , , ,, , , , , 
09:35:33,-0.15,0.81,-0.05,0.69,2.5,-0.06,1.1,4.19,-0.35,0.63,1.94, , , , , ,728.05,728.03,87.0,200.0, , , , , ,, , , , , 
09:35:36,-0.36,0.97,-0.56,0.99,1.23,-0.28,1.14,3.07,-0.24,0.79,0.79, , , , , ,729.96,728.03,300.0,200.0, , , , , ,, , , , , 
09:35:39,0.11,1.32,0.49,1.4,2.91,0.22,1.53,4.75,-0.38,1.01,2.6, , , , , ,728.0,727.58,100.0,300.0, , , , , ,, , , , , 
09:35:42,0.47,1.59,0.84,1.6,3.32,0.4,1.98,5.06,0.18,1.2,3.21, , , , , ,727.58,727.5,800.0,100.0, , , , , ,, , , , , 
09:35:45,0.16,1.78,0.4,1.59,3.0,0.25,2.17,4.5,-0.17,1.57,2.59, , , , , ,728.0,727.6,100.0,2000.0, , , , , ,, , , , , 
09:35:48,-0.07,1.41,-0.14,1.44,2.98,0.16,1.4,4.5,-0.25,1.38,2.21, , , , , ,728.05,727.6,100.0,2000.0, , , , , ,, , , , , 
09:35:51,0.21,1.55,-0.02,1.56,3.15,0.5,1.75,4.44,0.15,1.33,1.89, , , , , ,728.0,727.6,900.0,1900.0, , , , , ,, , , , , 
09:35:54,0.37,1.54,0.39,1.6,3.19,0.64,1.59,4.39,0.07,1.41,1.68, , , , , ,728.0,727.66,300.0,100.0, , , , , ,, , , , , 
09:35:57,-0.2,1.33,-0.56,1.17,2.31,0.06,1.36,3.48,-0.11,1.45,0.71, , , , , ,728.8,728.39,100.0,100.0, , , , , ,, , , , , 
09:36:00,-0.47,1.04,-0.75,0.88,2.07,-0.16,1.01,2.85,-0.48,1.23,0.12, , , , , ,729.9,728.05,100.0,300.0, , , , , ,, , , , , 
09:36:03,-0.35,1.15,-0.92,1.02,2.38,0.36,1.24,2.72,-0.51,1.18,0.01, , , , , ,729.88,728.05,100.0,200.0, , , , , ,, , , , , 
09:36:06,-0.4,1.03,-0.97,1.09,2.67,0.27,0.96,2.56,-0.51,1.02,-0.02, , , , , ,729.88,728.05,100.0,200.0, , , , , ,, , , , , 
09:36:09,-0.59,0.9,-1.04,0.78,2.97,-0.17,0.89,2.31,-0.57,1.04,-0.15, , , , , ,729.77,728.05,500.0,200.0, , , , , ,, , , , , 
09:36:12,-0.63,0.72,-0.99,0.54,2.9,-0.26,0.81,1.69,-0.65,0.81,-0.32, , , , , ,729.88,728.39,200.0,100.0, , , , , ,, , , , , 
09:36:15,-0.28,0.88,-0.64,0.61,3.23,0.15,1.23,1.69,-0.33,0.79,0.09, , , , , ,729.88,728.1,100.0,3200.0, , , , , ,, , , , , 
09:36:18,-0.2,0.82,-0.4,0.48,2.44,0.19,1.21,0.92,-0.37,0.79,-0.38, , , , , ,729.85,729.0,500.0,100.0, , , , , ,, , , , , 
09:36:21,-0.28,0.59,-0.54,0.25,1.53,0.15,0.77,0.38,-0.44,0.75,-0.78, , , , , ,729.85,729.77,500.0,400.0, , , , , ,, , , , , 
09:36:24,-0.33,0.38,-0.67,0.13,1.25,0.04,0.42,0.51,-0.36,0.58,-0.7, , , , , ,729.85,729.77,500.0,200.0, , , , , ,, , , , , 
09:36:27,-0.28,0.44,-0.63,0.21,1.14,0.19,0.56,0.51,-0.4,0.56,-0.65, , , , , ,729.85,729.77,500.0,200.0, , , , , ,, , , , , 
09:36:30,-0.07,0.45,-0.29,0.22,1.32,0.46,0.52,0.44,-0.37,0.61,-0.76, , , , , ,729.88,729.8,100.0,900.0, , , , , ,, , , , , 
09:36:33,-0.08,0.53,-0.28,0.27,1.71,0.31,0.66,0.43,-0.27,0.67,-0.81, , , , , ,729.88,729.8,300.0,900.0, , , , , ,, , , , , 
09:36:36,0.1,0.62,-0.16,0.41,1.75,0.45,0.68,0.07,0.0,0.76,-1.08, , , , , ,729.96,729.95,300.0,400.0, , , , , ,, , , , , 
09:36:39,0.42,0.93,0.03,0.52,1.79,0.76,1.08,-0.12,0.46,1.19,-1.17, , , , , ,729.95,729.94,300.0,300.0, , , , , ,, , , , , 
09:36:42,0.39,0.89,-0.12,0.52,1.82,0.91,0.95,-0.32,0.38,1.2,-1.1, , , , , ,729.94,729.85,600.0,300.0, , , , , ,, , , , , 
09:36:45,0.5,1.12,0.1,0.81,1.46,0.67,1.14,-0.52,0.72,1.42,-1.23, , , , , ,730.03,730.0,200.0,3100.0, , , , , ,, , , , , 
09:36:48,0.64,1.15,0.14,0.86,1.42,0.79,1.06,-0.74,1.0,1.52,-1.29, , , , , ,730.1,730.01,100.0,800.0, , , , , ,, , , , , 
09:36:51,0.52,1.08,-0.14,0.69,1.41,0.65,1.08,-0.65,1.06,1.49,-1.22, , , , , ,730.01,730.0,200.0,2700.0, , , , , ,, , , , , 
09:36:54,0.31,1.01,-0.15,0.59,0.99,0.51,1.03,-1.27,0.57,1.4,-1.7, , , , , ,730.6,730.01,200.0,1500.0, , , , , ,, , , , , 
09:36:57,0.37,1.19,0.14,0.83,1.19,0.39,1.27,-1.66,0.58,1.47,-1.76, , , , , ,730.5,730.02,100.0,4100.0, , , , , ,, , , , , 
09:37:00,0.7,1.49,0.4,1.25,0.7,0.78,1.57,-2.31,0.93,1.65,-2.24,500.0,731.06,731.06,500.0,500.0,731.06,730.02,1000.0,3900.0, , , ,2018-05-18 09:37:00.673000,2018-05-18 09:37:00.673000,, , ,FILLED, , 
09:37:03,0.56,1.54,0.2,1.16,0.16,0.61,1.76,-2.73,0.86,1.69,-2.83, , , , , ,731.06,730.6,600.0,200.0, , , , , ,, , , , , 
09:37:06,0.13,1.14,-0.14,0.65,-0.46,0.17,1.35,-2.83,0.34,1.43,-3.41, , , , , ,731.32,731.0,800.0,200.0, , , , , ,, , , , , 
09:37:09,0.02,0.96,-0.04,0.52,-0.71,-0.16,1.11,-2.49,0.28,1.25,-3.49, , , , , ,731.32,730.9,700.0,100.0, , , , , ,, , , , , 
09:37:12,0.12,0.81,0.03,0.43,-1.13,0.25,0.85,-2.59,0.08,1.13,-3.73, , , , , ,731.32,731.06,600.0,200.0, , , , , ,, , , , , 
09:37:15,-0.09,0.72,-0.21,0.27,-1.79,-0.09,0.83,-3.22,0.02,1.06,-4.29, , , , , ,731.76,731.32,500.0,500.0, , , , , ,, , , , , 
09:37:18,-0.16,0.69,-0.2,0.26,-1.97,-0.09,0.79,-3.65,-0.18,1.04,-4.41, , , , , ,731.76,731.32,400.0,1400.0, , , , , ,, , , , , 
09:37:21,-0.05,1.02,0.12,0.96,-0.64,-0.44,0.9,-2.22,0.18,1.22,-3.18, , , , , ,731.0,730.1,100.0,100.0, , , , , ,, , , , , 
09:37:24,0.03,1.15,-0.01,1.21,0.15,-0.08,1.06,-1.21,0.18,1.19,-2.64, , , , , ,730.1,730.04,600.0,4200.0, , , , , ,, , , , , 
09:37:27,-0.32,0.78,-0.46,0.72,-0.72,-0.38,0.8,-1.97,-0.13,0.83,-3.65, , , , , ,731.32,730.1,100.0,200.0, , , , , ,, , , , , 
09:37:30,-0.65,0.44,-0.67,0.24,-1.47,-0.78,0.52,-2.4,-0.51,0.57,-4.58, , , , , ,731.38,731.1,200.0,400.0, , , , , ,, , , , , 
09:37:33,-0.77,0.22,-0.82,0.22,-1.43,-0.87,0.06,-2.58,-0.62,0.39,-4.78, , , , , ,731.3,731.1,100.0,300.0, , , , , ,, , , , , 
09:37:36,-0.7,0.25,-0.7,0.15,-1.63,-0.68,0.25,-2.92,-0.71,0.35,-5.03, , , , , ,731.3,731.1,100.0,200.0, , , , , ,, , , , , 
09:37:39,-0.71,0.1,-0.66,-0.09,-1.97,-0.72,0.16,-3.25,-0.76,0.24,-5.35, , , , , ,731.31,731.29,100.0,100.0, , , , , ,, , , , , 
09:37:42,-0.64,0.17,-0.67,-0.15,-2.25,-0.64,0.34,-3.55,-0.62,0.32,-5.46, , , , , ,731.31,731.3,100.0,500.0, , , , , ,, , , , , 
09:37:45,-0.43,0.24,-0.52,-0.15,-1.97,-0.39,0.49,-3.17,-0.37,0.37,-5.25, , , , , ,731.1,731.06,300.0,100.0, , , , , ,, , , , , 
09:37:48,-0.28,0.38,-0.46,0.21,-1.52,-0.17,0.43,-2.28,-0.2,0.5,-4.75, , , , , ,731.1,730.16,100.0,100.0, , , , , ,, , , , , 
09:37:51,-0.2,0.42,-0.47,0.26,-2.51,-0.13,0.43,-3.04,0.0,0.58,-5.92, , , , , ,731.37,731.36,100.0,400.0, , , , , ,, , , , , 
09:37:54,-0.38,0.21,-0.75,-0.1,-2.29,-0.23,0.19,-2.22,-0.16,0.54,-5.62, , , , , ,731.1,731.0,800.0,1300.0, , , , , ,, , , , , 
09:37:57,-0.28,0.31,-0.59,0.11,-2.74,-0.24,0.04,-2.12,-0.01,0.78,-5.78, , , , , ,731.1,731.0,900.0,900.0, , , , , ,, , , , , 
09:38:00,-0.34,0.29,-0.68,0.09,-3.0,-0.26,0.08,-2.29,-0.08,0.7,-5.88, , , , , ,731.1,731.0,800.0,700.0, , , , , ,, , , , , 
09:38:03,-0.5,0.12,-0.79,-0.02,-3.04,-0.55,-0.12,-2.46,-0.14,0.5,-5.95, , , , , ,731.1,731.0,1000.0,700.0, , , , , ,, , , , , 
09:38:06,-0.25,0.43,-0.45,0.24,-2.12,-0.32,0.27,-1.9,0.02,0.78,-5.45, , , , , ,731.1,730.17,300.0,100.0, , , , , ,, , , , , 
09:38:09,-0.16,0.48,-0.47,0.34,-1.77,-0.21,0.29,-1.86,0.21,0.8,-5.43, , , , , ,731.0,730.17,200.0,100.0, , , , , ,, , , , , 
09:38:12,-0.17,0.6,-0.46,0.43,-1.12,-0.15,0.55,-1.17,0.1,0.83,-4.88, , , , , ,730.12,730.1,800.0,100.0, , , , , ,, , , , , 
09:38:15,-0.07,0.78,-0.33,0.55,-1.29,-0.1,0.8,-1.15,0.21,0.98,-5.01, , , , , ,730.22,730.04,200.0,3700.0, , , , , ,, , , , , 
09:38:18,-0.12,0.81,-0.41,0.59,-1.67,0.02,0.9,-1.08,0.04,0.95,-5.06, , , , , ,730.13,730.04,200.0,3400.0, , , , , ,, , , , , 
09:38:21,-0.19,0.67,-0.48,0.46,-1.56,-0.08,0.75,-1.01,-0.0,0.82,-5.03, , , , , ,730.09,730.04,100.0,3300.0, , , , , ,, , , , , 
09:38:24,-0.35,0.49,-0.63,0.22,-1.21,-0.28,0.75,-0.86,-0.14,0.5,-5.02, , , , , ,730.09,730.04,200.0,2500.0, , , , , ,, , , , , 
09:38:27,-0.26,0.56,-0.55,0.38,-1.72,-0.18,0.63,-1.34,-0.06,0.68,-5.63, , , , , ,731.0,730.04,800.0,900.0, , , , , ,, , , , , 
09:38:30,-0.03,0.75,-0.23,0.5,-0.78,0.09,0.97,-0.98,0.04,0.78,-4.97, , , , , ,730.12,730.0,100.0,200.0, , , , , ,, , , , , 
09:38:33,0.23,0.83,-0.25,0.53,-0.97,0.52,1.02,-0.78,0.42,0.94,-4.91, , , , , ,730.04,730.0,700.0,1600.0, , , , , ,, , , , , 
09:38:36,0.06,0.86,-0.41,0.45,-1.31,0.15,0.97,-0.62,0.45,1.16,-4.84, , , , , ,730.04,730.0,800.0,1300.0, , , , , ,, , , , , 
09:38:39,-0.13,0.6,-0.47,0.31,-1.38,0.04,0.64,-0.34,0.04,0.85,-4.58, , , , , ,729.95,729.91,700.0,100.0, , , , , ,, , , , , 
09:38:42,0.05,0.77,-0.33,0.57,-1.02,0.18,0.78,0.58,0.3,0.95,-3.79, , , , , ,729.91,729.0,800.0,100.0, , , , , ,, , , , , 
09:38:45,0.18,0.91,-0.08,0.66,-0.64,0.13,0.92,0.62,0.5,1.15,-3.42, , , , , ,729.46,729.0,400.0,1800.0, , , , , ,, , , , , 
09:38:48,0.1,1.07,-0.21,0.68,-1.35,0.07,1.01,-0.71,0.44,1.51,-4.35, , , , , ,729.99,729.91,200.0,100.0, , , , , ,, , , , , 
09:38:51,0.07,1.08,0.07,0.58,-0.4,-0.05,0.97,-0.35,0.19,1.68,-3.66, , , , , ,729.86,729.0,1700.0,1800.0, , , , , ,, , , , , 
09:38:54,0.19,1.26,0.05,0.75,-0.12,0.12,1.02,-0.62,0.38,2.0,-3.81, , , , , ,730.02,729.0,100.0,100.0, , , , , ,, , , , , 
09:38:57,0.35,1.39,0.15,0.97,1.23,0.28,1.06,0.71,0.62,2.13,-2.6, , , , , ,729.0,728.2,800.0,200.0, , , , , ,, , , , , 
09:39:00,0.61,1.68,0.47,1.2,0.99,0.53,1.59,0.56,0.83,2.25,-2.68, , , , , ,729.0,728.3,300.0,2000.0, , , , , ,, , , , , 
09:39:03,0.93,1.9,0.7,1.52,0.82,0.84,1.53,0.44,1.26,2.65,-2.7,500.0,729.0,729.0,100.0,600.0,729.0,728.3,200.0,2000.0, , , ,2018-05-18 09:39:03.667000,2018-05-18 09:39:03.667000,, , ,CANCELED, , 
09:39:06,0.75,1.68,0.22,1.31,-0.24,0.71,1.57,-0.65,1.31,2.17,-3.71, , , , , ,729.85,729.0,100.0,600.0, , , , , ,, , , , , 
09:39:09,0.19,1.43,-0.68,1.07,-0.56,0.37,1.29,-1.14,0.86,1.94,-3.93, , , , , ,729.8,729.46,100.0,300.0, , , , , ,, , , , , 
09:39:12,0.5,1.49,0.17,1.2,-0.26,0.42,1.67,-0.75,0.92,1.6,-3.61, , , , , ,729.9,729.0,100.0,100.0, , , , , ,, , , , , 
09:39:15,0.76,1.67,0.54,1.47,0.85,0.68,1.8,0.53,1.07,1.73,-2.38,500.0,728.98,728.98,200.0,800.0,728.98,728.36,100.0,200.0, , , ,2018-05-18 09:39:15.589000,2018-05-18 09:39:15.589000,, , ,CANCELED, , 
09:39:18,0.9,1.66,0.54,1.45,0.42,0.88,1.74,0.22,1.28,1.8,-2.71,500.0,729.0,729.0,500.0,1300.0,729.0,728.98,200.0,300.0, , , ,2018-05-18 09:39:19.139000,2018-05-18 09:39:19.139000,, , ,FILLED, , 
09:39:21,0.85,1.65,0.62,1.4,1.32,0.76,1.55,1.2,1.17,1.99,-1.75, , , , , ,728.37,728.36,300.0,200.0, , , , , ,, , , , , 
09:39:24,0.41,1.5,0.1,1.29,-0.36,0.15,1.45,-0.54,0.99,1.76,-3.49, , , , , ,729.9,729.48,100.0,300.0, , , , , ,, , , , , 
09:39:27,-0.26,1.07,-0.53,0.79,-0.21,-0.56,0.94,-0.48,0.3,1.49,-3.52, , , , , ,729.9,729.48,100.0,200.0, , , , , ,, , , , , 
09:39:30,-0.11,1.05,-0.17,0.82,0.01,-0.47,0.91,-0.06,0.31,1.41,-3.07, , , , , ,729.46,729.2,200.0,200.0, , , , , ,, , , , , 
09:39:33,-0.04,1.0,-0.07,0.83,0.3,-0.23,0.93,0.02,0.17,1.24,-2.99, , , , , ,729.46,729.01,300.0,100.0, , , , , ,, , , , , 
09:39:36,-0.23,0.9,-0.13,0.83,0.8,-0.44,0.94,0.24,-0.11,0.94,-2.69, , , , , ,729.0,728.98,300.0,100.0, , , , , ,, , , , , 
09:39:39,0.21,1.14,0.28,1.24,1.36,0.27,1.06,0.55,0.09,1.11,-2.33, , , , , ,728.98,728.4,717.0,200.0, , , , , ,, , , , , 
09:39:42,0.39,1.25,0.23,1.33,1.5,0.4,1.19,0.43,0.54,1.22,-2.41, , , , , ,729.2,728.36,100.0,300.0, , , , , ,, , , , , 
09:39:45,0.34,1.17,0.17,1.09,1.8,0.54,1.0,1.02,0.3,1.41,-1.8, , , , , ,728.38,728.36,300.0,300.0, , , , , ,, , , , , 
09:39:48,0.24,1.22,0.09,1.22,0.3,0.22,1.09,-0.13,0.41,1.34,-2.91, , , , , ,730.02,728.4,100.0,100.0, , , , , ,, , , , , 
09:39:51,-0.22,0.92,-0.29,0.83,-0.45,-0.39,0.83,-0.53,0.02,1.09,-3.23, , , , , ,730.0,729.0,100.0,100.0, , , , , ,, , , , , 
09:39:54,-0.4,0.88,-0.3,0.83,-0.6,-0.82,0.79,-0.59,-0.08,1.02,-3.24, , , , , ,730.0,728.99,200.0,200.0, , , , , ,, , , , , 
09:39:57,-0.4,0.86,-0.3,0.76,-0.51,-0.6,0.85,-0.7,-0.28,0.96,-3.27, , , , , ,730.0,728.99,200.0,200.0, , , , , ,, , , , , 
09:40:00,-0.52,0.88,-0.78,0.81,-0.6,-0.64,0.91,-0.82,-0.13,0.91,-3.33, , , , , ,730.0,729.0,500.0,400.0, , , , , ,, , , , , 
09:40:03,-0.37,1.03,-0.5,1.15,-0.04,-0.49,1.11,-0.33,-0.12,0.83,-2.72, , , , , ,729.0,728.99,100.0,200.0, , , , , ,, , , , , 
09:40:06,-0.07,1.1,-0.1,1.19,-0.06,-0.31,1.24,-0.45,0.19,0.87,-2.85, , , , , ,729.0,728.99,100.0,200.0, , , , , ,, , , , , 
09:40:09,-0.36,0.95,-0.54,0.95,-0.94,-0.41,1.03,-1.28,-0.14,0.87,-3.66, , , , , ,729.99,728.99,100.0,200.0, , , , , ,, , , , , 
09:40:12,-0.57,0.75,-0.63,0.81,-0.71,-0.65,0.78,-1.32,-0.44,0.66,-3.67, , , , , ,729.85,729.0,400.0,100.0, , , , , ,, , , , , 
09:40:15,-0.19,0.74,0.1,0.82,-0.1,-0.22,0.71,-1.01,-0.46,0.68,-3.33, , , , , ,729.85,728.41,400.0,100.0, , , , , ,, , , , , 
09:40:18,-0.47,0.56,-0.33,0.78,0.03,-0.49,0.53,-1.12,-0.59,0.36,-3.34, , , , , ,729.85,728.41,400.0,100.0, , , , , ,, , , , , 
09:40:21,-0.84,0.44,-0.78,0.55,-0.36,-0.84,0.4,-1.75,-0.91,0.38,-3.91, , , , , ,729.8,729.2,100.0,100.0, , , , , ,, , , , , 
09:40:24,-0.57,0.7,-0.7,0.87,-0.34,-0.27,0.77,-1.93,-0.74,0.47,-4.09, , , , , ,730.0,729.1,500.0,200.0, , , , , ,, , , , , 
09:40:27,-0.35,0.93,-0.43,1.05,-0.29,-0.01,1.07,-2.06,-0.6,0.68,-4.31, , , , , ,730.0,729.1,300.0,100.0, , , , , ,, , , , , 
09:40:30,-0.42,0.86,-0.36,0.86,-0.36,-0.43,0.9,-2.27,-0.48,0.8,-4.63, , , , , ,730.0,729.1,300.0,100.0, , , , , ,, , , , , 
09:40:33,-0.25,0.85,-0.04,0.87,0.74,-0.16,0.8,-1.36,-0.55,0.88,-3.86, , , , , ,729.0,728.41,100.0,100.0, , , , , ,, , , , , 
09:40:36,-0.53,0.72,-0.29,0.85,-1.16,-0.66,0.52,-3.41,-0.65,0.8,-6.04, , , , , ,730.02,730.0,100.0,1900.0, , , , , ,, , , , , 
09:40:39,-0.71,0.54,-0.73,0.56,-1.26,-0.56,0.48,-3.59,-0.85,0.59,-6.33, , , , , ,730.02,730.0,300.0,1800.0, , , , , ,, , , , , 
09:40:42,-0.64,0.57,-0.55,0.63,-1.26,-0.73,0.51,-3.7,-0.64,0.56,-6.58, , , , , ,730.02,730.0,300.0,1200.0, , , , , ,, , , , , 
09:40:45,-0.69,0.56,-0.57,0.6,-0.49,-0.71,0.55,-3.05,-0.8,0.53,-6.03, , , , , ,729.95,729.0,900.0,100.0, , , , , ,, , , , , 
09:40:48,-0.92,0.28,-0.62,0.48,-0.17,-0.98,0.06,-2.86,-1.15,0.29,-5.81, , , , , ,729.48,729.0,400.0,100.0, , , , , ,, , , , , 
09:40:51,-0.63,0.47,-0.35,0.73,0.17,-0.7,0.36,-2.67,-0.83,0.32,-5.66, , , , , ,729.48,728.5,300.0,2000.0, , , , , ,, , , , , 
09:40:54,-0.39,0.8,-0.2,1.07,0.1,-0.62,0.7,-2.81,-0.37,0.62,-5.81, , , , , ,729.48,728.5,300.0,2000.0, , , , , ,, , , , , 
09:40:57,-0.88,0.39,-0.61,0.65,-0.01,-1.22,0.01,-2.97,-0.82,0.5,-5.98, , , , , ,729.48,728.5,300.0,800.0, , , , , ,, , , , , 
09:41:00,-1.3,0.4,-1.24,0.57,-0.82,-1.46,0.2,-3.77,-1.2,0.45,-6.87, , , , , ,730.0,729.0,1200.0,500.0, , , , , ,, , , , , 
09:41:03,-0.67,0.73,-0.48,0.92,0.01,-0.82,0.71,-2.82,-0.72,0.57,-5.93, , , , , ,729.0,728.51,100.0,100.0, , , , , ,, , , , , 
09:41:06,-0.25,0.96,0.03,1.03,0.04,-0.74,0.98,-2.72,-0.03,0.86,-5.78, , , , , ,728.76,728.51,300.0,600.0, , , , , ,, , , , , 
09:41:09,-0.58,0.75,-0.52,0.89,-0.49,-0.95,0.61,-3.14,-0.27,0.76,-6.2, , , , , ,729.3,728.52,500.0,100.0, , , , , ,, , , , , 
09:41:12,-0.59,0.43,-0.48,0.59,-0.61,-0.91,0.19,-3.23,-0.39,0.52,-6.15, , , , , ,729.3,728.51,400.0,496.0, , , , , ,, , , , , 
09:41:15,-0.3,0.56,-0.17,0.75,-1.04,-0.78,0.27,-3.67,0.05,0.67,-6.52, , , , , ,729.3,729.0,400.0,100.0, , , , , ,, , , , , 
09:41:18,-0.53,0.58,-0.68,0.73,-1.29,-0.99,0.32,-3.92,0.07,0.69,-6.61, , , , , ,729.5,729.0,1200.0,100.0, , , , , ,, , , , , 
09:41:21,-0.82,0.57,-1.02,0.63,-1.48,-1.0,0.35,-3.98,-0.45,0.72,-6.55, , , , , ,729.5,729.1,1400.0,400.0, , , , , ,, , , , , 
09:41:24,-0.79,0.65,-0.78,0.62,-1.52,-0.87,0.74,-3.91,-0.7,0.59,-6.47, , , , , ,729.5,729.0,1200.0,200.0, , , , , ,, , , , , 
09:41:27,-0.43,0.73,-0.68,0.64,-1.86,-0.34,0.89,-4.11,-0.26,0.67,-6.67, , , , , ,729.5,729.3,1200.0,300.0, , , , , ,, , , , , 
09:41:30,-0.51,0.68,-0.91,0.56,-2.06,-0.53,0.77,-4.06,-0.08,0.7,-6.81, , , , , ,729.49,729.3,100.0,200.0, , , , , ,, , , , , 
09:41:33,-0.22,0.83,-0.49,0.67,-1.89,-0.04,0.85,-3.63,-0.14,0.96,-6.57, , , , , ,729.18,729.0,300.0,700.0, , , , , ,, , , , , 
09:41:36,-0.35,0.58,-0.42,0.59,-2.15,-0.19,0.66,-3.58,-0.44,0.5,-6.65, , , , , ,729.18,729.0,400.0,700.0, , , , , ,, , , , , 
09:41:39,-0.54,0.34,-0.5,0.36,-2.34,-0.55,0.35,-3.44,-0.58,0.31,-6.76, , , , , ,729.18,729.0,400.0,600.0, , , , , ,, , , , , 
09:41:42,-0.54,0.31,-0.58,0.36,-2.44,-0.6,0.23,-3.29,-0.44,0.34,-6.79, , , , , ,729.18,729.0,300.0,400.0, , , , , ,, , , , , 
09:41:45,-0.52,0.23,-0.54,0.25,-2.53,-0.54,0.11,-3.23,-0.5,0.33,-6.82, , , , , ,729.18,729.0,300.0,300.0, , , , , ,, , , , , 
09:41:48,-0.71,0.2,-0.62,0.23,-2.81,-0.89,0.12,-3.33,-0.62,0.24,-7.02, , , , , ,729.22,729.18,2000.0,100.0, , , , , ,, , , , , 
09:41:51,-0.8,0.03,-0.61,0.08,-2.8,-0.97,0.01,-3.19,-0.83,0.0,-6.87, , , , , ,729.18,728.98,100.0,100.0, , , , , ,, , , , , 
09:41:54,-0.82,0.01,-0.62,0.13,-2.97,-1.12,-0.06,-3.25,-0.74,-0.05,-6.93, , , , , ,729.22,728.98,2000.0,100.0, , , , , ,, , , , , 
09:41:57,-0.6,0.1,-0.39,0.14,-2.81,-0.84,0.1,-2.98,-0.58,0.05,-6.63, , , , , ,729.21,728.54,800.0,100.0, , , , , ,, , , , , 
09:42:00,-0.67,0.05,-0.42,0.2,-2.91,-0.83,0.04,-2.99,-0.77,-0.1,-6.63, , , , , ,729.21,728.53,800.0,3200.0, , , , , ,, , , , , 
09:42:03,-0.77,-0.09,-0.57,0.08,-2.83,-0.97,-0.12,-2.86,-0.77,-0.22,-6.51,-1300.0,728.98,728.98,-600.0,700.0,729.0,728.53,1100.0,3200.0, , , ,2018-05-18 09:42:03.606000,2018-05-18 09:42:03.606000,, , ,CANCELED, , 
09:42:06,-0.89,-0.16,-0.6,-0.09,-2.56,-1.27,-0.24,-2.47,-0.8,-0.14,-6.17,-700.0,728.51,728.51,-700.0,0.0,728.53,728.51,100.0,796.0,-2496.51,-2.63, ,2018-05-18 09:42:07.213000,2018-05-18 09:42:07.213000,, , ,FILLED,946313.6344016483,948810.1409103366
09:42:09,-1.07,-0.55,-0.83,-0.52,-2.59,-1.39,-0.78,-2.4,-0.98,-0.34,-6.15, , , , , ,728.51,728.5,2204.0,300.0, , , , , ,, , , , , 
09:42:12,-1.32,-0.78,-1.03,-0.71,-2.59,-1.61,-1.01,-2.22,-1.34,-0.63,-6.04,-400.0,728.41,0.0,-0.0,0.0,728.46,728.41,2500.0,200.0, , , ,2018-05-18 09:42:12.645000,2018-05-18 09:42:12.645000,, , ,CANCELED, , 
09:42:15,-1.46,-0.92,-1.26,-0.93,-2.62,-1.7,-1.05,-2.0,-1.41,-0.77,-5.89,-400.0,728.38,0.0,-0.0,0.0,728.4,728.38,1100.0,100.0, , , ,2018-05-18 09:42:16.244000,2018-05-18 09:42:16.244000,, , ,CANCELED, , 
09:42:18,-1.39,-0.9,-1.11,-0.89,-2.58,-1.82,-1.1,-1.72,-1.23,-0.72,-5.64,-300.0,728.16,0.0,-0.0,0.0,728.37,728.16,600.0,100.0, , , ,2018-05-18 09:42:19.267000,2018-05-18 09:42:19.267000,, , ,CANCELED, , 
09:42:21,-1.42,-0.87,-1.2,-0.86,-2.4,-1.78,-1.08,-1.44,-1.28,-0.68,-5.4,-500.0,728.13,0.0,-0.0,0.0,728.16,728.13,1400.0,600.0, , , ,2018-05-18 09:42:22.284000,2018-05-18 09:42:22.284000,, , ,CANCELED, , 
09:42:24,-1.41,-0.94,-1.24,-0.99,-2.33,-1.66,-1.12,-1.31,-1.33,-0.73,-5.23,-400.0,728.06,728.06,-400.0,-400.0,728.13,728.06,3400.0,100.0, , , ,2018-05-18 09:42:25.310000,2018-05-18 09:42:25.310000,, , ,FILLED, , 
09:42:27,-1.48,-0.95,-1.35,-0.97,-2.27,-1.71,-1.07,-1.29,-1.37,-0.82,-5.19, , , , , ,728.13,728.0,2800.0,500.0, , , , , ,, , , , , 
09:42:30,-1.48,-1.0,-1.42,-1.13,-1.97,-1.78,-1.1,-1.06,-1.25,-0.77,-4.91,-500.0,727.73,727.73,-500.0,-900.0,728.0,727.73,4900.0,1000.0, , , ,2018-05-18 09:42:30.667000,2018-05-18 09:42:30.667000,, , ,FILLED, , 
09:42:33,-1.56,-1.1,-1.49,-1.23,-1.53,-1.86,-1.34,-0.69,-1.34,-0.73,-4.46,-400.0,727.38,727.38,-100.0,-1000.0,727.73,727.38,1700.0,100.0, , , ,2018-05-18 09:42:33.682000,2018-05-18 09:42:33.682000,, , ,CANCELED, , 
09:42:36,-1.53,-1.05,-1.56,-1.33,-1.2,-1.71,-1.07,-0.44,-1.33,-0.76,-4.21,-400.0,727.33,727.33,-200.0,-1200.0,727.38,727.33,300.0,100.0, , , ,2018-05-18 09:42:37.366000,2018-05-18 09:42:37.366000,, , ,CANCELED, , 
09:42:39,-1.49,-0.97,-1.54,-1.29,-1.0,-1.72,-0.85,-0.45,-1.22,-0.77,-4.14, , , , , ,727.33,727.31,2400.0,100.0, , , , , ,, , , , , 
09:42:42,-1.43,-0.81,-1.45,-1.15,-0.86,-1.65,-0.63,-0.4,-1.18,-0.64,-4.12, , , , , ,727.33,727.3,2500.0,100.0, , , , , ,, , , , , 
09:42:45,-1.33,-0.71,-1.32,-1.01,-0.7,-1.5,-0.59,-0.27,-1.17,-0.52,-4.04, , , , , ,727.3,727.2,100.0,300.0, , , , , ,, , , , , 
09:42:48,-1.36,-0.78,-1.3,-1.05,-0.45,-1.48,-0.73,-0.01,-1.31,-0.56,-3.81, , , , , ,727.2,727.0,2400.0,2900.0, , , , , ,, , , , , 
09:42:51,-1.48,-0.95,-1.51,-1.3,-0.27,-1.58,-0.84,0.27,-1.36,-0.7,-3.59, , , , , ,727.0,726.9,3800.0,100.0, , , , , ,, , , , , 
09:42:54,-1.42,-0.95,-1.3,-1.4,-0.17,-1.62,-0.84,0.38,-1.34,-0.61,-3.44, , , , , ,726.9,726.8,2300.0,100.0, , , , , ,, , , , , 
09:42:57,-1.39,-0.62,-1.27,-0.89,-0.2,-1.58,-0.43,0.35,-1.31,-0.55,-3.37, , , , , ,726.9,726.8,100.0,100.0, , , , , ,, , , , , 
09:43:00,-1.21,-0.39,-1.07,-0.57,0.07,-1.39,-0.26,0.59,-1.17,-0.35,-3.03, , , , , ,726.77,726.53,200.0,100.0, , , , , ,, , , , , 
09:43:03,-0.97,-0.24,-0.94,-0.48,0.04,-1.17,-0.09,0.49,-0.8,-0.17,-3.0, , , , , ,726.77,726.53,100.0,100.0, , , , , ,, , , , , 
09:43:06,-0.69,0.07,-0.79,-0.21,0.1,-0.89,0.21,0.36,-0.39,0.21,-2.95, , , , , ,726.77,726.53,100.0,200.0, , , , , ,, , , , , 
09:43:09,-0.55,0.06,-0.56,-0.16,0.13,-0.69,0.09,0.22,-0.4,0.26,-2.99, , , , , ,726.77,726.56,100.0,100.0, , , , , ,, , , , , 
09:43:12,-0.43,0.16,-0.36,-0.1,0.41,-0.7,0.23,0.32,-0.24,0.36,-2.81, , , , , ,726.53,726.5,1400.0,100.0, , , , , ,, , , , , 
09:43:15,-0.33,0.3,-0.39,0.05,0.78,-0.53,0.47,0.46,-0.07,0.37,-2.62, , , , , ,726.53,726.2,1000.0,100.0, , , , , ,, , , , , 
09:43:18,-0.3,0.35,-0.49,0.07,0.9,-0.24,0.55,0.45,-0.18,0.44,-2.63, , , , , ,726.53,726.2,1200.0,100.0, , , , , ,, , , , , 
09:43:21,-0.25,0.35,-0.32,0.12,1.06,-0.26,0.49,0.46,-0.15,0.44,-2.58, , , , , ,726.42,726.22,500.0,100.0, , , , , ,, , , , , 
09:43:24,-0.06,0.56,-0.13,0.34,0.83,-0.02,0.76,0.04,-0.03,0.58,-2.82, , , , , ,726.54,726.53,100.0,100.0, , , , , ,, , , , , 
09:43:27,0.22,0.83,0.14,0.73,1.02,0.43,0.95,0.03,0.1,0.8,-2.51,1200.0,726.28,726.28,400.0,-800.0,726.5,726.26,100.0,1500.0, , , ,2018-05-18 09:43:27.651000,2018-05-18 09:43:27.651000,, , ,CANCELED, , 
09:43:30,0.42,1.06,0.25,0.95,0.96,0.74,1.16,-0.31,0.28,1.06,-2.44,800.0,726.3,0.0,0.0,-800.0,726.51,726.28,300.0,900.0, , , ,2018-05-18 09:43:31.084000,2018-05-18 09:43:31.083000,, , ,CANCELED, , 
09:43:33,0.4,0.99,0.31,0.88,0.91,0.65,1.14,-0.7,0.24,0.95,-2.33,800.0,726.32,0.0,0.0,-800.0,726.5,726.3,300.0,800.0, , , ,2018-05-18 09:43:34.103000,2018-05-18 09:43:34.103000,, , ,CANCELED, , 
09:43:36,0.46,1.16,0.38,1.1,0.61,0.67,1.36,-1.35,0.34,1.02,-2.53,800.0,726.52,726.52,800.0,0.0,726.68,726.5,700.0,1600.0,536.94,0.61, ,2018-05-18 09:43:37.113000,2018-05-18 09:43:37.113000,, , ,FILLED,872342.2541181076,871805.3120874583
09:43:39,0.49,1.26,0.37,1.23,0.6,0.68,1.29,-1.6,0.41,1.25,-2.46, , , , , ,726.61,726.5,100.0,400.0, , , , , ,, , , , , 
09:43:42,0.27,1.15,0.21,1.16,0.3,0.4,1.12,-2.19,0.21,1.17,-2.79, , , , , ,727.0,726.61,2700.0,200.0, , , , , ,, , , , , 
09:43:45,0.18,1.04,0.23,1.0,0.35,0.28,1.13,-2.38,0.02,1.0,-2.79, , , , , ,727.0,726.61,2400.0,100.0, , , , , ,, , , , , 
09:43:48,0.19,1.01,0.36,0.93,0.43,0.17,1.22,-2.45,0.05,0.89,-2.75, , , , , ,726.87,726.68,500.0,100.0, , , , , ,, , , , , 
09:43:51,0.22,0.94,0.33,0.9,0.58,0.26,1.05,-2.56,0.07,0.88,-2.69, , , , , ,726.76,726.68,500.0,100.0, , , , , ,, , , , , 
09:43:54,0.14,0.9,0.25,0.83,0.54,0.22,1.03,-2.74,-0.05,0.82,-2.71, , , , , ,726.81,726.67,500.0,100.0, , , , , ,, , , , , 
09:43:57,0.09,0.78,0.16,0.76,0.57,0.19,0.9,-2.83,-0.09,0.67,-2.66, , , , , ,726.7,726.68,500.0,500.0, , , , , ,, , , , , 
09:44:00,0.03,0.71,0.13,0.69,0.55,0.08,0.88,-3.01,-0.13,0.56,-2.62, , , , , ,726.68,726.67,200.0,200.0, , , , , ,, , , , , 
09:44:03,-0.07,0.62,0.06,0.71,0.46,-0.04,0.66,-3.08,-0.21,0.49,-2.6, , , , , ,726.68,726.67,200.0,200.0, , , , , ,, , , , , 
09:44:06,-0.07,0.57,0.07,0.69,0.32,-0.03,0.53,-3.1,-0.26,0.49,-2.6, , , , , ,726.7,726.67,300.0,500.0, , , , , ,, , , , , 
09:44:09,-0.07,0.58,0.07,0.74,-0.02,-0.01,0.57,-3.37,-0.28,0.42,-2.79, , , , , ,727.0,726.68,1300.0,500.0, , , , , ,, , , , , 
09:44:12,0.01,0.7,0.08,0.92,-0.13,0.13,0.77,-3.33,-0.17,0.42,-2.78, , , , , ,727.0,726.68,1300.0,800.0, , , , , ,, , , , , 
09:44:15,0.12,0.75,0.08,1.0,-0.28,0.29,0.81,-3.45,-0.03,0.43,-2.87, , , , , ,727.0,726.81,1300.0,300.0, , , , , ,, , , , , 
09:44:18,0.1,0.77,-0.01,0.96,-0.64,0.3,0.79,-3.75,0.0,0.55,-3.2, , , , , ,727.31,727.0,100.0,100.0, , , , , ,, , , , , 
09:44:21,0.11,0.82,0.01,0.89,-0.69,0.38,0.87,-3.62,-0.05,0.69,-3.19, , , , , ,727.31,727.0,100.0,200.0, , , , , ,, , , , , 
09:44:24,0.06,0.82,-0.0,0.87,-0.82,0.46,0.93,-3.62,-0.28,0.65,-3.19, , , , , ,727.31,727.0,300.0,200.0, , , , , ,, , , , , 
09:44:27,0.04,0.73,-0.09,0.9,-0.96,0.45,0.79,-3.53,-0.25,0.52,-3.12, , , , , ,727.21,727.0,200.0,500.0, , , , , ,, , , , , 
09:44:30,0.01,0.67,-0.12,0.86,-1.25,0.48,0.7,-3.64,-0.34,0.44,-3.07, , , , , ,727.15,727.0,100.0,800.0, , , , , ,, , , , , 
09:44:33,0.03,0.61,-0.06,0.73,-1.56,0.52,0.68,-3.74,-0.36,0.42,-2.99, , , , , ,727.04,727.0,100.0,700.0, , , , , ,, , , , , 
09:44:36,-0.16,0.51,-0.12,0.7,-1.95,0.17,0.56,-3.83,-0.52,0.27,-3.04, , , , , ,727.04,727.0,200.0,2000.0, , , , , ,, , , , , 
09:44:39,-0.43,0.2,-0.25,0.38,-2.23,-0.28,0.1,-3.92,-0.75,0.13,-3.15, , , , , ,727.03,727.0,300.0,2000.0, , , , , ,, , , , , 
09:44:42,-0.71,0.03,-0.34,0.29,-2.36,-0.8,-0.09,-3.83,-1.0,-0.12,-3.16, , , , , ,727.02,726.83,200.0,100.0, , , , , ,, , , , , 
09:44:45,-0.86,-0.2,-0.45,0.12,-2.84,-0.96,-0.31,-4.16,-1.18,-0.4,-3.6, , , , , ,727.25,727.04,700.0,200.0, , , , , ,, , , , , 
09:44:48,-0.76,-0.14,-0.41,0.2,-2.95,-0.72,-0.18,-4.21,-1.14,-0.43,-3.71, , , , , ,727.25,727.04,700.0,1600.0, , , , , ,, , , , , 
09:44:51,-0.63,-0.06,-0.43,0.29,-3.13,-0.59,-0.08,-4.23,-0.87,-0.39,-3.88, , , , , ,727.25,727.04,1300.0,1700.0, , , , , ,, , , , , 
09:44:54,-0.74,-0.18,-0.41,0.19,-3.27,-0.88,-0.28,-4.23,-0.94,-0.44,-4.02, , , , , ,727.21,727.04,600.0,900.0, , , , , ,, , , , , 
09:44:57,-0.98,-0.31,-0.63,0.07,-3.4,-1.06,-0.49,-4.21,-1.26,-0.5,-4.15, , , , , ,727.16,727.04,600.0,300.0, , , , , ,, , , , , 
09:45:00,-1.15,-0.46,-0.68,-0.06,-3.54,-1.3,-0.67,-4.17,-1.46,-0.64,-4.29, , , , , ,727.08,727.04,400.0,300.0, , , , , ,, , , , , 
09:45:03,-1.19,-0.54,-0.73,-0.26,-3.56,-1.39,-0.62,-4.13,-1.45,-0.75,-4.33, , , , , ,727.04,727.0,200.0,200.0, , , , , ,, , , , , 
09:45:06,-1.27,-0.71,-0.84,-0.46,-3.34,-1.49,-0.86,-3.91,-1.47,-0.79,-4.25,-300.0,726.72,726.72,-100.0,-100.0,727.0,726.72,200.0,100.0, , , ,2018-05-18 09:45:06.688000,2018-05-18 09:45:06.688000,, , ,CANCELED, , 
09:45:09,-1.36,-0.77,-0.99,-0.63,-3.19,-1.56,-0.94,-3.7,-1.54,-0.75,-4.2,-500.0,726.7,726.7,-500.0,-600.0,726.72,726.7,400.0,1000.0, , , ,2018-05-18 09:45:10.056000,2018-05-18 09:45:10.056000,, , ,FILLED, , 
09:45:12,-1.62,-0.95,-1.24,-0.9,-3.16,-1.91,-1.15,-3.69,-1.7,-0.81,-4.33,-400.0,726.7,0.0,-0.0,-600.0,726.72,726.7,400.0,400.0, , , ,2018-05-18 09:45:12.682000,2018-05-18 09:45:12.682000,, , ,CANCELED, , 
09:45:15,-1.77,-1.12,-1.48,-1.26,-3.16,-2.12,-1.22,-3.57,-1.72,-0.89,-4.46,-400.0,726.69,726.69,-200.0,-800.0,726.7,726.69,1500.0,400.0, , , ,2018-05-18 09:45:16.092000,2018-05-18 09:45:16.092000,, , ,CANCELED, , 
09:45:18,-1.91,-1.2,-1.6,-1.3,-3.1,-2.28,-1.35,-3.48,-1.84,-0.95,-4.53,-500.0,726.68,726.68,-500.0,-1300.0,726.69,726.68,2300.0,800.0, , , ,2018-05-18 09:45:19.110000,2018-05-18 09:45:19.110000,, , ,FILLED, , 
09:45:21,-1.96,-1.24,-1.66,-1.32,-2.98,-2.24,-1.4,-3.4,-1.98,-1.01,-4.58,-400.0,726.67,726.67,-100.0,-1400.0,726.69,726.67,2800.0,400.0, , , ,2018-05-18 09:45:21.662000,2018-05-18 09:45:21.662000,, , ,CANCELED, , 
09:45:24,-2.07,-1.32,-1.77,-1.43,-2.79,-2.42,-1.47,-3.12,-2.03,-1.06,-4.43,-400.0,726.53,0.0,-0.0,-1400.0,726.57,726.53,400.0,100.0, , , ,2018-05-18 09:45:25.134000,2018-05-18 09:45:25.134000,, , ,CANCELED, , 
09:45:27,-2.15,-1.47,-2.02,-1.73,-2.49,-2.46,-1.52,-2.83,-1.98,-1.15,-4.05,-300.0,726.2,0.0,-0.0,-1400.0,726.49,726.2,1300.0,200.0, , , ,2018-05-18 09:45:28.142000,2018-05-18 09:45:28.142000,, , ,CANCELED, , 
09:45:30,-2.3,-1.56,-2.26,-1.9,-2.21,-2.52,-1.62,-2.4,-2.12,-1.16,-3.67,-500.0,726.0,0.0,-0.0,-1400.0,726.06,726.0,300.0,600.0, , , ,2018-05-18 09:45:31.157000,2018-05-18 09:45:31.156000,, , ,CANCELED, , 
09:45:33,-2.29,-1.52,-2.27,-1.96,-2.0,-2.54,-1.58,-1.99,-2.07,-1.03,-3.24,-300.0,725.5,725.5,-200.0,-1600.0,726.0,725.5,3300.0,200.0, , , ,2018-05-18 09:45:34.167000,2018-05-18 09:45:34.167000,, , ,CANCELED, , 
09:45:36,-2.59,-1.62,-2.79,-2.28,-1.66,-2.85,-1.61,-1.58,-2.14,-0.97,-2.79,-300.0,725.38,725.38,-300.0,-1900.0,725.5,725.38,700.0,300.0, , , ,2018-05-18 09:45:37.182000,2018-05-18 09:45:37.182000,, , ,FILLED, , 
09:45:39,-2.58,-1.63,-2.71,-2.39,-1.42,-2.89,-1.58,-1.22,-2.14,-0.91,-2.45, , , , , ,725.38,725.01,2700.0,700.0, , , , , ,, , , , , 
09:45:42,-2.37,-1.26,-2.54,-1.97,-1.45,-2.48,-1.05,-1.2,-2.08,-0.75,-2.25,-500.0,725.01,725.01,-200.0,-2100.0,725.37,725.01,300.0,500.0, , , ,2018-05-18 09:45:42.700000,2018-05-18 09:45:42.700000,, , ,CANCELED, , 
09:45:45,-2.05,-0.99,-2.16,-1.59,-1.23,-2.04,-0.84,-0.96,-1.95,-0.53,-1.73, , , , , ,725.01,725.0,3200.0,1000.0, , , , , ,, , , , , 
09:45:48,-2.04,-1.09,-2.1,-1.84,-1.16,-2.01,-0.91,-0.81,-2.02,-0.53,-1.36, , , , , ,724.99,724.86,300.0,100.0, , , , , ,, , , , , 
09:45:51,-2.01,-1.08,-2.18,-1.82,-1.11,-1.98,-0.78,-0.74,-1.87,-0.63,-1.06, , , , , ,724.9,724.86,1700.0,100.0, , , , , ,, , , , , 
09:45:54,-1.79,-0.97,-1.97,-1.66,-0.83,-1.6,-0.63,-0.42,-1.79,-0.63,-0.56, , , , , ,724.7,724.6,700.0,100.0, , , , , ,, , , , , 
09:45:57,-1.62,-0.7,-1.78,-1.29,-0.69,-1.43,-0.39,-0.18,-1.64,-0.42,-0.33, , , , , ,724.6,724.48,100.0,100.0, , , , , ,, , , , , 
09:46:00,-1.3,-0.42,-1.47,-0.97,-0.58,-0.96,-0.08,-0.02,-1.48,-0.22,-0.12, , , , , ,724.6,724.31,200.0,100.0, , , , , ,, , , , , 
09:46:03,-1.22,-0.36,-1.3,-0.93,-0.41,-1.01,-0.06,0.23,-1.36,-0.09,0.29, , , , , ,724.39,724.23,200.0,1000.0, , , , , ,, , , , , 
09:46:06,-0.82,0.16,-0.76,-0.2,-0.56,-0.48,0.49,0.1,-1.23,0.19,0.19, , , , , ,724.48,724.39,100.0,1200.0, , , , , ,, , , , , 
09:46:09,-0.68,0.45,-0.64,0.07,-0.68,-0.49,0.53,-0.03,-0.9,0.75,0.24, , , , , ,724.55,724.48,100.0,900.0, , , , , ,, , , , , 
09:46:12,-0.39,0.61,-0.43,0.16,-0.39,-0.14,0.75,0.23,-0.61,0.93,0.65, , , , , ,724.39,724.23,1500.0,1000.0, , , , , ,, , , , , 
09:46:15,-0.09,0.86,-0.21,0.33,-0.45,0.05,0.78,0.06,-0.12,1.46,0.5, , , , , ,724.61,724.23,1000.0,1000.0, , , , , ,, , , , , 
09:46:18,0.1,0.93,-0.08,0.45,-0.27,0.32,0.84,0.13,0.07,1.51,0.57, , , , , ,724.48,724.23,100.0,1000.0, , , , , ,, , , , , 
09:46:21,0.15,0.96,0.03,0.6,-0.6,0.2,0.89,-0.28,0.21,1.41,-0.1,2100.0,724.62,724.62,2100.0,0.0,724.69,724.6,400.0,200.0,1585.7,1.04, ,2018-05-18 09:46:21.710000,2018-05-18 09:46:21.710000,, , ,FILLED,1523422.65647063,1521836.9571863122
09:46:24,0.09,0.93,-0.11,0.5,-0.5,0.12,0.87,-0.21,0.25,1.41,-0.24, , , , , ,724.67,724.62,200.0,500.0, , , , , ,, , , , , 
09:46:27,0.11,0.81,0.07,0.55,-0.23,0.01,0.74,0.13,0.24,1.14,-0.1, , , , , ,724.48,724.44,100.0,100.0, , , , , ,, , , , , 
09:46:30,0.13,0.67,0.06,0.48,-0.15,0.13,0.69,0.32,0.2,0.85,0.01, , , , , ,724.41,724.39,200.0,400.0, , , , , ,, , , , , 
09:46:33,0.13,0.64,0.1,0.49,0.15,0.13,0.74,0.7,0.16,0.7,0.41, , , , , ,724.4,724.01,1600.0,100.0, , , , , ,, , , , , 
09:46:36,-0.06,0.64,-0.1,0.37,0.21,-0.08,0.69,0.85,0.0,0.86,0.55, , , , , ,724.28,724.0,1500.0,9000.0, , , , , ,, , , , , 
09:46:39,-0.04,0.79,-0.14,0.71,0.15,-0.05,0.74,0.78,0.08,0.93,0.52, , , , , ,724.39,724.01,200.0,100.0, , , , , ,, , , , , 
09:46:42,-0.02,0.77,-0.11,0.66,0.29,0.05,0.75,0.93,-0.0,0.9,0.79, , , , , ,724.22,724.0,800.0,7800.0, , , , , ,, , , , , 
09:46:45,-0.0,0.68,-0.14,0.44,0.27,0.19,0.76,0.92,-0.06,0.83,1.04, , , , , ,724.16,724.08,500.0,200.0, , , , , ,, , , , , 
09:46:48,-0.01,0.72,-0.17,0.49,0.4,0.06,0.7,1.01,0.07,0.97,1.61, , , , , ,724.07,724.02,200.0,100.0, , , , , ,, , , , , 
09:46:51,-0.19,0.54,-0.32,0.31,0.39,-0.05,0.4,0.98,-0.2,0.89,2.01, , , , , ,724.08,724.04,300.0,100.0, , , , , ,, , , , , 
09:46:54,-0.03,0.64,-0.18,0.46,0.4,0.06,0.6,0.98,0.04,0.86,2.33, , , , , ,724.08,724.04,100.0,100.0, , , , , ,, , , , , 
09:46:57,-0.02,0.63,-0.27,0.39,0.53,-0.0,0.57,1.02,0.2,0.92,2.57, , , , , ,724.03,724.01,500.0,200.0, , , , , ,, , , , , 
09:47:00,0.07,0.63,-0.16,0.35,0.57,0.12,0.58,1.01,0.24,0.96,2.55, , , , , ,724.06,724.01,2100.0,100.0, , , , , ,, , , , , 
09:47:03,0.05,0.66,-0.15,0.41,0.65,0.08,0.72,1.07,0.23,0.86,2.45, , , , , ,724.02,724.0,1900.0,4900.0, , , , , ,, , , , , 
09:47:06,0.02,0.66,-0.17,0.44,0.7,0.15,0.82,1.09,0.09,0.71,2.33, , , , , ,724.01,724.0,100.0,2800.0, , , , , ,, , , , , 
09:47:09,-0.04,0.61,-0.17,0.47,0.62,0.07,0.73,1.06,-0.02,0.64,2.17, , , , , ,724.07,724.02,600.0,500.0, , , , , ,, , , , , 
09:47:12,-0.09,0.63,-0.25,0.4,0.6,0.02,0.68,1.07,-0.04,0.82,2.0, , , , , ,724.06,724.02,100.0,100.0, , , , , ,, , , , , 
09:47:15,-0.21,0.52,-0.24,0.29,0.58,-0.14,0.52,1.08,-0.24,0.76,1.83, , , , , ,724.06,724.02,600.0,100.0, , , , , ,, , , , , 
09:47:18,0.15,0.83,0.27,0.86,0.25,0.11,0.77,0.78,0.07,0.86,1.34, , , , , ,724.47,724.07,2200.0,100.0, , , , , ,, , , , , 
09:47:21,0.38,1.05,0.47,1.21,0.25,0.43,0.96,0.79,0.23,0.97,1.17, , , , , ,724.47,724.06,1600.0,700.0, , , , , ,, , , , , 
09:47:24,0.61,1.24,0.61,1.37,0.3,0.74,1.11,0.78,0.49,1.25,1.06, , , , , ,724.47,724.07,1500.0,100.0, , , , , ,, , , , , 
09:47:27,0.49,1.12,0.57,1.19,0.3,0.63,1.02,0.7,0.26,1.15,1.04, , , , , ,724.47,724.2,1900.0,100.0, , , , , ,, , , , , 
09:47:30,0.4,1.03,0.5,1.09,0.47,0.61,0.95,0.77,0.09,1.06,1.19, , , , , ,724.38,724.2,400.0,100.0, , , , , ,, , , , , 
09:47:33,0.36,0.87,0.45,1.02,0.61,0.56,0.8,0.8,0.06,0.77,1.29, , , , , ,724.32,724.22,200.0,100.0, , , , , ,, , , , , 
09:47:36,0.21,0.76,0.34,0.94,0.56,0.39,0.66,0.65,-0.09,0.68,1.24, , , , , ,724.47,724.22,1500.0,100.0, , , , , ,, , , , , 
09:47:39,0.01,0.53,0.13,0.65,0.69,0.23,0.47,0.62,-0.34,0.47,1.32, , , , , ,724.34,724.2,100.0,200.0, , , , , ,, , , , , 
09:47:42,-0.1,0.25,0.1,0.57,0.59,0.14,0.21,0.39,-0.53,-0.02,1.19, , , , , ,724.47,724.23,1700.0,100.0, , , , , ,, , , , , 
09:47:45,-0.32,-0.0,-0.15,0.26,0.61,-0.07,-0.01,0.26,-0.72,-0.26,1.17, , , , , ,724.47,724.2,2000.0,100.0, , , , , ,, , , , , 
09:47:48,-0.33,0.02,-0.1,0.31,0.68,-0.13,-0.1,0.21,-0.77,-0.13,1.23, , , , , ,724.39,724.19,100.0,200.0, , , , , ,, , , , , 
09:47:51,-0.31,0.02,-0.15,0.31,0.56,-0.1,-0.11,-0.06,-0.67,-0.15,1.04, , , , , ,724.39,724.34,300.0,400.0, , , , , ,, , , , , 
09:47:54,-0.32,-0.06,-0.09,0.24,0.56,-0.19,-0.19,-0.23,-0.67,-0.24,0.97, , , , , ,724.39,724.34,400.0,300.0, , , , , ,, , , , , 
09:47:57,-0.24,-0.03,-0.12,0.32,0.55,-0.11,-0.11,-0.39,-0.49,-0.31,0.89, , , , , ,724.39,724.34,400.0,300.0, , , , , ,, , , , , 
09:48:00,-0.25,0.07,-0.09,0.37,0.33,-0.14,-0.08,-0.8,-0.52,-0.09,0.55, , , , , ,724.58,724.47,900.0,100.0, , , , , ,, , , , , 
09:48:03,-0.24,0.17,-0.07,0.51,0.36,-0.07,-0.07,-0.91,-0.58,0.06,0.54, , , , , ,724.58,724.47,400.0,100.0, , , , , ,, , , , , 
09:48:06,-0.3,0.1,-0.08,0.35,0.42,-0.11,-0.12,-0.99,-0.71,0.07,0.59, , , , , ,724.58,724.39,400.0,300.0, , , , , ,, , , , , 
09:48:09,-0.27,-0.01,-0.17,0.22,0.43,-0.09,-0.23,-1.16,-0.56,-0.02,0.57, , , , , ,724.58,724.41,900.0,100.0, , , , , ,, , , , , 
09:48:12,-0.3,-0.01,-0.12,0.23,0.47,0.03,-0.24,-1.26,-0.81,-0.0,0.59, , , , , ,724.53,724.42,500.0,100.0, , , , , ,, , , , , 
09:48:15,-0.33,-0.01,-0.21,0.28,0.53,-0.02,-0.2,-1.38,-0.75,-0.11,0.64, , , , , ,724.47,724.42,500.0,100.0, , , , , ,, , , , , 
09:48:18,-0.23,0.03,-0.07,0.33,0.53,0.12,-0.09,-1.46,-0.74,-0.15,0.64, , , , , ,724.47,724.42,200.0,100.0, , , , , ,, , , , , 
09:48:21,-0.15,0.13,-0.08,0.56,0.54,0.18,-0.06,-1.51,-0.54,-0.11,0.65, , , , , ,724.47,724.42,200.0,200.0, , , , , ,, , , , , 
09:48:24,-0.16,0.13,-0.04,0.35,0.53,0.18,-0.07,-1.54,-0.63,0.11,0.66, , , , , ,724.47,724.43,400.0,100.0, , , , , ,, , , , , 
09:48:27,-0.16,0.21,-0.1,0.57,0.32,0.13,-0.02,-1.67,-0.51,0.09,0.46, , , , , ,724.69,724.53,100.0,100.0, , , , , ,, , , , , 
09:48:30,-0.18,0.2,-0.07,0.49,0.17,0.02,-0.05,-1.87,-0.51,0.15,0.28, , , , , ,724.86,724.58,600.0,100.0, , , , , ,, , , , , 
09:48:33,-0.05,0.25,-0.03,0.56,0.15,0.13,0.02,-1.84,-0.25,0.19,0.25, , , , , ,724.86,724.61,600.0,100.0, , , , , ,, , , , , 
09:48:36,-0.07,0.25,-0.0,0.48,0.06,0.06,-0.01,-1.87,-0.28,0.27,0.2, , , , , ,724.86,724.69,700.0,100.0, , , , , ,, , , , , 
09:48:39,-0.06,0.25,0.0,0.51,-0.08,0.11,0.03,-1.89,-0.3,0.19,0.16, , , , , ,724.86,724.71,700.0,100.0, , , , , ,, , , , , 
09:48:42,-0.11,0.29,-0.02,0.52,-0.21,0.08,0.14,-1.69,-0.37,0.21,0.19, , , , , ,724.86,724.71,200.0,200.0, , , , , ,, , , , , 
09:48:45,0.04,0.34,0.08,0.56,-0.35,0.26,0.27,-1.43,-0.23,0.18,0.2, , , , , ,724.85,724.71,400.0,100.0, , , , , ,, , , , , 
09:48:48,-0.05,0.31,-0.03,0.41,-0.47,0.31,0.27,-1.17,-0.43,0.25,0.18, , , , , ,724.85,724.72,500.0,100.0, , , , , ,, , , , , 
09:48:51,-0.07,0.21,-0.07,0.36,-0.61,0.31,0.18,-0.91,-0.45,0.08,0.18, , , , , ,724.82,724.72,100.0,100.0, , , , , ,, , , , , 
09:48:54,-0.19,0.08,-0.11,0.25,-0.74,0.12,0.04,-0.69,-0.57,-0.04,0.2, , , , , ,724.77,724.71,100.0,300.0, , , , , ,, , , , , 
09:48:57,-0.26,0.01,-0.21,0.23,-0.97,0.06,-0.07,-0.66,-0.64,-0.12,0.14, , , , , ,724.85,724.71,400.0,300.0, , , , , ,, , , , , 
09:49:00,-0.48,-0.03,-0.34,0.12,-1.09,-0.22,-0.15,-0.52,-0.89,-0.06,0.21, , , , , ,724.77,724.71,100.0,300.0, , , , , ,, , , , , 
09:49:03,-0.52,-0.16,-0.35,0.08,-1.3,-0.3,-0.27,-0.4,-0.92,-0.3,0.14, , , , , ,724.85,724.77,200.0,100.0, , , , , ,, , , , , 
09:49:06,-0.45,-0.21,-0.28,0.06,-1.45,-0.21,-0.33,-0.34,-0.85,-0.37,0.14, , , , , ,724.85,724.78,200.0,200.0, , , , , ,, , , , , 
09:49:09,-0.46,-0.23,-0.42,0.07,-1.57,-0.13,-0.24,-0.15,-0.82,-0.52,0.18, , , , , ,724.82,724.78,200.0,200.0, , , , , ,, , , , , 
09:49:12,-0.4,-0.08,-0.29,0.11,-1.74,-0.16,-0.05,-0.06,-0.76,-0.29,0.14, , , , , ,724.86,724.78,100.0,200.0, , , , , ,, , , , , 
09:49:15,-0.44,-0.07,-0.31,0.15,-1.92,-0.22,-0.18,-0.08,-0.78,-0.18,0.11, , , , , ,724.86,724.82,100.0,200.0, , , , , ,, , , , , 
09:49:18,-0.49,-0.14,-0.34,0.05,-1.99,-0.3,-0.23,-0.1,-0.83,-0.23,0.1, , , , , ,724.86,724.82,100.0,200.0, , , , , ,, , , , , 
09:49:21,-0.5,-0.26,-0.43,0.01,-2.04,-0.26,-0.33,-0.35,-0.8,-0.44,0.12, , , , , ,724.85,724.82,500.0,200.0, , , , , ,, , , , , 
09:49:24,-0.55,-0.23,-0.45,-0.03,-2.08,-0.31,-0.28,-0.5,-0.89,-0.37,0.12, , , , , ,724.85,724.82,400.0,200.0, , , , , ,, , , , , 
09:49:27,-0.56,-0.2,-0.46,0.03,-1.98,-0.32,-0.25,-0.62,-0.9,-0.38,0.14, , , , , ,724.85,724.82,400.0,300.0, , , , , ,, , , , , 
09:49:30,-0.53,-0.23,-0.37,0.03,-2.04,-0.34,-0.33,-0.6,-0.88,-0.4,0.12, , , , , ,724.85,724.84,200.0,200.0, , , , , ,, , , , , 
09:49:33,-0.46,-0.22,-0.27,0.08,-2.02,-0.31,-0.31,-0.48,-0.81,-0.42,0.1, , , , , ,724.88,724.84,500.0,200.0, , , , , ,, , , , , 
09:49:36,-0.58,-0.09,-0.4,0.06,-1.96,-0.44,-0.19,-0.43,-0.9,-0.14,0.1, , , , , ,725.0,724.69,1800.0,100.0, , , , , ,, , , , , 
09:49:39,-0.79,-0.27,-0.52,-0.11,-1.77,-0.59,-0.36,-0.17,-1.25,-0.33,0.28, , , , , ,724.8,724.61,300.0,200.0, , , , , ,, , , , , 
09:49:42,-0.91,-0.34,-0.81,-0.28,-1.28,-0.68,-0.28,0.27,-1.24,-0.46,0.55, , , , , ,724.5,724.47,9500.0,100.0, , , , , ,, , , , , 
09:49:45,-0.91,-0.64,-1.02,-0.52,-1.03,-0.73,-0.42,0.53,-0.99,-0.97,0.52, , , , , ,724.5,724.48,7900.0,100.0, , , , , ,, , , , , 
09:49:48,-0.9,-0.5,-0.94,-0.29,-0.65,-0.65,-0.35,1.11,-1.12,-0.85,0.62, , , , , ,724.49,724.32,1000.0,300.0, , , , , ,, , , , , 
09:49:51,-1.0,-0.55,-1.06,-0.42,-0.4,-0.77,-0.44,1.54,-1.18,-0.81,0.61, , , , , ,724.46,724.34,300.0,100.0, , , , , ,, , , , , 
09:49:54,-0.89,-0.34,-1.12,-0.26,0.33,-0.42,-0.22,2.42,-1.14,-0.53,1.15, , , , , ,724.0,723.99,200.0,5300.0, , , , , ,, , , , , 
09:49:57,-1.34,-0.73,-1.45,-0.66,0.42,-1.31,-0.57,2.61,-1.25,-0.95,1.15,-500.0,723.99,723.99,-500.0,-500.0,724.0,723.99,1200.0,3600.0, , , ,2018-05-18 09:49:57.637000,2018-05-18 09:49:57.637000,, , ,FILLED, , 
09:50:00,-1.84,-1.05,-1.92,-0.96,0.59,-2.06,-1.03,2.69,-1.55,-1.17,1.24,-500.0,723.9,723.9,-100.0,-600.0,723.97,723.9,2100.0,100.0, , , ,2018-05-18 09:50:00.647000,2018-05-18 09:50:00.647000,, , ,CANCELED, , 
09:50:03,-1.93,-1.31,-2.05,-1.46,0.93,-2.15,-1.18,2.67,-1.59,-1.31,1.38,-500.0,723.8,723.8,-100.0,-700.0,723.9,723.8,400.0,100.0, , , ,2018-05-18 09:50:04.003000,2018-05-18 09:50:04.003000,, , ,CANCELED, , 
09:50:06,-1.9,-1.35,-1.99,-1.43,1.21,-2.02,-1.24,2.75,-1.7,-1.37,1.53,-500.0,723.6,0.0,-0.0,-700.0,723.8,723.6,600.0,200.0, , , ,2018-05-18 09:50:07.021000,2018-05-18 09:50:07.021000,, , ,CANCELED, , 
09:50:09,-1.94,-1.38,-2.15,-1.5,1.54,-2.05,-1.24,2.82,-1.61,-1.39,1.65,-500.0,723.55,0.0,-0.0,-700.0,723.6,723.55,1200.0,500.0, , , ,2018-05-18 09:50:10.075000,2018-05-18 09:50:10.075000,, , ,CANCELED, , 
09:50:12,-1.67,-1.21,-1.76,-1.39,1.75,-1.72,-1.08,2.72,-1.52,-1.14,1.73,-500.0,723.5,723.5,-500.0,-1200.0,723.53,723.5,500.0,200.0, , , ,2018-05-18 09:50:13.078000,2018-05-18 09:50:13.078000,, , ,FILLED, , 
09:50:15,-1.8,-1.23,-1.91,-1.61,1.84,-1.88,-0.94,2.65,-1.63,-1.16,1.71,-500.0,723.38,723.38,-500.0,-1700.0,723.52,723.38,200.0,100.0, , , ,2018-05-18 09:50:15.690000,2018-05-18 09:50:15.690000,, , ,FILLED, , 
09:50:18,-1.58,-1.01,-1.59,-1.29,2.09,-1.56,-0.71,2.75,-1.6,-1.04,1.87, , , , , ,723.28,723.23,2500.0,100.0, , , , , ,, , , , , 
09:50:21,-1.16,-0.38,-1.32,-0.5,1.7,-0.97,-0.0,2.44,-1.19,-0.63,1.62, , , , , ,723.5,723.2,100.0,800.0, , , , , ,, , , , , 
09:50:24,-0.58,0.17,-0.7,-0.24,1.56,-0.49,0.54,2.33,-0.57,0.2,1.51, , , , , ,723.5,723.2,400.0,800.0, , , , , ,, , , , , 
09:50:27,-0.55,0.19,-0.82,-0.31,1.4,-0.43,0.45,2.37,-0.4,0.43,1.48, , , , , ,723.55,723.2,100.0,500.0, , , , , ,, , , , , 
09:50:30,-0.33,0.38,-0.39,-0.06,1.22,-0.48,0.7,2.23,-0.12,0.49,1.35, , , , , ,723.55,723.51,100.0,100.0, , , , , ,, , , , , 
09:50:33,-0.07,0.59,-0.19,0.11,1.79,-0.08,0.98,2.76,0.08,0.67,1.88, , , , , ,723.22,723.2,800.0,6400.0, , , , , ,, , , , , 
09:50:36,0.25,1.0,0.16,0.5,1.47,0.24,1.31,2.45,0.35,1.18,1.52,1700.0,723.42,723.42,300.0,-1400.0,723.55,723.4,2800.0,1300.0, , , ,2018-05-18 09:50:36.700000,2018-05-18 09:50:36.700000,, , ,CANCELED, , 
09:50:39,0.31,1.2,0.2,0.67,1.55,0.35,1.33,2.45,0.37,1.61,1.54,1400.0,723.44,723.44,100.0,-1300.0,723.5,723.42,100.0,1400.0, , , ,2018-05-18 09:50:40.188000,2018-05-18 09:50:40.188000,, , ,CANCELED, , 
09:50:42,0.49,1.32,0.51,1.06,1.59,0.5,1.43,2.32,0.47,1.49,1.43,1300.0,723.53,0.0,0.0,-1300.0,723.55,723.51,1600.0,1000.0, , , ,2018-05-18 09:50:43.211000,2018-05-18 09:50:43.211000,, , ,CANCELED, , 
09:50:45,0.68,1.58,0.6,1.53,1.53,0.85,1.59,1.95,0.57,1.62,1.07,1300.0,723.57,723.57,400.0,-900.0,723.99,723.55,400.0,3400.0, , , ,2018-05-18 09:50:46.236000,2018-05-18 09:50:46.236000,, , ,CANCELED, , 
09:50:48,0.52,1.68,0.43,1.7,1.37,0.57,1.64,1.33,0.55,1.7,0.42, , , , , ,724.86,723.58,2600.0,300.0, , , , , ,, , , , , 
09:50:51,0.39,1.65,0.57,1.7,1.78,0.4,1.59,1.24,0.22,1.65,0.41, , , , , ,724.86,723.59,2100.0,800.0, , , , , ,, , , , , 
09:50:54,0.62,1.68,0.9,1.68,2.09,0.71,1.67,1.15,0.27,1.68,0.41,900.0,723.63,723.63,100.0,-800.0,724.86,723.61,2100.0,100.0, , , ,2018-05-18 09:50:54.697000,2018-05-18 09:50:54.697000,, , ,CANCELED, , 
09:50:57,0.54,1.61,0.85,1.71,2.21,0.51,1.57,1.01,0.26,1.56,0.32,800.0,723.71,0.0,0.0,-800.0,724.86,723.69,2100.0,1000.0, , , ,2018-05-18 09:50:58.323000,2018-05-18 09:50:58.323000,, , ,CANCELED, , 
09:51:00,0.2,1.58,0.36,1.53,1.95,0.31,1.64,0.64,-0.06,1.57,0.03, , , , , ,724.85,724.09,100.0,200.0, , , , , ,, , , , , 
09:51:03,0.07,1.46,0.24,1.38,1.8,0.13,1.47,0.6,-0.15,1.53,0.0, , , , , ,724.86,724.1,2200.0,500.0, , , , , ,, , , , , 
09:51:06,0.05,1.44,0.12,1.47,1.16,-0.02,1.43,0.09,0.05,1.42,-0.54, , , , , ,724.86,724.85,100.0,100.0, , , , , ,, , , , , 
09:51:09,0.3,1.53,0.28,1.72,1.55,0.27,1.67,0.59,0.35,1.19,-0.02, , , , , ,724.86,724.11,500.0,300.0, , , , , ,, , , , , 
09:51:12,0.3,1.6,0.18,1.65,0.77,0.34,1.81,-0.04,0.37,1.33,-0.59, , , , , ,725.01,724.85,400.0,100.0, , , , , ,, , , , , 
09:51:15,0.09,1.34,0.16,1.3,0.7,-0.08,1.34,0.08,0.2,1.39,-0.45, , , , , ,724.86,724.85,2300.0,100.0, , , , , ,, , , , , 
09:51:18,0.03,1.16,0.13,1.2,0.54,-0.14,1.05,0.08,0.1,1.22,-0.41, , , , , ,724.86,724.85,2300.0,300.0, , , , , ,, , , , , 
09:51:21,0.02,1.3,0.11,1.49,0.94,0.03,1.07,0.67,-0.09,1.35,0.21, , , , , ,724.86,724.0,2700.0,1100.0, , , , , ,, , , , , 
09:51:24,-0.22,0.88,0.09,1.3,1.2,-0.11,0.71,1.04,-0.65,0.64,0.54, , , , , ,724.34,724.0,500.0,1100.0, , , , , ,, , , , , 
09:51:27,-0.31,0.92,0.1,1.23,0.91,-0.26,0.67,0.7,-0.77,0.86,0.14, , , , , ,724.86,724.01,1100.0,200.0, , , , , ,, , , , , 
09:51:30,0.04,1.28,0.24,1.39,0.89,0.05,1.21,0.58,-0.18,1.23,-0.01, , , , , ,724.86,724.15,300.0,1000.0, , , , , ,, , , , , 
09:51:33,-0.11,1.09,0.0,1.14,0.93,-0.15,1.05,0.54,-0.19,1.1,-0.03, , , , , ,724.86,724.2,300.0,200.0, , , , , ,, , , , , 
09:51:36,-0.06,1.04,0.08,1.07,0.96,0.03,1.2,0.5,-0.31,0.84,-0.03, , , , , ,724.86,724.25,100.0,100.0, , , , , ,, , , , , 
09:51:39,-0.22,0.97,0.1,0.91,0.93,-0.28,1.08,0.49,-0.47,0.9,-0.04, , , , , ,724.86,724.25,400.0,100.0, , , , , ,, , , , , 
09:51:42,-0.29,0.9,0.01,0.77,0.73,-0.43,1.02,0.33,-0.44,0.92,-0.22, , , , , ,724.86,724.5,200.0,100.0, , , , , ,, , , , , 
09:51:45,-0.34,0.89,-0.02,0.83,0.34,-0.53,0.91,-0.02,-0.46,0.92,-0.61, , , , , ,725.01,724.86,400.0,100.0, , , , , ,, , , , , 
09:51:48,-0.73,0.57,-0.86,0.64,-0.2,-0.86,0.43,-0.57,-0.47,0.65,-1.2, , , , , ,725.8,724.86,100.0,700.0, , , , , ,, , , , , 
09:51:51,-0.85,0.58,-0.69,0.81,-1.06,-1.07,0.27,-1.38,-0.78,0.66,-1.98, , , , , ,725.99,725.8,800.0,100.0, , , , , ,, , , , , 
09:51:54,-0.83,0.84,-0.61,1.09,-1.16,-1.2,0.69,-1.4,-0.7,0.74,-1.99, , , , , ,725.99,725.81,800.0,100.0, , , , , ,, , , , , 
09:51:57,-0.64,0.75,-0.44,0.86,-1.19,-0.92,0.78,-1.36,-0.57,0.62,-1.98, , , , , ,725.95,725.8,200.0,900.0, , , , , ,, , , , , 
09:52:00,-0.6,0.61,-0.44,0.96,-1.27,-0.9,0.33,-1.31,-0.47,0.54,-1.95, , , , , ,725.9,725.8,100.0,1000.0, , , , , ,, , , , , 
09:52:03,-0.63,0.4,-0.38,0.69,-1.36,-0.86,0.08,-1.38,-0.65,0.43,-2.04, , , , , ,726.0,725.81,1000.0,100.0, , , , , ,, , , , , 
09:52:06,-0.8,0.48,-0.29,0.61,-0.82,-1.04,0.27,-0.81,-1.06,0.58,-1.49, , , , , ,726.0,725.01,600.0,700.0, , , , , ,, , , , , 
09:52:09,-0.87,0.34,-0.58,0.43,-0.84,-0.92,0.25,-0.81,-1.12,0.32,-1.5, , , , , ,726.0,725.04,1000.0,100.0, , , , , ,, , , , , 
09:52:12,-1.14,-0.11,-0.9,0.07,-0.85,-1.16,-0.13,-0.83,-1.36,-0.26,-1.48, , , , , ,726.0,725.04,1700.0,100.0, , , , , ,, , , , , 
09:52:15,-1.28,-0.39,-1.11,-0.2,-0.68,-1.21,-0.33,-0.67,-1.52,-0.62,-1.29, , , , , ,725.79,725.01,600.0,400.0, , , , , ,, , , , , 
09:52:18,-1.17,-0.03,-0.99,0.2,-0.15,-1.13,-0.02,-0.15,-1.37,-0.29,-0.77, , , , , ,725.03,725.01,500.0,200.0, , , , , ,, , , , , 
09:52:21,-0.83,-0.01,-0.57,0.19,-0.14,-0.85,-0.03,-0.15,-1.06,-0.19,-0.77, , , , , ,725.03,725.01,200.0,100.0, , , , , ,, , , , , 
09:52:24,-0.8,0.09,-0.61,0.26,-0.12,-0.91,0.09,-0.12,-0.89,-0.09,-0.78, , , , , ,725.03,725.0,300.0,2000.0, , , , , ,, , , , , 
09:52:27,-0.72,0.12,-0.46,0.47,-0.19,-0.96,0.13,-0.21,-0.74,-0.25,-0.89, , , , , ,725.13,725.03,200.0,400.0, , , , , ,, , , , , 
09:52:30,-0.62,0.29,-0.49,0.36,-0.44,-0.78,0.31,-0.43,-0.6,0.19,-1.14, , , , , ,725.36,725.13,600.0,300.0, , , , , ,, , , , , 
09:52:33,-0.63,0.21,-0.52,0.28,-0.45,-0.78,0.17,-0.43,-0.6,0.2,-1.19, , , , , ,725.36,725.13,600.0,200.0, , , , , ,, , , , , 
09:52:36,-0.57,0.26,-0.45,0.29,-0.46,-0.72,0.19,-0.45,-0.54,0.29,-1.26, , , , , ,725.36,725.13,100.0,200.0, , , , , ,, , , , , 
09:52:39,-0.41,0.24,-0.32,0.21,-0.46,-0.51,0.23,-0.47,-0.41,0.29,-1.32, , , , , ,725.32,725.17,100.0,100.0, , , , , ,, , , , , 
09:52:42,-0.43,0.36,-0.35,0.3,-0.34,-0.53,0.36,-0.4,-0.41,0.42,-1.3, , , , , ,725.22,725.13,100.0,200.0, , , , , ,, , , , , 
09:52:45,-0.47,0.23,-0.4,0.21,-0.34,-0.55,0.18,-0.42,-0.47,0.3,-1.31, , , , , ,725.32,725.02,200.0,100.0, , , , , ,, , , , , 
09:52:48,-0.47,0.21,-0.34,0.12,-0.3,-0.49,0.17,-0.38,-0.59,0.34,-1.29, , , , , ,725.14,725.12,100.0,200.0, , , , , ,, , , , , 
09:52:51,-0.47,0.17,-0.33,0.07,-0.49,-0.48,0.23,-0.57,-0.59,0.22,-1.5, , , , , ,725.32,725.2,200.0,300.0, , , , , ,, , , , , 
09:52:54,-0.74,-0.07,-0.67,-0.1,-0.06,-0.64,-0.12,-0.14,-0.92,0.03,-1.07, , , , , ,725.0,724.86,4100.0,2400.0, , , , , ,, , , , , 
09:52:57,-0.99,-0.46,-0.94,-0.41,-0.07,-0.97,-0.49,-0.15,-1.07,-0.5,-1.09, , , , , ,725.0,724.86,4600.0,2300.0, , , , , ,, , , , , 
09:53:00,-1.03,-0.49,-0.87,-0.48,-0.04,-1.05,-0.3,-0.12,-1.16,-0.68,-1.08, , , , , ,724.97,724.87,600.0,100.0, , , , , ,, , , , , 
09:53:03,-0.92,-0.51,-0.87,-0.43,-0.03,-0.89,-0.36,-0.12,-0.99,-0.75,-1.09, , , , , ,725.0,724.86,5500.0,2300.0, , , , , ,, , , , , 
09:53:06,-0.93,-0.42,-0.92,-0.45,0.05,-0.86,-0.2,-0.11,-1.0,-0.6,-1.07, , , , , ,724.91,724.86,100.0,1900.0, , , , , ,, , , , , 
09:53:09,-0.83,-0.51,-0.76,-0.45,0.01,-0.81,-0.46,-0.23,-0.93,-0.61,-1.19, , , , , ,725.0,724.86,6500.0,1900.0, , , , , ,, , , , , 
09:53:12,-0.96,-0.56,-0.81,-0.52,0.03,-0.97,-0.4,-0.19,-1.11,-0.75,-1.19, , , , , ,724.94,724.86,100.0,1800.0, , , , , ,, , , , , 
09:53:15,-0.95,-0.56,-0.83,-0.41,0.02,-0.87,-0.37,-0.29,-1.15,-0.9,-1.23, , , , , ,724.94,724.87,300.0,100.0, , , , , ,, , , , , 
09:53:18,-0.98,-0.44,-0.89,-0.39,0.03,-0.95,-0.2,-0.4,-1.09,-0.73,-1.21, , , , , ,724.92,724.87,200.0,100.0, , , , , ,, , , , , 
09:53:21,-0.89,-0.52,-0.77,-0.33,-0.02,-0.91,-0.37,-0.57,-1.0,-0.86,-1.25, , , , , ,725.0,724.87,5500.0,100.0, , , , , ,, , , , , 
09:53:24,-0.77,-0.26,-0.55,-0.17,0.0,-0.78,-0.07,-0.67,-0.99,-0.55,-1.23, , , , , ,725.0,724.86,5300.0,1800.0, , , , , ,, , , , , 
09:53:27,-0.74,-0.36,-0.63,-0.24,-0.01,-0.66,-0.12,-0.68,-0.94,-0.71,-1.23, , , , , ,725.0,724.87,5800.0,100.0, , , , , ,, , , , , 
09:53:30,-0.72,-0.33,-0.59,-0.25,-0.05,-0.71,-0.11,-0.64,-0.85,-0.63,-1.3, , , , , ,725.0,724.94,6000.0,100.0, , , , , ,, , , , , 
09:53:33,-0.8,-0.51,-0.58,-0.25,0.1,-0.86,-0.37,-0.4,-0.95,-0.92,-1.19, , , , , ,724.87,724.86,100.0,1500.0, , , , , ,, , , , , 
09:53:36,-0.78,-0.46,-0.62,-0.24,0.03,-0.76,-0.2,-0.45,-0.97,-0.93,-1.28, , , , , ,724.94,724.86,100.0,800.0, , , , , ,, , , , , 
09:53:39,-0.83,-0.49,-0.73,-0.28,-0.04,-0.8,-0.23,-0.48,-0.96,-0.96,-1.37, , , , , ,724.94,724.92,200.0,100.0, , , , , ,, , , , , 
09:53:42,-0.74,-0.35,-0.73,-0.22,-0.06,-0.69,-0.1,-0.51,-0.8,-0.72,-1.42, , , , , ,724.94,724.92,100.0,100.0, , , , , ,, , , , , 
09:53:45,-0.74,-0.46,-0.64,-0.22,-0.09,-0.7,-0.3,-0.53,-0.88,-0.85,-1.44, , , , , ,724.94,724.92,300.0,100.0, , , , , ,, , , , , 
09:53:48,-0.77,-0.44,-0.61,-0.22,-0.06,-0.73,-0.23,-0.52,-0.95,-0.88,-1.4, , , , , ,724.94,724.86,200.0,700.0, , , , , ,, , , , , 
09:53:51,-0.84,-0.5,-0.64,-0.19,-0.07,-0.83,-0.29,-0.51,-1.06,-1.03,-1.39, , , , , ,724.92,724.86,200.0,700.0, , , , , ,, , , , , 
09:53:54,-0.84,-0.43,-0.65,-0.23,-0.07,-0.79,-0.17,-0.48,-1.07,-0.89,-1.44, , , , , ,724.89,724.86,100.0,700.0, , , , , ,, , , , , 
09:53:57,-0.8,-0.47,-0.57,-0.26,-0.08,-0.73,-0.19,-0.51,-1.09,-0.96,-1.56, , , , , ,724.9,724.86,200.0,700.0, , , , , ,, , , , , 
09:54:00,-0.78,-0.37,-0.61,-0.23,-0.07,-0.67,-0.14,-0.54,-1.06,-0.74,-1.7, , , , , ,724.89,724.88,100.0,100.0, , , , , ,, , , , , 
09:54:03,-0.84,-0.43,-0.65,-0.29,-0.13,-0.77,-0.18,-0.64,-1.11,-0.82,-1.92, , , , , ,725.0,724.88,6300.0,100.0, , , , , ,, , , , , 
09:54:06,-0.79,-0.37,-0.62,-0.23,-0.17,-0.76,-0.22,-0.65,-0.98,-0.64,-2.04, , , , , ,724.98,724.88,100.0,200.0, , , , , ,, , , , , 
09:54:09,-0.85,-0.52,-0.61,-0.3,-0.23,-0.84,-0.37,-0.64,-1.11,-0.89,-2.13, , , , , ,724.98,724.88,200.0,200.0, , , , , ,, , , , , 
09:54:12,-0.87,-0.51,-0.65,-0.31,-0.22,-0.85,-0.36,-0.58,-1.09,-0.86,-2.22, , , , , ,724.96,724.89,200.0,100.0, , , , , ,, , , , , 
09:54:15,-1.03,-0.57,-0.8,-0.39,-0.3,-1.03,-0.39,-0.52,-1.26,-0.95,-2.28, , , , , ,724.92,724.89,100.0,100.0, , , , , ,, , , , , 
09:54:18,-0.96,-0.53,-0.79,-0.39,-0.42,-0.9,-0.38,-0.49,-1.18,-0.83,-2.33, , , , , ,724.93,724.9,100.0,100.0, , , , , ,, , , , , 
09:54:21,-1.04,-0.62,-0.83,-0.38,-0.53,-0.97,-0.46,-0.44,-1.32,-1.01,-2.36, , , , , ,724.91,724.9,100.0,100.0, , , , , ,, , , , , 
09:54:24,-1.02,-0.56,-0.74,-0.38,-0.68,-1.0,-0.34,-0.53,-1.31,-0.95,-2.46, , , , , ,725.0,724.89,5300.0,100.0, , , , , ,, , , , , 
09:54:27,-0.92,-0.46,-0.68,-0.29,-0.7,-0.91,-0.19,-0.57,-1.16,-0.9,-2.51, , , , , ,725.0,724.89,5200.0,100.0, , , , , ,, , , , , 
09:54:30,-0.87,-0.4,-0.61,-0.3,-0.58,-0.89,-0.22,-0.59,-1.12,-0.68,-2.55, , , , , ,725.0,724.86,5200.0,300.0, , , , , ,, , , , , 
09:54:33,-0.8,-0.36,-0.58,-0.28,-0.49,-0.76,-0.23,-0.58,-1.07,-0.56,-2.57, , , , , ,725.0,724.86,4800.0,300.0, , , , , ,, , , , , 
09:54:36,-0.66,-0.2,-0.46,-0.19,-0.48,-0.61,-0.07,-0.55,-0.92,-0.33,-2.6, , , , , ,725.0,724.86,4600.0,100.0, , , , , ,, , , , , 
09:54:39,-0.8,-0.35,-0.57,-0.24,-0.41,-0.77,-0.19,-0.47,-1.07,-0.6,-2.5, , , , , ,724.89,724.86,200.0,100.0, , , , , ,, , , , , 
09:54:42,-0.81,-0.38,-0.62,-0.21,-0.43,-0.77,-0.25,-0.48,-1.05,-0.68,-2.52, , , , , ,724.88,724.87,600.0,100.0, , , , , ,, , , , , 
09:54:45,-0.82,-0.4,-0.62,-0.26,-0.44,-0.8,-0.2,-0.52,-1.04,-0.73,-2.53, , , , , ,724.88,724.86,500.0,100.0, , , , , ,, , , , , 
09:54:48,-0.87,-0.43,-0.68,-0.28,-0.42,-0.85,-0.3,-0.52,-1.06,-0.7,-2.51, , , , , ,724.88,724.8,500.0,100.0, , , , , ,, , , , , 
09:54:51,-0.96,-0.45,-0.72,-0.29,-0.43,-0.94,-0.39,-0.52,-1.21,-0.66,-2.56, , , , , ,724.86,724.81,100.0,100.0, , , , , ,, , , , , 
09:54:54,-0.85,-0.38,-0.71,-0.31,-0.42,-0.8,-0.3,-0.52,-1.04,-0.52,-2.6, , , , , ,724.86,724.81,100.0,100.0, , , , , ,, , , , , 
09:54:57,-0.98,-0.49,-0.79,-0.36,-0.4,-0.96,-0.47,-0.48,-1.18,-0.64,-2.6, , , , , ,724.83,724.76,100.0,100.0, , , , , ,, , , , , 
09:55:00,-0.96,-0.45,-0.75,-0.36,-0.47,-0.95,-0.38,-0.54,-1.18,-0.6,-2.69, , , , , ,724.86,724.8,100.0,100.0, , , , , ,, , , , , 
09:55:03,-0.84,-0.29,-0.69,-0.25,-0.55,-0.82,-0.1,-0.61,-1.01,-0.51,-2.79, , , , , ,724.88,724.87,100.0,100.0, , , , , ,, , , , , 
09:55:06,-0.66,-0.08,-0.5,-0.06,-0.57,-0.63,0.05,-0.62,-0.86,-0.21,-2.88, , , , , ,724.88,724.87,100.0,200.0, , , , , ,, , , , , 
09:55:09,-0.69,-0.23,-0.52,-0.16,-0.24,-0.63,-0.19,-0.29,-0.91,-0.35,-2.65, , , , , ,724.88,724.41,900.0,100.0, , , , , ,, , , , , 
09:55:12,-0.63,-0.1,-0.46,-0.1,-0.22,-0.61,-0.02,-0.29,-0.84,-0.17,-2.75, , , , , ,724.88,724.44,900.0,100.0, , , , , ,, , , , , 
09:55:15,-0.61,-0.05,-0.47,-0.1,-0.47,-0.65,0.02,-0.56,-0.7,-0.08,-3.12, , , , , ,724.88,724.86,900.0,600.0, , , , , ,, , , , , 
09:55:18,-0.59,0.08,-0.45,0.17,-0.04,-0.51,0.17,-0.17,-0.81,-0.1,-2.81, , , , , ,724.8,724.37,1900.0,100.0, , , , , ,, , , , , 
09:55:21,-0.64,0.08,-0.5,0.13,0.38,-0.57,0.2,0.2,-0.85,-0.08,-2.67, , , , , ,724.41,724.22,100.0,100.0, , , , , ,, , , , , 
09:55:24,-0.68,0.07,-0.58,0.12,0.34,-0.66,0.06,0.18,-0.81,0.04,-2.79, , , , , ,724.39,724.24,300.0,200.0, , , , , ,, , , , , 
09:55:27,-0.49,0.12,-0.41,0.06,-0.05,-0.3,0.26,-0.19,-0.75,0.02,-3.35, , , , , ,724.7,724.44,500.0,3900.0, , , , , ,, , , , , 
09:55:30,-0.37,0.25,-0.48,0.08,-0.1,-0.26,0.38,-0.2,-0.36,0.3,-3.42, , , , , ,724.7,724.44,500.0,3900.0, , , , , ,, , , , , 
09:55:33,-0.19,0.4,-0.27,0.17,-0.09,-0.1,0.56,-0.26,-0.21,0.47,-3.36, , , , , ,724.7,724.44,500.0,3900.0, , , , , ,, , , , , 
09:55:36,-0.23,0.42,-0.34,0.12,-0.05,-0.26,0.37,-0.33,-0.08,0.77,-3.38, , , , , ,724.7,724.44,500.0,3700.0, , , , , ,, , , , , 
09:55:39,-0.36,0.26,-0.47,0.06,-0.1,-0.39,0.22,-0.44,-0.21,0.49,-3.4, , , , , ,724.7,724.5,1800.0,100.0, , , , , ,, , , , , 
09:55:42,-0.42,0.26,-0.43,0.06,-0.07,-0.49,0.24,-0.47,-0.34,0.47,-3.44, , , , , ,724.7,724.44,1500.0,500.0, , , , , ,, , , , , 
09:55:45,-0.66,-0.04,-0.52,-0.09,-0.02,-0.66,-0.08,-0.4,-0.79,0.05,-3.41, , , , , ,724.57,724.44,200.0,500.0, , , , , ,, , , , , 
09:55:48,-0.7,-0.07,-0.6,-0.01,-0.07,-0.81,-0.05,-0.44,-0.69,-0.14,-3.49, , , , , ,724.57,724.45,200.0,100.0, , , , , ,, , , , , 
09:55:51,-0.67,-0.15,-0.52,-0.17,-0.11,-0.78,-0.12,-0.5,-0.72,-0.15,-3.54, , , , , ,724.57,724.5,800.0,500.0, , , , , ,, , , , , 
09:55:54,-0.71,-0.3,-0.56,-0.16,-0.11,-0.8,-0.37,-0.52,-0.76,-0.36,-3.55, , , , , ,724.56,724.5,600.0,500.0, , , , , ,, , , , , 
09:55:57,-0.72,-0.34,-0.56,-0.17,-0.13,-0.84,-0.38,-0.55,-0.77,-0.46,-3.58, , , , , ,724.57,724.5,300.0,500.0, , , , , ,, , , , , 
09:56:00,-0.7,-0.39,-0.55,-0.08,-0.01,-0.77,-0.49,-0.42,-0.77,-0.59,-3.47, , , , , ,724.45,724.44,200.0,500.0, , , , , ,, , , , , 
09:56:03,-0.75,-0.36,-0.62,-0.15,-0.04,-0.74,-0.39,-0.43,-0.88,-0.55,-3.47, , , , , ,724.46,724.44,400.0,400.0, , , , , ,, , , , , 
09:56:06,-0.62,-0.22,-0.64,-0.06,-0.07,-0.55,-0.19,-0.52,-0.68,-0.41,-3.56, , , , , ,724.5,724.46,100.0,100.0, , , , , ,, , , , , 
09:56:09,-0.73,-0.36,-0.65,-0.21,-0.06,-0.79,-0.42,-0.55,-0.76,-0.45,-3.69, , , , , ,724.5,724.45,200.0,200.0, , , , , ,, , , , , 
09:56:12,-0.69,-0.37,-0.62,-0.18,-0.04,-0.77,-0.42,-0.6,-0.69,-0.51,-3.75, , , , , ,724.5,724.45,200.0,200.0, , , , , ,, , , , , 
09:56:15,-0.67,-0.27,-0.56,-0.14,-0.15,-0.72,-0.39,-0.77,-0.73,-0.29,-3.98, , , , , ,724.69,724.45,200.0,400.0, , , , , ,, , , , , 
09:56:18,-0.5,-0.16,-0.5,-0.07,-0.18,-0.51,-0.23,-0.79,-0.47,-0.17,-4.0, , , , , ,724.69,724.5,200.0,400.0, , , , , ,, , , , , 
09:56:21,-0.44,-0.13,-0.47,-0.03,-0.2,-0.48,-0.19,-0.78,-0.37,-0.16,-3.91, , , , , ,724.69,724.5,400.0,200.0, , , , , ,, , , , , 
09:56:24,-0.41,-0.07,-0.43,0.01,-0.18,-0.45,-0.14,-0.74,-0.36,-0.08,-3.83, , , , , ,724.65,724.5,200.0,300.0, , , , , ,, , , , , 
09:56:27,-0.62,-0.2,-0.46,-0.08,-0.07,-0.67,-0.25,-0.61,-0.72,-0.28,-3.62, , , , , ,724.5,724.47,200.0,200.0, , , , , ,, , , , , 
09:56:30,-0.65,-0.22,-0.48,-0.04,-0.07,-0.68,-0.23,-0.61,-0.79,-0.37,-3.58, , , , , ,724.48,724.47,200.0,200.0, , , , , ,, , , , , 
09:56:33,-0.6,-0.18,-0.51,-0.06,-0.13,-0.62,-0.13,-0.65,-0.68,-0.34,-3.45, , , , , ,724.48,724.47,100.0,200.0, , , , , ,, , , , , 
09:56:36,-0.38,0.01,-0.42,0.06,-0.36,-0.3,0.03,-0.86,-0.42,-0.06,-3.52, , , , , ,724.69,724.5,400.0,300.0, , , , , ,, , , , , 
09:56:39,-0.65,-0.19,-0.55,-0.1,-0.42,-0.65,-0.21,-0.9,-0.74,-0.24,-3.44, , , , , ,724.69,724.48,500.0,100.0, , , , , ,, , , , , 
09:56:42,-0.64,-0.23,-0.5,-0.09,-0.32,-0.68,-0.33,-0.77,-0.73,-0.27,-3.15, , , , , ,724.47,724.45,100.0,500.0, , , , , ,, , , , , 
09:56:45,-0.74,-0.35,-0.52,-0.09,-0.33,-0.81,-0.49,-0.79,-0.91,-0.48,-3.0, , , , , ,724.46,724.45,100.0,500.0, , , , , ,, , , , , 
09:56:48,-0.78,-0.37,-0.56,-0.14,-0.4,-0.74,-0.43,-0.81,-1.04,-0.54,-2.74, , , , , ,724.5,724.45,200.0,400.0, , , , , ,, , , , , 
09:56:51,-0.98,-0.46,-0.65,-0.15,-0.39,-0.95,-0.61,-0.79,-1.32,-0.62,-2.51, , , , , ,724.46,724.45,200.0,300.0, , , , , ,, , , , , 
09:56:54,-1.04,-0.55,-0.7,-0.3,-0.4,-1.08,-0.69,-0.84,-1.35,-0.67,-2.41, , , , , ,724.45,724.44,100.0,300.0, , , , , ,, , , , , 
09:56:57,-1.09,-0.61,-0.67,-0.35,-0.42,-1.18,-0.79,-0.96,-1.41,-0.7,-2.47, , , , , ,724.45,724.44,100.0,100.0, , , , , ,, , , , , 
09:57:00,-1.11,-0.7,-0.71,-0.44,-0.4,-1.2,-0.86,-1.06,-1.41,-0.79,-2.66, , , , , ,724.45,724.4,1000.0,300.0, , , , , ,, , , , , 
09:57:03,-1.14,-0.74,-0.69,-0.47,-0.41,-1.21,-0.97,-1.22,-1.52,-0.79,-2.79,-200.0,724.41,724.41,-200.0,-1000.0,724.45,724.41,1000.0,100.0, , , ,2018-05-18 09:57:03.640000,2018-05-18 09:57:03.640000,, , ,FILLED, , 
09:57:06,-1.1,-0.66,-0.75,-0.38,-0.42,-1.17,-0.88,-1.31,-1.39,-0.71,-2.75, , , , , ,724.41,724.4,100.0,200.0, , , , , ,, , , , , 
09:57:09,-1.06,-0.59,-0.69,-0.33,-0.52,-1.09,-0.74,-1.47,-1.39,-0.71,-2.7, , , , , ,724.5,724.4,1600.0,200.0, , , , , ,, , , , , 
09:57:12,-1.02,-0.61,-0.62,-0.36,-0.56,-1.08,-0.76,-1.56,-1.36,-0.7,-2.62, , , , , ,724.5,724.4,1600.0,100.0, , , , , ,, , , , , 
09:57:15,-1.04,-0.58,-0.59,-0.32,-0.65,-0.98,-0.74,-1.71,-1.56,-0.69,-2.55, , , , , ,724.5,724.47,1600.0,100.0, , , , , ,, , , , , 
09:57:18,-0.9,-0.49,-0.56,-0.29,-0.6,-0.86,-0.62,-1.71,-1.27,-0.55,-2.45, , , , , ,724.5,724.41,1600.0,400.0, , , , , ,, , , , , 
09:57:21,-0.88,-0.48,-0.54,-0.29,-0.59,-0.86,-0.62,-1.75,-1.23,-0.54,-2.42, , , , , ,724.5,724.41,1600.0,400.0, , , , , ,, , , , , 
09:57:24,-0.87,-0.51,-0.52,-0.29,-0.54,-0.84,-0.67,-1.75,-1.25,-0.58,-2.28, , , , , ,724.45,724.41,400.0,400.0, , , , , ,, , , , , 
09:57:27,-0.99,-0.53,-0.55,-0.24,-0.57,-0.99,-0.72,-1.83,-1.41,-0.63,-2.22, , , , , ,724.5,724.4,1800.0,200.0, , , , , ,, , , , , 
09:57:30,-1.03,-0.51,-0.57,-0.23,-0.52,-1.03,-0.69,-1.82,-1.5,-0.59,-2.08, , , , , ,724.41,724.4,100.0,200.0, , , , , ,, , , , , 
09:57:33,-1.21,-0.6,-0.67,-0.29,-0.55,-1.15,-0.79,-1.85,-1.79,-0.73,-1.97, , , , , ,724.41,724.4,100.0,100.0, , , , , ,, , , , , 
09:57:36,-1.19,-0.63,-0.78,-0.37,-0.41,-1.12,-0.76,-1.69,-1.68,-0.77,-1.7, , , , , ,724.3,724.23,6600.0,100.0, , , , , ,, , , , , 
09:57:39,-1.2,-0.68,-0.72,-0.36,-0.44,-1.16,-0.91,-1.65,-1.71,-0.77,-1.62, , , , , ,724.3,724.2,6600.0,100.0, , , , , ,, , , , , 
09:57:42,-1.19,-0.68,-0.8,-0.44,-0.42,-1.15,-0.85,-1.6,-1.6,-0.75,-1.52, , , , , ,724.22,724.2,200.0,100.0, , , , , ,, , , , , 
09:57:45,-1.21,-0.68,-0.82,-0.49,-0.45,-1.18,-0.79,-1.62,-1.63,-0.77,-1.52, , , , , ,724.23,724.19,100.0,200.0, , , , , ,, , , , , 
09:57:48,-1.18,-0.67,-0.82,-0.5,-0.42,-1.16,-0.89,-1.62,-1.56,-0.63,-1.42, , , , , ,724.2,724.19,1200.0,200.0, , , , , ,, , , , , 
09:57:51,-1.29,-0.72,-0.86,-0.49,-0.37,-1.26,-0.98,-1.62,-1.75,-0.69,-1.26, , , , , ,724.2,724.1,1200.0,200.0, , , , , ,, , , , , 
09:57:54,-1.29,-0.73,-0.89,-0.57,-0.41,-1.26,-0.88,-1.64,-1.72,-0.74,-1.13, , , , , ,724.17,724.1,300.0,200.0, , , , , ,, , , , , 
09:57:57,-1.32,-0.77,-0.87,-0.64,-0.54,-1.37,-0.89,-1.7,-1.73,-0.79,-1.02, , , , , ,724.17,724.1,500.0,100.0, , , , , ,, , , , , 
09:58:00,-1.23,-0.68,-0.8,-0.53,-0.68,-1.22,-0.81,-1.74,-1.67,-0.72,-1.01, , , , , ,724.17,724.11,500.0,100.0, , , , , ,, , , , , 
09:58:03,-1.08,-0.36,-0.66,-0.22,-0.82,-1.07,-0.48,-1.78,-1.52,-0.36,-0.92, , , , , ,724.17,724.11,100.0,100.0, , , , , ,, , , , , 
09:58:06,-1.04,-0.35,-0.62,-0.25,-0.93,-1.13,-0.47,-1.85,-1.37,-0.35,-0.93, , , , , ,724.15,724.1,100.0,100.0, , , , , ,, , , , , 
09:58:09,-1.11,-0.4,-0.66,-0.31,-0.88,-1.15,-0.54,-1.79,-1.52,-0.34,-0.83, , , , , ,724.05,724.0,100.0,5800.0, , , , , ,, , , , , 
09:58:12,-1.06,-0.4,-0.65,-0.28,-0.95,-1.09,-0.49,-1.85,-1.44,-0.41,-0.83, , , , , ,724.01,724.0,100.0,5700.0, , , , , ,, , , , , 
09:58:15,-1.23,-0.52,-0.74,-0.51,-1.05,-1.42,-0.59,-1.94,-1.52,-0.45,-0.97, , , , , ,724.02,724.0,300.0,4100.0, , , , , ,, , , , , 
09:58:18,-1.38,-0.54,-1.06,-0.43,-1.09,-1.46,-0.72,-2.02,-1.61,-0.47,-1.0, , , , , ,724.02,724.0,100.0,1100.0, , , , , ,, , , , , 
09:58:21,-1.43,-0.63,-1.16,-0.56,-1.18,-1.45,-0.77,-2.3,-1.67,-0.54,-1.07, , , , , ,724.1,724.0,100.0,500.0, , , , , ,, , , , , 
09:58:24,-1.27,-0.67,-0.99,-0.6,-1.22,-1.31,-0.88,-2.42,-1.51,-0.54,-1.08, , , , , ,724.07,724.01,700.0,100.0, , , , , ,, , , , , 
09:58:27,-1.15,-0.56,-0.91,-0.48,-1.26,-1.22,-0.69,-2.62,-1.33,-0.52,-1.2, , , , , ,724.08,724.0,700.0,1600.0, , , , , ,, , , , , 
09:58:30,-0.99,-0.37,-0.72,-0.26,-1.31,-1.1,-0.4,-2.68,-1.16,-0.44,-1.28, , , , , ,724.06,724.0,700.0,1900.0, , , , , ,, , , , , 
09:58:33,-1.08,-0.44,-0.82,-0.39,-1.31,-1.16,-0.47,-2.58,-1.26,-0.46,-1.34, , , , , ,724.02,724.0,600.0,800.0, , , , , ,, , , , , 
09:58:36,-1.1,-0.51,-0.9,-0.46,-1.24,-1.13,-0.61,-2.51,-1.27,-0.46,-1.4, , , , , ,724.0,723.88,300.0,100.0, , , , , ,, , , , , 
09:58:39,-1.09,-0.52,-0.77,-0.45,-1.15,-1.21,-0.65,-2.42,-1.29,-0.46,-1.35, , , , , ,723.91,723.87,100.0,200.0, , , , , ,, , , , , 
09:58:42,-1.0,-0.49,-0.76,-0.42,-1.18,-1.0,-0.59,-2.52,-1.22,-0.47,-1.44, , , , , ,723.91,723.89,100.0,100.0, , , , , ,, , , , , 
09:58:45,-1.0,-0.38,-0.77,-0.39,-1.18,-1.04,-0.45,-2.56,-1.2,-0.31,-1.52, , , , , ,723.9,723.88,400.0,100.0, , , , , ,, , , , , 
09:58:48,-0.92,-0.4,-0.72,-0.42,-1.17,-1.05,-0.41,-2.61,-1.0,-0.37,-1.53, , , , , ,723.88,723.86,400.0,1700.0, , , , , ,, , , , , 
09:58:51,-0.88,-0.33,-0.62,-0.38,-1.27,-1.04,-0.39,-2.66,-0.96,-0.23,-1.6, , , , , ,723.9,723.89,200.0,500.0, , , , , ,, , , , , 
09:58:54,-0.94,-0.4,-0.72,-0.41,-1.27,-1.03,-0.46,-2.64,-1.07,-0.34,-1.57, , , , , ,723.88,723.86,200.0,700.0, , , , , ,, , , , , 
09:58:57,-1.23,-0.51,-1.01,-0.49,-1.1,-1.36,-0.65,-2.44,-1.32,-0.38,-1.34, , , , , ,723.86,723.55,600.0,500.0, , , , , ,, , , , , 
09:59:00,-1.23,-0.71,-1.02,-0.59,-0.89,-1.4,-0.78,-2.2,-1.26,-0.77,-1.19, , , , , ,723.53,723.51,100.0,1000.0, , , , , ,, , , , , 
09:59:03,-1.38,-0.83,-1.34,-0.73,-0.92,-1.47,-1.01,-2.19,-1.33,-0.76,-1.25,-500.0,723.51,0.0,-0.0,-1000.0,723.52,723.51,1400.0,900.0, , , ,2018-05-18 09:59:03.673000,2018-05-18 09:59:03.673000,, , ,CANCELED, , 
09:59:06,-1.33,-0.79,-1.3,-0.77,-0.92,-1.45,-0.81,-2.15,-1.23,-0.78,-1.25, , , , , ,723.5,723.4,900.0,100.0, , , , , ,, , , , , 
09:59:09,-1.37,-0.75,-1.25,-0.78,-0.82,-1.51,-0.72,-2.09,-1.34,-0.76,-1.09, , , , , ,723.34,723.3,1400.0,100.0, , , , , ,, , , , , 
09:59:12,-1.23,-0.72,-1.21,-0.65,-0.82,-1.39,-0.78,-2.08,-1.09,-0.73,-0.97, , , , , ,723.28,723.23,200.0,100.0, , , , , ,, , , , , 
09:59:15,-1.17,-0.57,-1.16,-0.65,-0.86,-1.26,-0.59,-2.15,-1.09,-0.46,-0.98, , , , , ,723.24,723.23,500.0,100.0, , , , , ,, , , , , 
09:59:18,-1.17,-0.59,-1.08,-0.76,-0.89,-1.23,-0.64,-2.06,-1.18,-0.37,-0.91, , , , , ,723.2,723.18,1800.0,700.0, , , , , ,, , , , , 
09:59:21,-1.07,-0.26,-0.95,-0.41,-1.14,-1.14,-0.18,-2.0,-1.12,-0.2,-0.95, , , , , ,723.24,723.18,500.0,400.0, , , , , ,, , , , , 
09:59:24,-0.95,-0.25,-0.82,-0.43,-1.17,-1.05,-0.17,-1.85,-0.97,-0.14,-0.82, , , , , ,723.19,723.09,300.0,200.0, , , , , ,, , , , , 
09:59:27,-1.11,-0.39,-0.98,-0.58,-1.33,-1.27,-0.41,-1.71,-1.08,-0.19,-0.73, , , , , ,723.18,723.03,100.0,100.0, , , , , ,, , , , , 
09:59:30,-0.82,-0.21,-0.89,-0.42,-1.32,-0.86,-0.21,-1.6,-0.71,-0.02,-0.52, , , , , ,723.06,723.03,700.0,100.0, , , , , ,, , , , , 
09:59:33,-0.84,-0.2,-0.83,-0.41,-1.25,-1.05,-0.21,-1.47,-0.65,0.01,-0.34, , , , , ,723.04,723.03,200.0,100.0, , , , , ,, , , , , 
09:59:36,-0.75,-0.3,-0.66,-0.46,-1.32,-0.9,-0.27,-1.44,-0.69,-0.17,-0.25, , , , , ,723.14,723.02,100.0,300.0, , , , , ,, , , , , 
09:59:39,-0.81,-0.24,-0.75,-0.39,-1.21,-0.97,-0.31,-1.27,-0.71,-0.03,0.03, , , , , ,723.03,723.0,200.0,9200.0, , , , , ,, , , , , 
09:59:42,-0.65,-0.1,-0.6,-0.3,-1.42,-0.74,-0.16,-1.28,-0.61,0.17,-0.05, , , , , ,723.18,723.03,100.0,400.0, , , , , ,, , , , , 
09:59:45,-0.66,-0.1,-0.64,-0.32,-1.34,-0.81,-0.13,-1.0,-0.53,0.14,0.09, , , , , ,723.01,723.0,600.0,3500.0, , , , , ,, , , , , 
09:59:48,-0.65,-0.32,-0.61,-0.5,-1.43,-0.78,-0.42,-0.73,-0.56,-0.05,0.08, , , , , ,723.03,723.01,200.0,400.0, , , , , ,, , , , , 
09:59:51,-0.94,-0.43,-0.89,-0.6,-1.36,-1.11,-0.57,-0.45,-0.82,-0.12,0.15, , , , , ,723.0,722.92,7200.0,100.0, , , , , ,, , , , , 
09:59:54,-0.79,-0.43,-0.81,-0.58,-1.32,-0.88,-0.57,-0.29,-0.69,-0.15,0.26, , , , , ,722.92,722.9,300.0,1000.0, , , , , ,, , , , , 
09:59:57,-0.8,-0.38,-0.82,-0.49,-1.33,-0.96,-0.51,-0.35,-0.64,-0.14,0.29, , , , , ,722.92,722.9,2000.0,900.0, , , , , ,, , , , , 
10:00:00,-0.94,-0.49,-0.95,-0.58,-1.28,-1.09,-0.52,-0.49,-0.77,-0.36,0.38, , , , , ,722.91,722.8,1800.0,200.0, , , , , ,, , , , , 
10:00:03,-0.93,-0.42,-0.91,-0.51,-1.27,-1.09,-0.53,-0.61,-0.79,-0.23,0.41, , , , , ,722.89,722.8,100.0,200.0, , , , , ,, , , , , 
10:00:06,-0.82,-0.37,-0.83,-0.46,-1.25,-0.93,-0.42,-0.55,-0.71,-0.22,0.47, , , , , ,722.81,722.8,1800.0,200.0, , , , , ,, , , , , 
10:00:09,-0.87,-0.42,-0.93,-0.52,-1.15,-0.94,-0.46,-0.18,-0.72,-0.26,0.77, , , , , ,722.68,722.58,1700.0,100.0, , , , , ,, , , , , 
10:00:12,-0.74,-0.3,-0.66,-0.42,-1.21,-0.89,-0.21,-0.12,-0.67,-0.28,0.67, , , , , ,722.68,722.59,1700.0,100.0, , , , , ,, , , , , 
10:00:15,-0.58,-0.04,-0.57,-0.14,-1.25,-0.8,-0.09,0.07,-0.37,0.11,0.78, , , , , ,722.59,722.58,1500.0,100.0, , , , , ,, , , , , 
10:00:18,-0.46,0.02,-0.54,-0.11,-1.23,-0.65,0.02,0.14,-0.21,0.14,0.82, , , , , ,722.59,722.58,300.0,200.0, , , , , ,, , , , , 
10:00:21,-0.39,0.12,-0.52,0.04,-0.88,-0.45,0.07,0.42,-0.21,0.24,1.07, , , , , ,722.5,722.3,200.0,100.0, , , , , ,, , , , , 
10:00:24,-0.7,-0.17,-0.85,-0.48,-0.23,-0.92,-0.2,1.11,-0.33,0.18,1.8, , , , , ,722.0,721.94,1300.0,100.0, , , , , ,, , , , , 
10:00:27,-0.85,-0.25,-0.81,-0.3,-0.49,-1.22,-0.49,0.86,-0.51,0.05,1.45, , , , , ,722.5,721.94,1500.0,100.0, , , , , ,, , , , , 
10:00:30,-0.82,-0.29,-0.82,-0.41,-0.11,-0.95,-0.45,1.28,-0.68,-0.0,1.78, , , , , ,722.0,721.94,100.0,100.0, , , , , ,, , , , , 
10:00:33,-0.77,-0.17,-1.0,-0.29,-0.31,-0.84,-0.3,1.07,-0.46,0.06,1.31, , , , , ,722.5,721.9,1500.0,300.0, , , , , ,, , , , , 
10:00:36,-0.53,-0.11,-0.68,-0.34,-0.16,-0.79,-0.09,1.22,-0.13,0.1,1.25, , , , , ,722.3,722.01,200.0,100.0, , , , , ,, , , , , 
10:00:39,-0.52,0.17,-0.56,-0.01,-0.11,-0.8,0.23,1.25,-0.2,0.3,1.09, , , , , ,722.3,722.04,200.0,900.0, , , , , ,, , , , , 
10:00:42,-0.27,0.23,-0.42,0.03,0.22,-0.25,0.34,1.51,-0.13,0.33,1.18, , , , , ,722.04,722.0,100.0,1300.0, , , , , ,, , , , , 
10:00:45,-0.33,0.18,-0.48,0.07,0.41,-0.47,0.21,1.56,-0.03,0.27,1.45, , , , , ,722.0,721.95,1500.0,100.0, , , , , ,, , , , , 
10:00:48,-0.33,0.14,-0.55,-0.01,0.73,-0.49,0.22,1.66,0.05,0.2,1.69, , , , , ,722.0,721.94,1400.0,500.0, , , , , ,, , , , , 
10:00:51,-0.33,0.1,-0.55,-0.09,0.93,-0.47,0.1,1.76,0.04,0.28,1.82, , , , , ,722.0,721.94,600.0,500.0, , , , , ,, , , , , 
10:00:54,-0.35,0.1,-0.57,-0.1,1.01,-0.37,0.17,1.86,-0.11,0.24,2.06, , , , , ,722.0,721.94,700.0,400.0, , , , , ,, , , , , 
10:00:57,-0.25,0.23,-0.44,0.11,1.03,-0.28,0.25,2.05,-0.03,0.34,2.08, , , , , ,721.93,721.9,300.0,1300.0, , , , , ,, , , , , 
10:01:00,-0.05,0.33,-0.31,0.19,0.81,-0.19,0.43,2.06,0.35,0.37,1.99, , , , , ,721.93,721.9,100.0,1300.0, , , , , ,, , , , , 
10:01:03,0.09,0.58,-0.22,0.35,0.68,0.06,0.69,2.16,0.43,0.68,2.11, , , , , ,721.93,721.9,100.0,1400.0, , , , , ,, , , , , 
10:01:06,0.12,0.71,-0.19,0.52,0.6,0.09,0.79,2.04,0.47,0.81,2.14, , , , , ,722.0,721.96,200.0,100.0, , , , , ,, , , , , 
10:01:09,-0.06,0.59,-0.37,0.43,1.0,-0.05,0.63,2.28,0.24,0.73,2.65, , , , , ,721.9,721.66,200.0,100.0, , , , , ,, , , , , 
10:01:12,0.01,0.45,-0.26,0.34,1.39,-0.05,0.5,2.57,0.34,0.5,3.19, , , , , ,721.9,721.19,1100.0,300.0, , , , , ,, , , , , 
10:01:15,-0.08,0.43,-0.4,0.31,1.27,-0.12,0.36,2.21,0.29,0.63,3.06, , , , , ,721.75,721.68,900.0,100.0, , , , , ,, , , , , 
10:01:18,0.04,0.49,-0.26,0.31,1.36,0.02,0.48,2.2,0.37,0.66,3.09, , , , , ,721.79,721.61,500.0,100.0, , , , , ,, , , , , 
10:01:21,0.1,0.53,-0.16,0.38,1.19,-0.01,0.6,1.98,0.48,0.61,2.89, , , , , ,721.9,721.79,1605.0,400.0, , , , , ,, , , , , 
10:01:24,0.18,0.58,-0.1,0.38,1.36,0.03,0.76,2.04,0.6,0.61,2.6, , , , , ,721.9,721.69,405.0,100.0, , , , , ,, , , , , 
10:01:27,0.38,0.77,0.2,0.66,1.35,0.32,0.88,1.81,0.6,0.77,2.15, , , , , ,721.94,721.8,200.0,100.0, , , , , ,, , , , , 
10:01:30,0.56,0.93,0.26,0.91,1.3,0.61,0.9,1.59,0.81,0.99,1.68,1000.0,721.92,0.0,0.0,-1000.0,722.0,721.9,200.0,100.0, , , ,2018-05-18 10:01:30.745000,2018-05-18 10:01:30.745000,, , ,CANCELED, , 
10:01:33,0.45,0.96,0.21,0.86,1.44,0.43,0.96,1.52,0.71,1.05,1.48,1000.0,721.94,721.94,900.0,-100.0,721.94,721.93,100.0,700.0, , , ,2018-05-18 10:01:34.343000,2018-05-18 10:01:34.343000,, , ,CANCELED, , 
10:01:36,0.47,0.99,0.28,0.93,1.23,0.41,1.01,1.08,0.7,1.03,1.52, , , , , ,722.3,722.0,200.0,400.0, , , , , ,, , , , , 
10:01:39,0.36,0.98,0.25,0.86,1.31,0.31,0.95,1.09,0.52,1.14,1.96, , , , , ,722.3,721.95,100.0,400.0, , , , , ,, , , , , 
10:01:42,0.4,1.0,0.29,0.91,1.32,0.45,0.99,0.98,0.46,1.09,2.38, , , , , ,722.3,722.01,100.0,300.0, , , , , ,, , , , , 
10:01:45,0.3,0.88,0.2,0.82,1.13,0.27,0.91,0.69,0.44,0.92,2.53, , , , , ,722.58,722.0,100.0,800.0, , , , , ,, , , , , 
10:01:48,0.2,0.86,0.17,0.89,0.87,0.03,0.86,0.31,0.41,0.84,2.29, , , , , ,723.0,722.08,7200.0,400.0, , , , , ,, , , , , 
10:01:51,-0.21,0.62,-0.28,0.59,0.33,-0.45,0.58,-0.36,0.08,0.68,1.75, , , , , ,723.0,722.99,7500.0,100.0, , , , , ,, , , , , 
10:01:54,-0.41,0.54,-0.38,0.5,0.82,-0.75,0.54,0.01,-0.09,0.58,2.15, , , , , ,722.87,722.58,300.0,100.0, , , , , ,, , , , , 
10:01:57,-0.26,0.55,-0.21,0.6,1.19,-0.46,0.54,0.26,-0.13,0.52,2.44, , , , , ,722.77,722.31,100.0,400.0, , , , , ,, , , , , 
10:02:00,-0.17,0.5,-0.11,0.55,1.44,-0.29,0.58,0.4,-0.1,0.37,2.75, , , , , ,722.43,722.31,300.0,400.0, , , , , ,, , , , , 
10:02:03,-0.05,0.51,-0.0,0.6,1.53,0.0,0.56,0.33,-0.14,0.36,2.86, , , , , ,722.43,722.31,100.0,400.0, , , , , ,, , , , , 
10:02:06,0.09,0.58,0.12,0.71,1.53,0.2,0.65,0.28,-0.06,0.39,3.11, , , , , ,722.36,722.32,100.0,100.0, , , , , ,, , , , , 
10:02:09,0.08,0.62,0.01,0.62,1.19,0.16,0.76,-0.05,0.08,0.47,2.9, , , , , ,722.69,722.44,300.0,300.0, , , , , ,, , , , , 
10:02:12,-0.11,0.51,-0.14,0.59,0.93,-0.2,0.5,-0.24,-0.01,0.46,2.76, , , , , ,723.0,722.44,7200.0,300.0, , , , , ,, , , , , 
10:02:15,-0.24,0.48,-0.09,0.55,1.02,-0.41,0.43,-0.05,-0.21,0.47,3.1, , , , , ,722.69,722.44,100.0,300.0, , , , , ,, , , , , 
10:02:18,-0.21,0.45,-0.14,0.51,0.83,-0.23,0.4,-0.21,-0.25,0.43,2.97, , , , , ,722.91,722.47,100.0,100.0, , , , , ,, , , , , 
10:02:21,-0.24,0.38,-0.31,0.41,0.72,-0.28,0.36,-0.32,-0.14,0.38,2.85, , , , , ,722.82,722.69,100.0,100.0, , , , , ,, , , , , 
10:02:24,-0.16,0.35,-0.2,0.43,0.64,-0.1,0.3,-0.35,-0.19,0.32,2.78, , , , , ,722.91,722.69,200.0,300.0, , , , , ,, , , , , 
10:02:27,-0.17,0.35,-0.22,0.4,0.43,-0.06,0.31,-0.4,-0.23,0.36,2.55, , , , , ,722.91,722.82,300.0,100.0, , , , , ,, , , , , 
10:02:30,-0.19,0.5,-0.28,0.57,0.21,-0.12,0.37,-0.39,-0.17,0.56,2.3, , , , , ,723.0,722.91,4700.0,500.0, , , , , ,, , , , , 
10:02:33,-0.16,0.56,-0.34,0.59,0.11,-0.11,0.48,-0.23,-0.03,0.61,2.31, , , , , ,723.0,722.91,4500.0,300.0, , , , , ,, , , , , 
10:02:36,-0.05,0.67,-0.16,0.62,-0.25,-0.02,0.49,-0.29,0.05,0.91,2.09, , , , , ,723.23,723.0,3300.0,200.0, , , , , ,, , , , , 
10:02:39,-0.05,0.64,-0.19,0.59,-0.28,0.07,0.53,-0.1,-0.02,0.81,2.09, , , , , ,723.23,723.0,3300.0,100.0, , , , , ,, , , , , 
10:02:42,0.05,0.85,-0.09,0.74,-0.35,0.13,0.71,-0.07,0.11,1.1,1.96, , , , , ,723.23,723.0,3000.0,3500.0, , , , , ,, , , , , 
10:02:45,0.27,0.98,0.15,0.9,-0.42,0.22,0.88,-0.03,0.44,1.15,1.86, , , , , ,723.18,723.0,1000.0,13300.0, , , , , ,, , , , , 
10:02:48,0.35,0.96,0.3,0.89,-0.46,0.31,0.87,-0.02,0.42,1.12,1.84, , , , , ,723.14,723.05,300.0,200.0, , , , , ,, , , , , 
10:02:51,0.4,1.08,0.31,0.97,-0.88,0.4,1.03,-0.41,0.48,1.26,1.33, , , , , ,723.5,723.23,300.0,500.0, , , , , ,, , , , , 
10:02:54,0.17,0.84,0.07,0.66,-0.93,0.04,0.77,-0.41,0.41,1.11,1.29, , , , , ,723.5,723.3,300.0,5.0, , , , , ,, , , , , 
10:02:57,0.15,0.81,0.06,0.63,-0.93,-0.03,0.75,-0.39,0.43,1.05,1.29, , , , , ,723.5,723.31,200.0,1000.0, , , , , ,, , , , , 
10:03:00,0.32,0.96,0.34,0.84,-1.03,0.17,0.84,-0.38,0.44,1.22,1.17, , , , , ,723.5,723.31,200.0,1000.0, , , , , ,, , , , , 
10:03:03,0.34,0.93,0.25,0.74,-1.1,0.2,0.79,-0.37,0.57,1.27,1.29, , , , , ,723.5,723.32,100.0,300.0, , , , , ,, , , , , 
10:03:06,0.28,0.93,0.16,0.74,-1.57,0.07,0.79,-0.73,0.61,1.27,1.02, , , , , ,723.86,723.5,1100.0,400.0, , , , , ,, , , , , 
10:03:09,0.05,0.75,-0.04,0.52,-1.06,-0.22,0.65,-0.17,0.42,1.08,1.63, , , , , ,723.31,723.3,4300.0,205.0, , , , , ,, , , , , 
10:03:12,0.02,0.63,-0.11,0.46,-1.05,-0.1,0.59,-0.26,0.28,0.83,1.75, , , , , ,723.31,723.3,3900.0,105.0, , , , , ,, , , , , 
10:03:15,0.08,0.66,-0.1,0.56,-1.07,-0.01,0.65,-0.21,0.35,0.77,1.66, , , , , ,723.31,723.3,3500.0,5.0, , , , , ,, , , , , 
10:03:18,0.06,0.55,-0.14,0.42,-1.07,-0.01,0.45,-0.17,0.34,0.79,1.6, , , , , ,723.31,723.3,3100.0,105.0, , , , , ,, , , , , 
10:03:21,-0.04,0.44,-0.2,0.28,-0.98,-0.17,0.39,-0.08,0.26,0.64,1.71, , , , , ,723.24,723.23,300.0,200.0, , , , , ,, , , , , 
10:03:24,-0.1,0.35,-0.18,0.21,-0.95,-0.27,0.25,0.05,0.15,0.59,1.71, , , , , ,723.24,723.23,200.0,100.0, , , , , ,, , , , , 
10:03:27,-0.09,0.41,-0.24,0.33,-0.96,-0.24,0.3,0.0,0.22,0.61,1.68, , , , , ,723.31,723.23,995.0,100.0, , , , , ,, , , , , 
10:03:30,-0.11,0.4,-0.16,0.25,-0.39,-0.38,0.16,0.42,0.21,0.77,2.12, , , , , ,723.0,722.91,900.0,100.0, , , , , ,, , , , , 
10:03:33,-0.36,0.11,-0.39,0.04,-0.23,-0.59,-0.09,0.27,-0.1,0.38,2.06, , , , , ,723.0,722.91,800.0,100.0, , , , , ,, , , , , 
10:03:36,-0.67,-0.02,-0.56,-0.07,-0.08,-0.9,-0.24,0.14,-0.57,0.24,2.21, , , , , ,723.0,722.91,8800.0,200.0, , , , , ,, , , , , 
10:03:39,-0.75,-0.19,-0.64,-0.22,0.24,-0.96,-0.39,0.13,-0.65,0.03,2.54, , , , , ,722.91,722.82,800.0,10100.0, , , , , ,, , , , , 
10:03:42,-0.7,-0.1,-0.58,-0.06,0.28,-0.8,-0.25,0.0,-0.72,0.01,2.75, , , , , ,722.91,722.83,900.0,100.0, , , , , ,, , , , , 
10:03:45,-0.79,-0.36,-0.79,-0.51,0.43,-0.9,-0.44,0.37,-0.69,-0.13,3.12, , , , , ,722.82,722.69,1700.0,200.0, , , , , ,, , , , , 
10:03:48,-0.84,-0.34,-0.72,-0.35,0.58,-1.05,-0.49,0.74,-0.75,-0.19,3.25, , , , , ,722.82,722.5,1000.0,300.0, , , , , ,, , , , , 
10:03:51,-0.61,-0.23,-0.58,-0.24,0.42,-0.78,-0.35,0.72,-0.48,-0.09,3.12, , , , , ,722.82,722.7,700.0,100.0, , , , , ,, , , , , 
10:03:54,-0.67,-0.21,-0.74,-0.23,0.47,-1.05,-0.41,0.97,-0.23,0.01,3.12, , , , , ,722.82,722.7,11000.0,100.0, , , , , ,, , , , , 
10:03:57,-0.74,-0.25,-0.74,-0.34,0.52,-1.09,-0.32,0.92,-0.4,-0.09,3.12, , , , , ,722.81,722.69,1300.0,200.0, , , , , ,, , , , , 
10:04:00,-0.49,0.08,-0.46,0.02,0.66,-0.84,0.01,0.95,-0.18,0.21,3.25, , , , , ,722.82,722.5,5500.0,1000.0, , , , , ,, , , , , 
10:04:03,-0.51,0.03,-0.35,0.06,0.93,-0.66,-0.06,1.34,-0.52,0.08,3.52, , , , , ,722.5,722.43,100.0,400.0, , , , , ,, , , , , 
10:04:06,-0.38,0.04,-0.49,0.08,0.81,-0.57,-0.09,1.32,-0.08,0.13,3.42, , , , , ,722.7,722.43,100.0,400.0, , , , , ,, , , , , 
10:04:09,-0.47,0.0,-0.51,-0.12,0.98,-0.62,0.01,1.7,-0.28,0.11,3.58, , , , , ,722.51,722.43,200.0,100.0, , , , , ,, , , , , 
10:04:12,-0.48,0.02,-0.48,-0.04,0.69,-0.73,-0.03,1.69,-0.22,0.13,3.46, , , , , ,722.67,722.58,700.0,200.0, , , , , ,, , , , , 
10:04:15,-0.43,-0.02,-0.48,-0.07,0.85,-0.53,-0.09,1.93,-0.28,0.1,3.67, , , , , ,722.67,722.4,800.0,1800.0, , , , , ,, , , , , 
10:04:18,-0.54,-0.1,-0.6,-0.11,0.95,-0.62,-0.21,2.0,-0.39,0.03,3.78, , , , , ,722.67,722.3,800.0,300.0, , , , , ,, , , , , 
10:04:21,-0.45,-0.07,-0.49,-0.14,0.95,-0.53,-0.11,2.0,-0.32,0.03,3.83, , , , , ,722.67,722.3,500.0,300.0, , , , , ,, , , , , 
10:04:24,-0.36,-0.0,-0.34,-0.1,0.93,-0.66,-0.11,1.48,-0.09,0.2,3.81, , , , , ,722.67,722.53,100.0,100.0, , , , , ,, , , , , 
10:04:27,-0.14,0.21,-0.15,0.17,0.92,-0.34,0.18,1.12,0.08,0.27,3.93, , , , , ,722.68,722.53,200.0,100.0, , , , , ,, , , , , 
10:04:30,0.11,0.35,-0.02,0.23,0.9,-0.02,0.44,0.76,0.39,0.37,4.08, , , , , ,722.68,722.54,200.0,100.0, , , , , ,, , , , , 
10:04:33,0.34,0.57,0.03,0.45,0.39,0.21,0.65,0.2,0.78,0.62,3.88, , , , , ,722.91,722.83,200.0,4200.0, , , , , ,, , , , , 
10:04:36,0.5,0.75,0.25,0.67,-0.01,0.48,0.65,0.26,0.78,0.95,3.63, , , , , ,723.3,722.83,4800.0,4100.0, , , , , ,, , , , , 
10:04:39,0.28,0.65,0.13,0.64,-0.14,0.24,0.6,0.66,0.46,0.72,3.65, , , , , ,723.3,722.83,4800.0,4100.0, , , , , ,, , , , , 
10:04:42,0.33,0.59,0.38,0.65,-0.39,0.29,0.56,1.0,0.33,0.56,3.53, , , , , ,723.3,723.0,4900.0,1000.0, , , , , ,, , , , , 
10:04:45,0.03,0.54,0.04,0.64,0.05,-0.04,0.5,1.56,0.11,0.47,3.72, , , , , ,723.3,722.68,5700.0,800.0, , , , , ,, , , , , 
10:04:48,-0.01,0.45,-0.03,0.57,0.18,-0.05,0.3,1.58,0.06,0.49,3.62, , , , , ,723.25,722.86,300.0,200.0, , , , , ,, , , , , 
10:04:51,-0.07,0.37,-0.01,0.46,0.24,-0.15,0.28,1.58,-0.05,0.37,3.54, , , , , ,723.23,723.0,100.0,100.0, , , , , ,, , , , , 
10:04:54,-0.12,0.39,-0.01,0.49,0.48,-0.17,0.31,1.6,-0.19,0.37,3.63, , , , , ,723.23,723.0,100.0,100.0, , , , , ,, , , , , 
10:04:57,-0.01,0.49,0.1,0.56,0.41,0.01,0.5,1.64,-0.12,0.4,3.75, , , , , ,723.23,723.0,100.0,100.0, , , , , ,, , , , , 
10:05:00,0.09,0.57,0.11,0.59,0.27,0.09,0.47,1.67,0.06,0.67,3.74, , , , , ,723.3,723.0,5500.0,200.0, , , , , ,, , , , , 
10:05:03,0.09,0.54,0.06,0.49,0.39,0.06,0.55,1.78,0.15,0.56,3.77, , , , , ,723.3,723.0,5600.0,800.0, , , , , ,, , , , , 
10:05:06,0.03,0.46,0.02,0.46,0.52,0.03,0.43,1.99,0.03,0.48,3.71, , , , , ,723.3,723.0,5700.0,800.0, , , , , ,, , , , , 
10:05:09,-0.08,0.39,-0.1,0.43,0.75,-0.07,0.39,2.08,-0.07,0.36,3.62, , , , , ,723.3,723.0,5500.0,800.0, , , , , ,, , , , , 
10:05:12,0.01,0.47,-0.07,0.49,0.79,-0.01,0.48,2.0,0.1,0.44,3.45, , , , , ,723.3,723.24,5500.0,100.0, , , , , ,, , , , , 
10:05:15,-0.14,0.4,-0.1,0.37,1.43,-0.07,0.45,2.64,-0.25,0.39,3.95, , , , , ,723.3,722.5,5500.0,11800.0, , , , , ,, , , , , 
10:05:18,-0.14,0.4,-0.06,0.42,0.91,-0.16,0.38,2.16,-0.19,0.4,3.42, , , , , ,723.3,723.25,4400.0,100.0, , , , , ,, , , , , 
10:05:21,-0.28,0.24,-0.3,0.3,0.92,-0.25,0.17,2.14,-0.28,0.26,3.35, , , , , ,723.3,723.23,4400.0,1500.0, , , , , ,, , , , , 
10:05:24,-0.22,0.31,-0.21,0.38,0.56,-0.19,0.23,2.13,-0.27,0.34,3.26, , , , , ,723.3,723.24,4400.0,500.0, , , , , ,, , , , , 
10:05:27,-0.17,0.3,-0.11,0.33,0.2,-0.19,0.24,2.0,-0.21,0.34,3.17, , , , , ,723.3,723.24,3600.0,500.0, , , , , ,, , , , , 
10:05:30,-0.05,0.43,-0.03,0.45,-0.15,-0.03,0.37,1.86,-0.08,0.46,3.1, , , , , ,723.3,723.23,2400.0,900.0, , , , , ,, , , , , 
10:05:33,-0.02,0.39,-0.0,0.45,-0.3,-0.04,0.27,1.92,-0.01,0.44,3.09, , , , , ,723.3,723.16,2400.0,100.0, , , , , ,, , , , , 
10:05:36,0.15,0.58,0.15,0.6,0.57,0.15,0.52,2.48,0.13,0.61,3.37, , , , , ,723.16,722.51,100.0,1300.0, , , , , ,, , , , , 
10:05:39,0.16,0.57,0.19,0.56,0.88,0.15,0.52,2.39,0.14,0.63,3.21, , , , , ,723.23,722.58,1400.0,100.0, , , , , ,, , , , , 
10:05:42,0.14,0.56,0.05,0.5,1.39,0.08,0.45,2.3,0.27,0.74,2.83, , , , , ,723.23,722.51,1000.0,405.0, , , , , ,, , , , , 
10:05:45,0.23,0.7,0.22,0.66,1.73,0.21,0.53,2.17,0.26,0.91,2.4, , , , , ,723.23,722.51,800.0,4505.0, , , , , ,, , , , , 
10:05:48,0.16,0.7,-0.01,0.61,1.04,0.17,0.59,1.35,0.31,0.92,1.53, , , , , ,723.59,723.3,700.0,300.0, , , , , ,, , , , , 
10:05:51,-0.16,0.68,-0.41,0.62,0.94,-0.22,0.59,1.04,0.16,0.83,1.13, , , , , ,723.86,723.3,900.0,100.0, , , , , ,, , , , , 
10:05:54,-0.05,0.68,-0.02,0.63,1.44,-0.24,0.63,1.51,0.1,0.78,1.42, , , , , ,723.86,722.61,1000.0,100.0, , , , , ,, , , , , 
10:05:57,0.03,0.63,-0.04,0.61,1.0,-0.07,0.6,1.04,0.2,0.7,0.83, , , , , ,723.86,723.3,1000.0,100.0, , , , , ,, , , , , 
10:06:00,-0.2,0.72,-0.44,0.64,1.53,-0.07,0.66,1.38,-0.09,0.86,1.15, , , , , ,723.86,722.64,1000.0,100.0, , , , , ,, , , , , 
10:06:03,-0.07,0.9,-0.28,0.82,1.53,0.11,0.83,1.4,-0.05,1.05,0.84, , , , , ,723.86,722.8,900.0,500.0, , , , , ,, , , , , 
10:06:06,-0.15,0.89,-0.53,0.68,1.39,-0.08,0.95,1.15,0.16,1.05,0.62, , , , , ,723.86,723.3,900.0,200.0, , , , , ,, , , , , 
10:06:09,-0.37,0.84,-0.66,0.76,1.01,-0.49,0.81,0.77,0.04,0.94,0.31, , , , , ,724.0,723.86,800.0,400.0, , , , , ,, , , , , 
10:06:12,-0.26,0.84,-0.53,0.78,1.08,-0.34,0.72,0.88,0.09,1.03,0.37, , , , , ,724.0,723.86,800.0,500.0, , , , , ,, , , , , 
10:06:15,-0.05,0.9,-0.21,0.76,1.22,-0.15,0.9,0.8,0.22,1.05,0.37, , , , , ,724.0,723.86,800.0,1000.0, , , , , ,, , , , , 
10:06:18,0.05,0.9,-0.05,0.74,1.26,-0.17,0.87,0.74,0.35,1.11,0.39, , , , , ,724.0,723.86,800.0,1300.0, , , , , ,, , , , , 
10:06:21,-0.06,0.95,-0.16,0.75,1.21,-0.23,1.01,0.74,0.23,1.1,0.38, , , , , ,724.0,723.87,900.0,100.0, , , , , ,, , , , , 
10:06:24,-0.1,0.83,-0.23,0.75,1.22,-0.16,0.78,0.75,0.08,0.96,0.35, , , , , ,724.0,723.86,1000.0,1300.0, , , , , ,, , , , , 
10:06:27,0.21,0.97,0.34,1.02,2.51,0.34,0.97,2.19,-0.05,0.93,1.85, , , , , ,723.0,722.8,2700.0,500.0, , , , , ,, , , , , 
10:06:30,0.23,1.1,0.16,1.04,2.38,0.25,1.32,2.19,0.29,0.94,1.93, , , , , ,723.0,722.8,1600.0,500.0, , , , , ,, , , , , 
10:06:33,0.25,0.98,0.3,0.96,2.38,0.33,1.04,2.13,0.13,0.95,1.96, , , , , ,723.0,722.8,1600.0,500.0, , , , , ,, , , , , 
10:06:36,-0.0,0.85,0.04,0.79,1.79,0.08,0.85,1.68,-0.13,0.9,1.43, , , , , ,723.87,722.8,300.0,500.0, , , , , ,, , , , , 
10:06:39,-0.25,0.91,-0.45,0.76,1.06,-0.16,0.94,1.16,-0.16,1.04,0.71, , , , , ,723.87,723.86,100.0,100.0, , , , , ,, , , , , 
10:06:42,-0.19,0.83,-0.25,0.67,0.67,-0.14,0.82,1.11,-0.18,0.98,0.53, , , , , ,724.1,724.0,100.0,2900.0, , , , , ,, , , , , 
10:06:45,-0.44,0.7,-0.56,0.41,0.26,-0.43,0.72,1.05,-0.33,0.96,0.25, , , , , ,724.5,724.0,100.0,2900.0, , , , , ,, , , , , 
10:06:48,-0.49,0.64,-0.57,0.38,0.18,-0.65,0.55,0.98,-0.25,0.99,0.18, , , , , ,724.6,724.0,200.0,2900.0, , , , , ,, , , , , 
10:06:51,-0.38,0.84,-0.55,0.63,0.17,-0.44,0.74,1.12,-0.14,1.15,0.32, , , , , ,724.4,724.0,100.0,4200.0, , , , , ,, , , , , 
10:06:54,-0.13,0.82,-0.19,0.65,0.04,-0.2,0.88,0.98,0.01,0.93,0.1, , , , , ,724.6,724.0,200.0,4000.0, , , , , ,, , , , , 
10:06:57,-0.24,0.83,-0.4,0.61,0.05,-0.31,0.92,0.98,-0.02,0.95,0.11, , , , , ,724.6,724.0,200.0,3900.0, , , , , ,, , , , , 
10:07:00,-0.18,0.77,-0.24,0.67,-0.23,-0.24,0.78,0.83,-0.05,0.87,-0.03, , , , , ,724.6,724.22,400.0,1000.0, , , , , ,, , , , , 
10:07:03,-0.25,0.65,-0.39,0.55,-0.1,-0.21,0.6,0.83,-0.15,0.81,-0.02, , , , , ,724.6,724.22,400.0,900.0, , , , , ,, , , , , 
10:07:06,-0.21,0.85,-0.25,0.82,-0.3,-0.27,0.88,0.57,-0.09,0.86,-0.31, , , , , ,725.0,724.25,1000.0,100.0, , , , , ,, , , , , 
10:07:09,-0.14,1.1,-0.19,1.16,-0.57,-0.29,1.07,0.23,0.05,1.08,-0.68, , , , , ,725.02,724.78,100.0,100.0, , , , , ,, , , , , 
10:07:12,-0.14,1.17,-0.22,1.12,-0.2,-0.26,1.08,0.58,0.08,1.31,-0.4, , , , , ,725.02,724.39,100.0,200.0, , , , , ,, , , , , 
10:07:15,-0.04,1.33,-0.2,1.21,-0.16,0.04,1.05,0.76,0.05,1.74,-0.28, , , , , ,725.0,724.25,100.0,100.0, , , , , ,, , , , , 
10:07:18,-0.04,1.08,-0.15,1.06,-0.75,0.0,0.98,0.29,0.03,1.21,-0.79, , , , , ,725.02,725.0,100.0,1900.0, , , , , ,, , , , , 
10:07:21,-0.17,0.84,-0.15,0.8,-0.74,-0.27,0.68,0.33,-0.09,1.05,-0.79, , , , , ,725.02,725.0,200.0,1500.0, , , , , ,, , , , , 
10:07:24,-0.38,0.68,-0.27,0.61,-0.18,-0.54,0.45,1.02,-0.34,0.98,-0.23, , , , , ,725.0,724.22,6400.0,800.0, , , , , ,, , , , , 
10:07:27,-0.58,0.59,-0.47,0.6,-0.17,-0.62,0.38,1.16,-0.63,0.79,-0.23, , , , , ,725.0,724.22,6300.0,800.0, , , , , ,, , , , , 
10:07:30,-0.56,0.4,-0.4,0.52,-0.18,-0.7,0.11,1.29,-0.57,0.56,-0.26, , , , , ,725.0,724.25,6200.0,100.0, , , , , ,, , , , , 
10:07:33,-0.67,0.31,-0.53,0.47,-0.24,-0.86,-0.03,1.46,-0.61,0.49,-0.26, , , , , ,724.99,724.25,100.0,100.0, , , , , ,, , , , , 
10:07:36,-0.65,0.37,-0.54,0.48,-0.1,-0.76,0.11,1.47,-0.64,0.52,-0.28, , , , , ,725.0,724.25,6100.0,100.0, , , , , ,, , , , , 
10:07:39,-0.67,0.45,-0.63,0.5,0.09,-0.66,0.21,1.47,-0.73,0.65,-0.3, , , , , ,725.0,724.28,6000.0,100.0, , , , , ,, , , , , 
10:07:42,-0.67,0.36,-0.57,0.41,0.3,-0.75,0.17,1.47,-0.69,0.49,-0.32, , , , , ,725.0,724.28,5300.0,100.0, , , , , ,, , , , , 
10:07:45,-0.5,0.48,-0.36,0.61,1.07,-0.56,0.33,1.99,-0.57,0.52,0.23, , , , , ,724.25,724.22,100.0,800.0, , , , , ,, , , , , 
10:07:48,-0.56,0.52,-0.41,0.53,1.07,-0.6,0.5,1.98,-0.68,0.54,0.26, , , , , ,724.25,724.22,100.0,800.0, , , , , ,, , , , , 
10:07:51,-0.69,0.44,-0.63,0.5,0.57,-0.64,0.21,1.48,-0.81,0.6,-0.24, , , , , ,724.98,724.22,200.0,700.0, , , , , ,, , , , , 
10:07:54,-0.73,0.24,-0.52,0.36,1.07,-0.81,0.09,2.08,-0.86,0.27,0.29, , , , , ,724.25,724.22,100.0,500.0, , , , , ,, , , , , 
10:07:57,-0.58,0.3,-0.41,0.42,1.04,-0.54,0.14,2.17,-0.79,0.35,0.3, , , , , ,724.28,724.22,300.0,500.0, , , , , ,, , , , , 
10:08:00,-0.69,0.26,-0.54,0.26,1.04,-0.66,0.14,2.21,-0.87,0.39,0.3, , , , , ,724.28,724.22,300.0,600.0, , , , , ,, , , , , 
10:08:03,-0.75,0.14,-0.56,0.23,1.04,-0.71,-0.07,2.25,-0.98,0.25,0.3, , , , , ,724.28,724.22,300.0,500.0, , , , , ,, , , , , 
10:08:06,-0.61,0.53,-0.57,0.74,0.6,-0.51,0.52,1.7,-0.74,0.32,-0.18, , , , , ,724.98,724.22,100.0,400.0, , , , , ,, , , , , 
10:08:09,-0.5,0.61,-0.35,0.75,0.7,-0.48,0.72,1.69,-0.67,0.37,-0.11, , , , , ,724.88,724.22,200.0,400.0, , , , , ,, , , , , 
10:08:12,-0.4,0.77,-0.25,0.72,0.79,-0.43,1.0,1.67,-0.51,0.6,-0.11, , , , , ,724.88,724.22,200.0,400.0, , , , , ,, , , , , 
10:08:15,-0.4,0.94,-0.36,0.69,0.85,-0.28,1.01,1.65,-0.55,1.12,-0.13, , , , , ,724.88,724.24,400.0,100.0, , , , , ,, , , , , 
10:08:18,-0.28,0.65,-0.34,0.63,1.17,-0.17,0.75,1.9,-0.34,0.58,0.13, , , , , ,724.5,724.24,200.0,200.0, , , , , ,, , , , , 
10:08:21,-0.12,0.8,-0.24,0.79,1.19,-0.09,0.8,1.8,-0.04,0.8,0.13, , , , , ,724.5,724.27,400.0,100.0, , , , , ,, , , , , 
