tick_time,bid,ask,bid 20,ask 20,la 20,bid 40,ask 40,la 40,bid 100,ask 100,la 100,order,price,avePrice,trans,net,askp0,bidp0,askv0,bidv0,profit,profit_rate,is_mocked,order_time,exchange_time,orderSide,new_order_status,reason,order_status
09:30:16, , , , ,-2.72, , ,-6.35, , ,-10.35, , , , , ,737.15,737.0,100.0,1600.0, , , , , ,, , , 
09:30:19, , , , ,-2.96, , ,-6.53, , ,-10.75, , , , , ,737.18,737.15,100.0,200.0, , , , , ,, , , 
09:30:22, , , , ,-3.07, , ,-6.61, , ,-10.96, , , , , ,737.2,737.15,300.0,100.0, , , , , ,, , , 
09:30:25, , , , ,-3.15, , ,-6.62, , ,-11.06, , , , , ,737.2,737.0,300.0,2000.0, , , , , ,, , , 
09:30:28, , , , ,-3.38, , ,-6.78, , ,-11.38, , , , , ,737.29,737.0,200.0,3200.0, , , , , ,, , , 
09:30:31, , , , ,-3.43, , ,-6.77, , ,-11.36, , , , , ,737.15,737.0,400.0,300.0, , , , , ,, , , 
09:30:34, , , , ,-3.49, , ,-6.75, , ,-11.4, , , , , ,737.1,736.9,300.0,300.0, , , , , ,, , , 
09:30:37, , , , ,-3.49, , ,-6.71, , ,-11.39, , , , , ,736.9,736.89,200.0,300.0, , , , , ,, , , 
09:30:40, , , , ,-2.9, , ,-6.01, , ,-10.74, , , , , ,736.9,735.77,100.0,100.0, , , , , ,, , , 
09:30:43, , , , ,-2.71, , ,-5.71, , ,-10.52, , , , , ,737.0,735.12,1700.0,800.0, , , , , ,, , , 
09:30:46, , , , ,-2.74, , ,-5.65, , ,-10.5, , , , , ,736.8,735.12,3200.0,1300.0, , , , , ,, , , 
09:30:49, , , , ,-2.88, , ,-5.69, , ,-10.59, , , , , ,736.8,735.12,3100.0,1300.0, , , , , ,, , , 
09:30:52, , , , ,-3.01, , ,-5.68, , ,-10.57, , , , , ,736.8,735.12,2700.0,1400.0, , , , , ,, , , 
09:30:55, , , , ,-3.1, , ,-5.58, , ,-10.69, , , , , ,736.8,735.12,1600.0,800.0, , , , , ,, , , 
09:30:58, , , , ,-2.5, , ,-4.85, , ,-9.89, , , , , ,735.77,735.12,100.0,400.0, , , , , ,, , , 
09:31:01, , , , ,-2.7, , ,-4.7, , ,-9.73, , , , , ,735.6,735.13,1500.0,100.0, , , , , ,, , , 
09:31:04, , , , ,-2.7, , ,-4.3, , ,-9.31, , , , , ,735.12,735.05,300.0,37.0, , , , , ,, , , 
09:31:07, , , , ,-3.08, , ,-4.34, , ,-9.07, , , , , ,735.12,735.05,800.0,237.0, , , , , ,, , , 
09:31:10, , , , ,-3.5, , ,-4.33, , ,-8.99, , , , , ,735.12,735.1,800.0,100.0, , , , , ,, , , 
09:31:13, , , , ,-3.52, , ,-4.32, , ,-8.66, , , , , ,735.1,735.01,2000.0,100.0, , , , , ,, , , 
09:31:16,-0.87,-0.31,-1.12,-0.75,-3.61,-0.92,-0.56,-4.39,-0.56,0.39,-8.34, , , , , ,735.1,735.0,2800.0,3437.0, , , , , ,, , , 
09:31:19,-0.81,-0.24,-1.12,-0.69,-3.67,-0.69,-0.4,-4.48,-0.61,0.36,-8.11, , , , , ,735.1,735.0,3000.0,2837.0, , , , , ,, , , 
09:31:22,-1.02,-0.5,-1.36,-1.31,-3.36,-0.98,-0.39,-4.05,-0.72,0.22,-7.55, , , , , ,735.0,734.55,2863.0,400.0, , , , , ,, , , 
09:31:25,-1.13,-0.52,-1.34,-1.15,-3.48,-1.18,-0.49,-3.92,-0.86,0.08,-7.55, , , , , ,735.0,734.55,2763.0,400.0, , , , , ,, , , 
09:31:28,-1.14,-0.53,-1.36,-1.18,-3.24,-1.22,-0.55,-3.5,-0.82,0.14,-7.33, , , , , ,734.54,734.52,100.0,1600.0, , , , , ,, , , 
09:31:31,-1.51,-0.72,-1.95,-1.63,-3.33,-1.57,-0.64,-3.42,-1.0,0.12,-7.43,-500.0,734.52,0.0,-0.0,0.0,734.54,734.52,700.0,200.0, , , ,2018-05-17 09:31:31.645000,2018-05-17 09:31:31.645000,, , ,CANCELED
09:31:34,-1.69,-1.01,-1.89,-2.11,-3.19,-1.99,-0.85,-3.24,-1.19,-0.08,-7.3, , , , , ,734.52,734.2,1500.0,600.0, , , , , ,, , , 
09:31:37,-1.84,-1.05,-2.08,-1.91,-3.21,-2.15,-0.94,-3.24,-1.31,-0.29,-7.21,-500.0,734.2,734.2,-100.0,-100.0,734.4,734.2,100.0,300.0, , , ,2018-05-17 09:31:37.647000,2018-05-17 09:31:37.647000,, , ,CANCELED
09:31:40,-1.69,-0.9,-1.91,-1.72,-2.99,-1.95,-0.69,-2.97,-1.22,-0.29,-7.02, , , , , ,734.2,734.0,600.0,300.0, , , , , ,, , , 
09:31:43,-1.67,-0.92,-1.97,-1.91,-2.97,-1.92,-0.74,-2.79,-1.12,-0.09,-7.03, , , , , ,734.2,733.87,1100.0,100.0, , , , , ,, , , 
09:31:46,-1.59,-0.87,-1.74,-1.75,-2.77,-1.93,-0.75,-2.46,-1.1,-0.11,-6.84, , , , , ,733.86,733.81,800.0,100.0, , , , , ,, , , 
09:31:49,-1.37,-0.4,-1.54,-1.05,-2.76,-1.62,-0.39,-2.4,-0.96,0.25,-6.9, , , , , ,733.86,733.74,1100.0,200.0, , , , , ,, , , 
09:31:52,-1.16,-0.28,-1.39,-0.9,-2.58,-1.25,-0.33,-2.19,-0.85,0.38,-6.81, , , , , ,733.74,733.61,200.0,200.0, , , , , ,, , , 
09:31:55,-0.99,-0.14,-1.34,-0.86,-2.49,-0.98,-0.03,-2.23,-0.66,0.49,-6.88, , , , , ,733.74,733.61,400.0,200.0, , , , , ,, , , 
09:31:58,-0.81,-0.01,-1.15,-0.6,-2.33,-0.73,0.08,-2.11,-0.55,0.5,-6.87, , , , , ,733.68,733.48,300.0,200.0, , , , , ,, , , 
09:32:01,-0.67,0.2,-1.09,-0.3,-2.14,-0.43,0.25,-1.91,-0.48,0.66,-6.82, , , , , ,733.61,733.35,400.0,100.0, , , , , ,, , , 
09:32:04,-0.37,0.47,-0.92,-0.14,-1.18,-0.01,0.4,-0.94,-0.18,1.13,-5.84, , , , , ,733.0,732.58,1200.0,100.0, , , , , ,, , , 
09:32:07,-0.34,0.36,-0.76,-0.58,-0.92,-0.08,0.43,-0.62,-0.19,1.22,-5.53, , , , , ,732.58,732.55,100.0,100.0, , , , , ,, , , 
09:32:10,-0.42,0.31,-0.71,-0.42,-0.7,-0.22,0.24,-0.46,-0.34,1.12,-5.31, , , , , ,732.55,732.32,100.0,3000.0, , , , , ,, , , 
09:32:13,-1.07,-0.03,-1.63,-0.88,-0.68,-0.73,-0.0,-0.42,-0.86,0.78,-5.21, , , , , ,732.55,732.22,600.0,6009.0, , , , , ,, , , 
09:32:16,-1.14,-0.2,-1.48,-0.98,-0.92,-0.9,-0.08,-0.63,-1.04,0.45,-5.44, , , , , ,732.55,732.44,800.0,400.0, , , , , ,, , , 
09:32:19,-1.38,-0.44,-1.83,-1.28,-0.7,-1.21,-0.32,-0.39,-1.1,0.29,-5.06, , , , , ,732.32,732.22,1700.0,2109.0, , , , , ,, , , 
09:32:22,-1.34,-0.52,-1.66,-1.34,-0.65,-1.22,-0.33,-0.44,-1.14,0.12,-4.99, , , , , ,732.32,732.22,2100.0,9.0, , , , , ,, , , 
09:32:25,-1.62,-0.48,-2.21,-1.17,-0.41,-1.5,-0.36,-0.41,-1.14,0.08,-4.8, , , , , ,732.22,732.16,1891.0,200.0, , , , , ,, , , 
09:32:28,-1.22,-0.43,-1.82,-1.13,-0.24,-0.94,-0.26,-0.44,-0.89,0.1,-4.62, , , , , ,732.16,732.11,200.0,100.0, , , , , ,, , , 
09:32:31,-0.95,-0.12,-1.62,-0.76,0.01,-0.82,0.06,-0.41,-0.4,0.35,-4.46, , , , , ,732.01,732.0,500.0,1900.0, , , , , ,, , , 
09:32:34,-0.76,-0.07,-1.18,-0.83,-0.04,-0.86,0.16,-0.66,-0.24,0.46,-4.58, , , , , ,732.01,732.0,300.0,700.0, , , , , ,, , , 
09:32:37,-0.63,-0.03,-1.17,-0.77,-0.03,-0.64,0.24,-0.81,-0.07,0.45,-4.59, , , , , ,732.0,731.88,100.0,100.0, , , , , ,, , , 
09:32:40,-0.61,0.0,-1.21,-0.87,0.11,-0.56,0.4,-0.92,-0.06,0.47,-4.6, , , , , ,732.0,731.68,1200.0,100.0, , , , , ,, , , 
09:32:43,-0.34,0.33,-1.03,-0.43,0.18,-0.28,0.76,-1.31,0.28,0.66,-4.74, , , , , ,732.0,731.7,1200.0,3900.0, , , , , ,, , , 
09:32:46,0.08,0.6,-0.35,0.03,0.32,0.04,0.95,-1.42,0.54,0.82,-4.76, , , , , ,731.88,731.7,400.0,3900.0, , , , , ,, , , 
09:32:49,0.07,0.72,-0.59,0.23,0.42,0.25,0.9,-1.64,0.56,1.01,-4.77, , , , , ,731.76,731.7,100.0,2797.0, , , , , ,, , , 
09:32:52,0.25,1.03,-0.42,0.68,0.46,0.48,1.26,-1.95,0.68,1.15,-4.73,100.0,731.73,0.0,0.0,-100.0,731.76,731.71,100.0,100.0, , , ,2018-05-17 09:32:52.597000,2018-05-17 09:32:52.597000,, , ,CANCELED
09:32:55,0.63,1.38,0.23,0.97,0.24,0.7,1.43,-2.25,0.96,1.74,-5.01, , , , , ,732.01,731.73,500.0,100.0, , , , , ,, , , 
09:32:58,0.61,1.46,0.29,1.12,-0.02,0.61,1.48,-2.67,0.92,1.8,-5.32,100.0,731.97,731.97,100.0,0.0,732.16,731.95,200.0,100.0,136.58,1.86, ,2018-05-17 09:32:58.675000,2018-05-17 09:32:58.675000,, , ,FILLED
09:33:01,0.65,1.47,0.36,1.11,0.31,0.81,1.56,-2.45,0.79,1.74,-5.12, , , , , ,731.99,731.71,100.0,300.0, , , , , ,, , , 
09:33:04,0.74,1.46,0.35,1.18,0.35,1.02,1.5,-2.53,0.83,1.69,-5.33,500.0,732.01,732.01,500.0,500.0,732.01,731.7,100.0,2897.0, , , ,2018-05-17 09:33:04.768000,2018-05-17 09:33:04.768000,, , ,FILLED
09:33:07,0.65,1.42,0.44,1.11,0.25,0.67,1.45,-2.72,0.84,1.71,-5.5, , , , , ,732.16,731.7,100.0,2997.0, , , , , ,, , , 
09:33:10,0.33,1.15,0.2,0.82,0.2,0.24,1.13,-3.0,0.54,1.51,-5.58, , , , , ,732.2,731.7,500.0,794.0, , , , , ,, , , 
09:33:13,-0.06,0.87,-0.1,0.57,0.17,-0.02,0.69,-3.21,-0.05,1.35,-5.65, , , , , ,732.2,731.7,600.0,694.0, , , , , ,, , , 
09:33:16,-0.18,0.51,-0.16,0.36,0.46,-0.1,0.5,-3.08,-0.29,0.67,-5.32, , , , , ,731.7,731.69,500.0,500.0, , , , , ,, , , 
09:33:19,-0.12,0.53,-0.25,0.39,0.4,0.04,0.53,-3.35,-0.14,0.67,-5.3, , , , , ,731.7,731.69,700.0,300.0, , , , , ,, , , 
09:33:22,-0.1,0.37,-0.13,0.27,0.35,-0.0,0.26,-3.55,-0.16,0.58,-5.27, , , , , ,731.7,731.68,700.0,300.0, , , , , ,, , , 
09:33:25,0.05,0.64,0.05,0.62,-0.29,0.36,0.55,-4.31,-0.25,0.74,-5.75, , , , , ,732.2,732.0,600.0,294.0, , , , , ,, , , 
09:33:28,0.25,0.81,0.27,0.92,-0.39,0.27,0.94,-4.54,0.21,0.58,-5.74, , , , , ,732.18,732.0,100.0,500.0, , , , , ,, , , 
09:33:31,0.34,0.87,0.35,0.87,-0.32,0.36,0.87,-4.43,0.31,0.86,-5.5, , , , , ,732.18,731.7,100.0,1100.0, , , , , ,, , , 
09:33:34,0.4,0.9,0.44,1.0,-0.57,0.39,0.97,-4.56,0.35,0.73,-5.48, , , , , ,732.18,731.7,100.0,1200.0, , , , , ,, , , 
09:33:37,0.6,1.14,0.46,1.1,-0.82,0.81,1.34,-4.7,0.53,0.98,-5.43, , , , , ,732.18,731.71,100.0,100.0, , , , , ,, , , 
09:33:40,0.62,1.13,0.47,1.09,-0.93,0.77,1.36,-4.69,0.61,0.95,-5.17, , , , , ,732.0,731.71,300.0,200.0, , , , , ,, , , 
09:33:43,0.51,1.08,0.5,1.1,-1.44,0.64,1.27,-4.95,0.38,0.86,-5.26, , , , , ,732.0,731.88,200.0,100.0, , , , , ,, , , 
09:33:46,0.4,1.07,0.46,1.16,-1.97,0.46,1.08,-5.4,0.29,0.97,-5.53, , , , , ,732.2,732.18,700.0,200.0, , , , , ,, , , 
09:33:49,0.34,1.14,0.49,1.26,-2.16,0.32,1.41,-5.38,0.21,0.75,-5.5, , , , , ,732.22,732.0,400.0,100.0, , , , , ,, , , 
09:33:52,0.22,0.84,0.37,0.92,-2.21,0.31,1.16,-5.11,-0.01,0.43,-5.19, , , , , ,732.14,731.7,700.0,1300.0, , , , , ,, , , 
09:33:55,0.02,0.52,0.33,0.67,-2.52,0.13,0.73,-5.44,-0.39,0.17,-5.24, , , , , ,732.14,732.01,500.0,400.0, , , , , ,, , , 
09:33:58,-0.02,0.47,0.31,0.62,-2.7,0.07,0.74,-5.33,-0.43,0.05,-5.34, , , , , ,732.14,732.01,500.0,100.0, , , , , ,, , , 
09:34:01,0.03,0.49,0.26,0.67,-2.75,0.19,0.84,-5.28,-0.36,-0.03,-5.23, , , , , ,732.14,732.0,100.0,500.0, , , , , ,, , , 
09:34:04,0.03,0.32,0.28,0.58,-2.85,0.06,0.75,-5.26,-0.24,-0.37,-5.14, , , , , ,732.19,732.0,700.0,700.0, , , , , ,, , , 
09:34:07,-0.12,0.28,0.17,0.54,-3.07,0.04,0.79,-5.15,-0.58,-0.5,-5.28, , , , , ,732.19,732.18,400.0,100.0, , , , , ,, , , 
09:34:10,-0.1,0.38,0.24,0.61,-3.2,0.02,0.86,-4.92,-0.56,-0.33,-4.87, , , , , ,732.19,732.01,400.0,200.0, , , , , ,, , , 
09:34:13,0.01,0.41,0.23,0.56,-3.29,0.22,0.89,-4.54,-0.4,-0.23,-4.74, , , , , ,732.02,732.0,900.0,1200.0, , , , , ,, , , 
09:34:16,0.02,0.23,0.16,0.41,-3.5,0.09,0.75,-4.22,-0.2,-0.46,-4.9, , , , , ,732.02,732.0,700.0,600.0, , , , , ,, , , 
09:34:19,-0.25,0.05,-0.01,0.25,-3.79,-0.11,0.4,-4.0,-0.63,-0.49,-5.05, , , , , ,732.02,732.01,700.0,200.0, , , , , ,, , , 
09:34:22,-0.64,-0.28,-0.4,-0.16,-3.85,-0.53,-0.05,-3.66,-0.98,-0.63,-5.12,-500.0,731.98,731.98,-400.0,100.0,732.0,731.81,1600.0,400.0, , , ,2018-05-17 09:34:22.625000,2018-05-17 09:34:22.625000,, , ,CANCELED
09:34:25,-1.1,-0.79,-0.93,-0.72,-3.98,-1.05,-0.66,-3.6,-1.32,-1.0,-4.99, , , , , ,731.98,731.74,200.0,100.0, , , , , ,, , , 
09:34:28,-1.37,-1.27,-1.19,-1.31,-4.13,-1.46,-1.06,-3.59,-1.45,-1.44,-4.95,-600.0,731.7,0.0,-0.0,100.0,731.86,731.7,1400.0,500.0, , , ,2018-05-17 09:34:28.716000,2018-05-17 09:34:28.716000,, , ,CANCELED
09:34:31,-1.73,-1.62,-1.81,-1.86,-4.09,-1.56,-1.53,-3.58,-1.83,-1.46,-4.8, , , , , ,731.7,731.69,1300.0,700.0, , , , , ,, , , 
09:34:34,-1.77,-1.58,-1.86,-1.77,-3.95,-1.53,-1.5,-3.41,-1.93,-1.47,-4.45,-600.0,731.48,0.0,-0.0,100.0,731.5,731.48,500.0,100.0, , , ,2018-05-17 09:34:34.619000,2018-05-17 09:34:34.619000,, , ,CANCELED
09:34:37,-1.57,-1.62,-1.96,-1.86,-3.61,-1.16,-1.59,-2.93,-1.59,-1.4,-4.02, , , , , ,731.16,731.13,200.0,100.0, , , , , ,, , , 
09:34:40,-1.51,-1.58,-1.82,-1.86,-3.58,-1.09,-1.32,-2.87,-1.61,-1.55,-3.69,-600.0,731.01,731.01,-600.0,-500.0,731.07,731.01,400.0,1400.0,-542.8,-1.48, ,2018-05-17 09:34:40.798000,2018-05-17 09:34:40.798000,, , ,FILLED
09:34:43,-2.12,-1.87,-2.63,-2.38,-3.69,-1.6,-1.65,-2.92,-2.13,-1.57,-3.45,-500.0,731.0,0.0,-0.0,-500.0,731.01,731.0,200.0,3200.0, , , ,2018-05-17 09:34:43.603000,2018-05-17 09:34:43.603000,, , ,CANCELED
09:34:46,-2.2,-1.93,-2.88,-2.68,-2.9,-1.61,-1.64,-2.1,-2.11,-1.46,-2.45, , , , , ,730.39,730.31,200.0,100.0, , , , , ,, , , 
09:34:49,-2.3,-1.73,-2.82,-2.33,-3.34,-1.93,-1.54,-2.56,-2.16,-1.31,-2.72,-500.0,730.22,730.22,-300.0,-800.0,731.0,730.22,300.0,100.0, , , ,2018-05-17 09:34:49.701000,2018-05-17 09:34:49.701000,, , ,CANCELED
09:34:52,-1.94,-1.51,-2.47,-2.08,-2.73,-1.35,-1.0,-2.05,-1.98,-1.47,-2.19, , , , , ,730.22,730.13,200.0,100.0, , , , , ,, , , 
09:34:55,-1.72,-1.21,-2.55,-1.8,-2.73,-1.09,-0.7,-2.0,-1.52,-1.13,-2.12, , , , , ,730.1,730.08,100.0,100.0, , , , , ,, , , 
09:34:58,-1.51,-0.72,-2.33,-1.55,-2.53,-1.04,-0.25,-2.02,-1.16,-0.36,-1.99, , , , , ,730.03,730.01,100.0,1000.0, , , , , ,, , , 
09:35:01,-1.63,-0.84,-2.27,-1.92,-2.63,-1.29,-0.37,-2.27,-1.32,-0.22,-2.08, , , , , ,730.2,730.06,13000.0,100.0, , , , , ,, , , 
09:35:04,-1.36,-0.98,-1.84,-1.65,-2.39,-0.99,-0.45,-2.02,-1.25,-0.83,-1.73, , , , , ,730.0,729.97,610.0,100.0, , , , , ,, , , 
09:35:07,-1.51,-1.19,-1.97,-1.86,-2.02,-1.18,-0.73,-1.88,-1.39,-0.98,-1.55, , , , , ,730.0,729.78,5610.0,100.0, , , , , ,, , , 
09:35:10,-1.06,-0.78,-1.49,-1.17,-1.71,-1.05,-0.49,-1.66,-0.65,-0.69,-1.38, , , , , ,729.81,729.7,200.0,200.0, , , , , ,, , , 
09:35:13,-0.91,-0.96,-1.63,-1.52,-0.96,-0.6,-0.69,-1.13,-0.5,-0.65,-0.88, , , , , ,729.77,729.02,700.0,100.0, , , , , ,, , , 
09:35:16,-0.67,-0.74,-1.44,-1.05,-0.59,-0.04,-0.44,-1.14,-0.54,-0.75,-0.79, , , , , ,729.69,729.0,200.0,500.0, , , , , ,, , , 
09:35:19,-0.83,-0.68,-1.64,-1.15,-0.27,-0.5,-0.51,-0.99,-0.35,-0.38,-0.72, , , , , ,729.69,728.88,400.0,100.0, , , , , ,, , , 
09:35:22,-0.44,-0.43,-1.34,-0.85,0.4,0.18,-0.32,-0.44,-0.15,-0.13,-0.18, , , , , ,729.0,728.88,1200.0,100.0, , , , , ,, , , 
09:35:25,-0.43,-0.22,-1.43,-0.7,0.58,0.43,-0.11,-0.17,-0.28,0.15,0.02, , , , , ,729.0,728.6,1200.0,100.0, , , , , ,, , , 
09:35:28,-0.04,0.3,-1.01,0.1,0.55,0.88,0.46,0.01,0.0,0.34,0.08, , , , , ,729.0,728.5,3300.0,4900.0, , , , , ,, , , 
09:35:31,0.17,0.87,-0.85,0.53,0.72,0.95,0.8,0.25,0.42,1.27,0.41, , , , , ,728.6,728.5,300.0,3100.0, , , , , ,, , , 
09:35:34,0.28,1.04,-0.57,0.66,0.42,0.91,0.96,-0.05,0.51,1.51,0.24,800.0,728.52,728.5,800.0,0.0,728.88,728.5,800.0,2100.0,1082.9,1.85, ,2018-05-17 09:35:34.711000,2018-05-17 09:35:34.711000,, , ,FILLED
09:35:37,0.54,1.21,-0.16,0.86,0.81,1.18,1.13,0.22,0.59,1.65,0.63, , , , , ,728.5,728.33,1900.0,900.0, , , , , ,, , , 
09:35:40,0.6,1.24,-0.03,0.98,0.81,1.3,1.22,0.16,0.54,1.52,0.71, , , , , ,728.5,728.22,1100.0,200.0, , , , , ,, , , 
09:35:43,0.65,1.14,-0.16,0.9,0.87,1.24,1.08,0.2,0.89,1.46,0.87, , , , , ,728.33,728.15,2500.0,400.0, , , , , ,, , , 
09:35:46,0.72,1.11,-0.01,0.89,0.79,1.26,1.08,0.09,0.91,1.36,0.85,500.0,728.33,728.33,500.0,500.0,728.33,728.15,1800.0,400.0, , , ,2018-05-17 09:35:46.680000,2018-05-17 09:35:46.680000,, , ,FILLED
09:35:49,0.85,1.37,0.14,1.15,0.89,1.41,1.32,0.2,1.02,1.64,1.03,500.0,728.15,728.15,500.0,1000.0,728.15,728.04,100.0,100.0, , , ,2018-05-17 09:35:49.666000,2018-05-17 09:35:49.666000,, , ,FILLED
09:35:52,0.7,1.47,-0.01,1.18,0.78,1.31,1.43,0.21,0.81,1.8,0.98, , , , , ,728.22,728.0,800.0,500.0, , , , , ,, , , 
09:35:55,0.71,1.4,0.02,1.07,0.49,1.04,1.28,-0.1,1.07,1.84,0.74, , , , , ,728.49,728.05,100.0,100.0, , , , , ,, , , 
09:35:58,0.71,1.35,0.07,1.06,0.89,1.04,1.28,0.36,1.02,1.7,1.15, , , , , ,728.0,727.8,1100.0,100.0, , , , , ,, , , 
09:36:01,1.05,1.56,0.26,1.37,0.09,1.49,1.43,-0.42,1.42,1.87,0.38,500.0,728.49,728.49,500.0,1500.0,728.49,728.33,500.0,200.0, , , ,2018-05-17 09:36:01.660000,2018-05-17 09:36:01.660000,, , ,FILLED
09:36:04,1.14,1.56,0.62,1.36,0.37,1.38,1.53,-0.4,1.42,1.79,0.5,500.0,728.33,728.33,400.0,1900.0,728.33,728.15,200.0,800.0, , , ,2018-05-17 09:36:04.733000,2018-05-17 09:36:04.733000,, , ,CANCELED
09:36:07,1.37,1.89,0.93,1.82,0.14,1.69,1.96,-0.7,1.48,1.88,0.17, , , , , ,728.5,728.33,212.0,100.0, , , , , ,, , , 
09:36:10,1.3,1.92,1.03,2.09,-0.08,1.49,1.92,-1.0,1.37,1.76,-0.15,500.0,728.88,728.88,500.0,2400.0,728.88,728.32,300.0,200.0, , , ,2018-05-17 09:36:10.742000,2018-05-17 09:36:10.742000,, , ,FILLED
09:36:13,1.26,1.87,1.04,2.01,-0.24,1.52,1.96,-1.28,1.21,1.64,-0.41,500.0,728.99,728.99,500.0,2900.0,728.99,728.5,200.0,300.0, , , ,2018-05-17 09:36:13.694000,2018-05-17 09:36:13.694000,, , ,FILLED
09:36:16,1.17,2.02,1.04,2.15,-0.68,1.37,1.93,-1.66,1.09,1.98,-0.88,500.0,729.02,729.02,100.0,3000.0,729.02,729.0,100.0,2300.0, , , ,2018-05-17 09:36:16.782000,2018-05-17 09:36:16.782000,, , ,CANCELED
09:36:19,1.19,2.01,0.85,2.04,-1.03,1.63,1.99,-2.04,1.08,2.01,-1.4, , , , , ,729.6,729.02,200.0,600.0, , , , , ,, , , 
09:36:22,0.77,1.8,0.68,1.9,-0.94,1.21,1.87,-2.0,0.42,1.64,-1.47, , , , , ,729.6,729.0,100.0,2700.0, , , , , ,, , , 
09:36:25,0.4,1.24,0.53,1.49,-0.85,0.9,1.17,-1.93,-0.23,1.06,-1.6, , , , , ,729.6,729.0,100.0,2100.0, , , , , ,, , , 
09:36:28,0.18,1.0,0.34,1.17,-0.33,0.67,0.93,-1.52,-0.47,0.9,-1.29, , , , , ,729.0,728.99,3100.0,300.0, , , , , ,, , , 
09:36:31,0.1,0.91,-0.08,1.09,-0.36,0.85,0.87,-1.48,-0.47,0.77,-1.44, , , , , ,729.0,728.99,1000.0,400.0, , , , , ,, , , 
09:36:34,0.01,0.92,0.03,1.14,-0.46,0.66,0.79,-1.46,-0.65,0.83,-1.61, , , , , ,729.0,728.99,1200.0,400.0, , , , , ,, , , 
09:36:37,-0.0,1.03,0.02,1.11,-0.6,0.59,0.82,-1.43,-0.62,1.17,-1.79, , , , , ,729.03,729.0,400.0,100.0, , , , , ,, , , 
09:36:40,-0.13,1.05,0.05,1.04,-0.72,0.4,0.82,-1.27,-0.83,1.28,-1.9, , , , , ,729.0,728.99,2400.0,600.0, , , , , ,, , , 
09:36:43,-0.03,0.95,-0.02,0.89,-0.54,0.45,0.93,-0.94,-0.53,1.03,-1.7, , , , , ,729.0,728.55,2100.0,100.0, , , , , ,, , , 
09:36:46,-0.17,0.71,-0.05,0.72,-0.56,0.13,0.89,-0.79,-0.6,0.52,-1.76, , , , , ,728.87,728.56,400.0,100.0, , , , , ,, , , 
09:36:49,-0.18,0.73,-0.09,0.72,-0.74,0.3,0.98,-0.95,-0.74,0.48,-1.96, , , , , ,729.0,728.56,500.0,100.0, , , , , ,, , , 
09:36:52,-0.18,0.95,-0.02,0.92,-0.55,0.38,1.11,-0.76,-0.89,0.8,-1.93, , , , , ,728.8,728.55,100.0,100.0, , , , , ,, , , 
09:36:55,-0.25,0.84,-0.5,0.74,-0.47,0.46,0.93,-0.41,-0.7,0.85,-1.84, , , , , ,728.57,728.52,300.0,100.0, , , , , ,, , , 
09:36:58,-0.58,0.39,-0.86,0.28,-0.49,0.1,0.55,-0.49,-0.99,0.35,-1.9, , , , , ,728.55,728.5,1000.0,100.0, , , , , ,, , , 
09:37:01,-1.08,-0.13,-1.37,-0.5,-0.43,-0.34,-0.05,-0.25,-1.53,0.17,-1.88, , , , , ,728.5,728.34,500.0,100.0, , , , , ,, , , 
09:37:04,-1.04,-0.17,-1.12,-0.62,-0.64,-0.35,-0.11,-0.12,-1.65,0.2,-2.03, , , , , ,728.5,728.34,100.0,100.0, , , , , ,, , , 
09:37:07,-0.56,0.27,-0.97,0.01,-1.06,0.14,0.35,-0.49,-0.84,0.46,-2.65, , , , , ,728.8,728.55,100.0,2000.0, , , , , ,, , , 
09:37:10,-0.4,0.58,-0.74,0.35,-0.94,0.2,0.7,-0.03,-0.65,0.69,-2.7, , , , , ,728.56,728.55,900.0,2100.0, , , , , ,, , , 
09:37:13,-0.72,0.56,-0.95,0.2,-0.98,-0.2,0.65,0.02,-1.03,0.82,-2.94, , , , , ,728.56,728.5,1000.0,200.0, , , , , ,, , , 
09:37:16,-0.59,0.74,-0.73,0.53,-1.0,0.0,0.86,-0.15,-1.05,0.83,-3.16, , , , , ,728.56,728.5,300.0,200.0, , , , , ,, , , 
09:37:19,-0.58,0.68,-0.72,0.38,-0.86,-0.14,0.88,-0.17,-0.87,0.8,-3.22, , , , , ,728.55,728.34,1000.0,100.0, , , , , ,, , , 
09:37:22,-0.68,0.57,-0.66,0.32,-1.24,-0.4,0.79,-0.8,-0.99,0.61,-3.81, , , , , ,728.96,728.52,100.0,200.0, , , , , ,, , , 
09:37:25,-0.41,0.8,-0.47,0.7,-1.19,0.21,1.03,-0.75,-0.98,0.66,-3.92, , , , , ,728.96,728.56,100.0,100.0, , , , , ,, , , 
09:37:28,-0.27,1.08,-0.21,1.06,-1.2,0.48,1.23,-0.83,-1.06,0.94,-4.1, , , , , ,728.96,728.56,100.0,2800.0, , , , , ,, , , 
09:37:31,-0.22,0.93,-0.34,0.92,-1.17,0.49,1.18,-0.8,-0.8,0.69,-4.14, , , , , ,728.96,728.56,100.0,600.0, , , , , ,, , , 
09:37:34,-0.75,0.47,-0.55,0.31,-0.99,-0.21,0.75,-0.58,-1.48,0.35,-4.09, , , , , ,728.96,728.35,100.0,200.0, , , , , ,, , , 
09:37:37,-1.24,-0.09,-1.06,-0.15,-0.66,-0.45,0.05,-0.33,-2.22,-0.16,-3.89, , , , , ,728.56,728.34,2300.0,100.0, , , , , ,, , , 
09:37:40,-1.11,-0.18,-0.97,-0.18,-0.52,-0.29,0.03,-0.14,-2.08,-0.4,-3.93, , , , , ,728.56,728.34,2000.0,100.0, , , , , ,, , , 
09:37:43,-0.81,-0.04,-0.75,-0.1,-0.34,-0.19,0.16,0.2,-1.49,-0.18,-3.82, , , , , ,728.34,728.33,200.0,1000.0, , , , , ,, , , 
09:37:46,-1.24,-0.44,-1.4,-0.85,-0.21,-0.7,-0.09,0.37,-1.64,-0.37,-3.8,-2500.0,728.28,0.0,-0.0,3000.0,728.3,728.28,2791.0,200.0, , , ,2018-05-17 09:37:46.707000,2018-05-17 09:37:46.707000,, , ,CANCELED
09:37:49,-1.69,-0.56,-2.1,-1.17,-0.09,-0.83,-0.31,0.65,-2.13,-0.18,-3.67, , , , , ,728.28,728.02,2600.0,4100.0, , , , , ,, , , 
09:37:52,-1.16,-0.09,-1.36,-0.21,-0.09,-0.46,0.09,0.54,-1.68,-0.14,-3.78, , , , , ,728.35,728.02,191.0,3200.0, , , , , ,, , , 
09:37:55,-0.93,0.16,-0.86,0.11,-0.28,-0.56,0.36,0.14,-1.38,0.02,-4.16, , , , , ,728.56,728.34,1291.0,100.0, , , , , ,, , , 
09:37:58,-1.36,-0.17,-1.44,-0.24,0.21,-0.88,0.2,0.76,-1.77,-0.45,-3.56, , , , , ,728.02,728.0,200.0,1593.0, , , , , ,, , , 
09:38:01,-1.68,-0.46,-2.13,-0.56,0.32,-0.83,-0.28,0.83,-2.07,-0.54,-3.6,-2500.0,728.0,728.0,-2293.0,707.0,728.01,728.0,700.0,1393.0, , , ,2018-05-17 09:38:01.727000,2018-05-17 09:38:01.727000,, , ,CANCELED
09:38:04,-1.71,-0.82,-1.97,-0.66,0.53,-1.0,-0.7,1.06,-2.14,-1.09,-3.57, , , , , ,728.0,727.9,1307.0,100.0, , , , , ,, , , 
09:38:07,-1.64,-0.95,-2.07,-0.95,0.65,-1.02,-0.77,1.25,-1.83,-1.12,-3.5,-1200.0,727.8,727.8,-1200.0,-493.0,727.9,727.8,300.0,200.0,-4366.79,-2.0, ,2018-05-17 09:38:07.742000,2018-05-17 09:38:07.742000,, , ,FILLED
09:38:10,-1.4,-0.75,-1.81,-0.9,0.99,-0.86,-0.35,1.28,-1.52,-1.01,-3.47, , , , , ,727.93,727.7,100.0,100.0, , , , , ,, , , 
09:38:13,-1.23,-0.24,-1.51,-0.57,0.94,-0.66,0.06,1.23,-1.53,-0.21,-3.46, , , , , ,728.0,727.72,2800.0,100.0, , , , , ,, , , 
09:38:16,-0.91,-0.09,-1.34,-0.45,0.96,-0.08,0.17,1.43,-1.3,0.01,-3.05, , , , , ,727.8,727.65,100.0,100.0, , , , , ,, , , 
09:38:19,-0.58,0.13,-0.88,-0.22,0.71,0.2,0.54,1.32,-1.05,0.07,-2.97, , , , , ,728.0,727.6,2700.0,100.0, , , , , ,, , , 
09:38:22,-0.52,0.31,-1.05,-0.06,0.36,0.23,0.65,1.27,-0.75,0.35,-2.75, , , , , ,727.98,727.8,100.0,100.0, , , , , ,, , , 
09:38:25,-0.43,0.8,-0.58,0.47,0.38,0.17,1.08,1.2,-0.88,0.85,-2.48, , , , , ,727.98,727.9,100.0,400.0, , , , , ,, , , 
09:38:28,-0.42,0.87,-0.55,0.61,0.3,0.04,1.03,1.2,-0.75,0.98,-2.37, , , , , ,727.98,727.9,200.0,200.0, , , , , ,, , , 
09:38:31,-0.34,0.69,-0.34,0.52,0.55,-0.07,1.05,1.47,-0.59,0.5,-2.17, , , , , ,727.9,727.66,100.0,100.0, , , , , ,, , , 
09:38:34,-0.15,0.92,-0.02,1.05,0.34,0.29,1.34,1.21,-0.72,0.38,-2.52, , , , , ,728.0,727.98,5400.0,3000.0, , , , , ,, , , 
09:38:37,0.24,1.51,0.27,1.48,0.27,0.92,1.74,1.19,-0.47,1.3,-2.49,500.0,728.02,728.02,500.0,7.0,728.02,728.0,1300.0,100.0,-531.37,-1.48, ,2018-05-17 09:38:37.655000,2018-05-17 09:38:37.655000,, , ,FILLED
09:38:40,0.52,1.76,0.65,1.83,0.32,1.14,1.87,1.06,-0.24,1.58,-2.74, , , , , ,728.2,728.02,100.0,1300.0, , , , , ,, , , 
09:38:43,0.61,1.62,0.63,1.59,0.43,1.23,1.71,0.96,-0.04,1.56,-2.59, , , , , ,728.33,728.02,100.0,900.0, , , , , ,, , , 
09:38:46,0.5,1.42,0.57,1.37,0.68,1.04,1.54,1.09,-0.09,1.37,-2.42, , , , , ,728.33,727.8,100.0,200.0, , , , , ,, , , 
09:38:49,0.5,1.52,0.67,1.42,0.57,1.09,1.64,0.88,-0.26,1.49,-2.83, , , , , ,728.33,728.08,100.0,1300.0, , , , , ,, , , 
09:38:52,0.4,1.51,0.48,1.58,0.93,1.16,1.74,1.28,-0.44,1.21,-2.21, , , , , ,728.0,727.8,100.0,500.0, , , , , ,, , , 
09:38:55,0.51,1.46,0.73,1.45,0.3,1.3,1.77,0.66,-0.49,1.17,-2.96, , , , , ,728.56,728.1,891.0,200.0, , , , , ,, , , 
09:38:58,0.37,1.45,0.69,1.55,0.04,1.06,1.67,0.28,-0.64,1.15,-3.33, , , , , ,728.56,728.51,891.0,100.0, , , , , ,, , , 
09:39:01,0.34,1.63,0.7,1.62,0.99,1.07,1.81,1.08,-0.74,1.46,-2.46, , , , , ,728.0,727.8,300.0,2700.0, , , , , ,, , , 
09:39:04,0.43,1.69,0.75,1.61,0.73,1.04,1.81,0.57,-0.52,1.64,-2.83, , , , , ,728.56,727.81,691.0,100.0, , , , , ,, , , 
09:39:07,0.38,1.49,0.61,1.46,0.07,1.12,1.54,-0.24,-0.6,1.47,-3.49, , , , , ,728.86,728.56,100.0,9.0, , , , , ,, , , 
09:39:10,0.35,1.6,0.72,1.73,0.36,0.96,1.67,0.02,-0.63,1.39,-3.24, , , , , ,728.86,728.1,200.0,100.0, , , , , ,, , , 
09:39:13,0.27,1.64,0.52,1.55,-0.01,0.9,1.54,-0.44,-0.61,1.81,-3.68, , , , , ,728.96,728.56,100.0,100.0, , , , , ,, , , 
09:39:16,-0.05,0.97,0.28,1.19,0.75,0.54,0.8,0.2,-0.98,0.92,-3.18, , , , , ,728.33,728.12,300.0,100.0, , , , , ,, , , 
09:39:19,-0.06,0.7,0.17,0.92,0.74,0.72,0.72,0.09,-1.08,0.46,-3.4, , , , , ,728.33,728.12,400.0,100.0, , , , , ,, , , 
09:39:22,-0.38,0.36,-0.1,0.52,1.02,0.47,0.54,0.22,-1.51,0.01,-3.12, , , , , ,728.12,728.01,700.0,100.0, , , , , ,, , , 
09:39:25,-0.48,0.22,-0.09,0.5,0.96,0.4,0.4,0.03,-1.76,-0.24,-3.2, , , , , ,728.12,728.1,500.0,200.0, , , , , ,, , , 
09:39:28,-0.65,0.06,-0.25,0.3,0.51,-0.03,0.28,-0.53,-1.66,-0.4,-3.67, , , , , ,728.56,728.33,300.0,300.0, , , , , ,, , , 
09:39:31,-0.49,0.18,-0.15,0.52,1.16,0.36,0.4,-0.09,-1.68,-0.37,-3.0, , , , , ,728.01,728.0,400.0,1800.0, , , , , ,, , , 
09:39:34,-0.56,0.14,-0.11,0.34,0.98,0.11,0.55,-0.46,-1.69,-0.49,-3.34, , , , , ,728.3,728.01,100.0,3000.0, , , , , ,, , , 
09:39:37,-0.57,0.46,-0.14,0.7,0.75,0.24,0.84,-0.85,-1.82,-0.17,-3.58, , , , , ,728.56,728.1,200.0,200.0, , , , , ,, , , 
09:39:40,-0.51,0.47,-0.11,0.87,0.75,0.16,0.89,-1.0,-1.59,-0.33,-3.59, , , , , ,728.56,728.12,200.0,3900.0, , , , , ,, , , 
09:39:43,-0.32,0.6,-0.04,1.03,0.42,0.45,1.0,-1.41,-1.36,-0.23,-3.91, , , , , ,728.75,728.38,100.0,100.0, , , , , ,, , , 
09:39:46,-0.36,0.64,0.05,1.07,0.21,0.26,1.03,-1.75,-1.39,-0.18,-4.21, , , , , ,728.86,728.56,600.0,100.0, , , , , ,, , , 
09:39:49,-0.21,0.73,0.28,1.12,0.29,0.45,1.07,-1.75,-1.37,0.01,-4.16, , , , , ,728.75,728.5,100.0,300.0, , , , , ,, , , 
09:39:52,-0.15,0.63,0.34,1.07,0.32,0.36,0.99,-1.82,-1.16,-0.18,-4.13, , , , , ,728.86,728.33,700.0,300.0, , , , , ,, , , 
09:39:55,0.02,0.6,0.35,1.04,0.61,0.76,0.97,-1.59,-1.05,-0.21,-3.83, , , , , ,728.4,728.33,100.0,300.0, , , , , ,, , , 
09:39:58,-0.03,0.74,0.43,1.07,0.17,0.64,1.26,-2.01,-1.15,-0.11,-4.14, , , , , ,728.86,728.36,700.0,900.0, , , , , ,, , , 
09:40:01,-0.08,0.59,0.4,0.97,0.01,0.56,0.92,-2.25,-1.21,-0.12,-4.3, , , , , ,728.86,728.5,500.0,100.0, , , , , ,, , , 
09:40:04,-0.46,0.3,0.18,0.76,-0.28,-0.01,0.47,-2.55,-1.55,-0.32,-4.58, , , , , ,728.86,728.75,900.0,300.0, , , , , ,, , , 
09:40:07,-0.59,0.16,0.02,0.76,-0.34,0.01,0.35,-2.79,-1.8,-0.62,-4.73, , , , , ,728.8,728.75,1000.0,200.0, , , , , ,, , , 
09:40:10,-0.71,0.16,-0.05,0.69,-0.39,-0.26,0.56,-3.0,-1.83,-0.79,-4.75, , , , , ,728.8,728.75,500.0,200.0, , , , , ,, , , 
09:40:13,-0.66,0.23,0.01,0.79,-0.28,-0.12,0.55,-3.08,-1.87,-0.67,-4.58, , , , , ,728.72,728.56,300.0,100.0, , , , , ,, , , 
09:40:16,-0.62,0.15,0.15,0.67,-0.62,-0.28,0.57,-3.56,-1.72,-0.78,-4.86, , , , , ,728.86,728.8,800.0,1900.0, , , , , ,, , , 
09:40:19,-0.41,0.21,0.21,0.87,-0.74,0.07,0.58,-3.75,-1.5,-0.81,-4.86, , , , , ,728.86,728.8,100.0,2400.0, , , , , ,, , , 
09:40:22,-0.41,0.2,0.2,0.8,-0.73,-0.0,0.6,-3.82,-1.44,-0.8,-4.85, , , , , ,728.8,728.71,200.0,100.0, , , , , ,, , , 
09:40:25,-0.52,0.14,0.1,0.8,-0.96,0.0,0.38,-4.02,-1.66,-0.74,-5.05, , , , , ,728.86,728.8,100.0,200.0, , , , , ,, , , 
09:40:28,-0.69,-0.13,0.07,0.59,-1.06,-0.36,0.07,-4.18,-1.77,-1.05,-5.15, , , , , ,728.86,728.8,200.0,200.0, , , , , ,, , , 
09:40:31,-0.86,-0.14,-0.53,0.42,-1.22,-0.38,0.05,-4.23,-1.66,-0.89,-5.18, , , , , ,728.86,728.8,100.0,800.0, , , , , ,, , , 
09:40:34,-1.0,-0.16,-0.5,0.38,-1.49,-0.53,-0.02,-4.42,-1.96,-0.84,-5.29, , , , , ,728.94,728.86,700.0,200.0, , , , , ,, , , 
09:40:37,-0.79,-0.18,-0.4,0.45,-1.64,-0.18,-0.05,-4.51,-1.8,-0.96,-5.3, , , , , ,728.95,728.86,700.0,100.0, , , , , ,, , , 
09:40:40,-0.82,-0.33,-0.28,0.25,-1.71,-0.24,-0.3,-4.48,-1.95,-0.94,-5.25, , , , , ,728.89,728.83,1400.0,100.0, , , , , ,, , , 
09:40:43,-1.13,-0.63,-0.53,-0.0,-1.81,-0.57,-0.43,-4.54,-2.28,-1.46,-5.28, , , , , ,728.89,728.83,1400.0,100.0, , , , , ,, , , 
09:40:46,-1.19,-0.57,-0.55,0.02,-1.96,-0.61,-0.35,-4.58,-2.41,-1.38,-5.3, , , , , ,728.89,728.83,100.0,100.0, , , , , ,, , , 
09:40:49,-1.24,-0.48,-0.42,0.05,-2.08,-0.85,-0.24,-4.63,-2.44,-1.26,-5.35, , , , , ,728.89,728.83,200.0,100.0, , , , , ,, , , 
09:40:52,-1.36,-0.6,-0.69,-0.0,-2.09,-1.07,-0.42,-4.61,-2.32,-1.38,-5.32, , , , , ,728.83,728.75,100.0,300.0, , , , , ,, , , 
09:40:55,-1.3,-0.58,-0.67,0.03,-2.2,-0.98,-0.35,-4.64,-2.24,-1.42,-5.45, , , , , ,728.86,728.75,200.0,200.0, , , , , ,, , , 
09:40:58,-1.59,-0.78,-1.11,-0.34,-2.24,-1.06,-0.52,-4.6,-2.59,-1.48,-5.51,-400.0,728.75,728.75,-400.0,-393.0,728.8,728.75,1800.0,100.0, , , ,2018-05-17 09:40:58.673000,2018-05-17 09:40:58.673000,, , ,FILLED
09:41:01,-1.91,-1.01,-1.47,-0.58,-2.1,-1.48,-0.83,-4.38,-2.77,-1.63,-5.34, , , , , ,728.75,728.4,200.0,1400.0, , , , , ,, , , 
09:41:04,-2.31,-1.34,-2.02,-0.83,-2.24,-2.09,-1.21,-4.43,-2.82,-1.97,-5.43,-500.0,728.4,728.5,-500.0,-893.0,728.75,728.4,200.0,800.0, , , ,2018-05-17 09:41:04.705000,2018-05-17 09:41:04.705000,, , ,FILLED
09:41:07,-2.42,-1.52,-2.17,-1.12,-2.4,-2.21,-1.47,-4.38,-2.88,-1.95,-5.36,-500.0,728.4,728.4,-500.0,-1393.0,728.58,728.4,100.0,600.0, , , ,2018-05-17 09:41:07.661000,2018-05-17 09:41:07.661000,, , ,FILLED
09:41:10,-2.61,-1.7,-2.34,-1.38,-2.62,-2.34,-1.86,-4.39,-3.13,-1.87,-5.27,-500.0,728.41,728.41,-100.0,-1493.0,728.58,728.41,100.0,100.0, , , ,2018-05-17 09:41:10.674000,2018-05-17 09:41:10.674000,, , ,CANCELED
09:41:13,-2.7,-1.7,-2.26,-1.4,-2.75,-2.56,-1.69,-4.2,-3.28,-2.0,-5.02, , , , , ,728.41,728.39,400.0,500.0, , , , , ,, , , 
09:41:16,-2.79,-1.73,-2.42,-1.3,-2.96,-2.63,-1.78,-3.96,-3.32,-2.12,-4.88,-400.0,728.38,0.0,-0.0,-1493.0,728.39,728.38,1500.0,100.0, , , ,2018-05-17 09:41:16.672000,2018-05-17 09:41:16.672000,, , ,CANCELED
09:41:19,-2.82,-1.82,-2.39,-1.46,-2.9,-2.76,-1.76,-3.53,-3.31,-2.23,-4.54, , , , , ,728.3,728.12,200.0,2900.0, , , , , ,, , , 
09:41:22,-2.8,-1.87,-2.5,-1.51,-3.0,-2.87,-1.85,-3.12,-3.05,-2.25,-4.48,-500.0,728.01,728.01,-500.0,-1993.0,728.3,728.01,100.0,3300.0, , , ,2018-05-17 09:41:22.683000,2018-05-17 09:41:22.683000,, , ,FILLED
09:41:25,-3.11,-1.87,-2.87,-1.54,-3.09,-3.09,-1.85,-2.77,-3.37,-2.21,-4.55,-500.0,728.01,0.0,-0.0,-1993.0,728.3,728.01,100.0,1800.0, , , ,2018-05-17 09:41:25.743000,2018-05-17 09:41:25.743000,, , ,CANCELED
09:41:28,-3.25,-2.0,-3.06,-1.77,-3.06,-3.2,-1.83,-2.46,-3.48,-2.38,-4.31, , , , , ,728.01,728.0,800.0,4100.0, , , , , ,, , , 
09:41:31,-3.27,-2.03,-3.12,-1.92,-2.96,-3.34,-1.74,-2.33,-3.33,-2.45,-4.12,-500.0,727.8,0.0,-0.0,-1993.0,728.0,727.8,1100.0,100.0, , , ,2018-05-17 09:41:31.699000,2018-05-17 09:41:31.698000,, , ,CANCELED
09:41:34,-3.37,-2.06,-3.32,-1.88,-2.8,-3.3,-1.83,-2.15,-3.49,-2.47,-3.73, , , , , ,727.77,727.66,100.0,300.0, , , , , ,, , , 
09:41:37,-3.19,-1.93,-3.1,-1.77,-2.79,-2.96,-1.7,-1.98,-3.5,-2.31,-3.38,-500.0,727.63,727.63,-300.0,-2293.0,727.66,727.63,200.0,100.0, , , ,2018-05-17 09:41:37.647000,2018-05-17 09:41:37.647000,, , ,CANCELED
09:41:40,-2.92,-1.85,-2.67,-1.68,-2.73,-2.71,-1.48,-2.0,-3.36,-2.4,-3.08, , , , , ,727.63,727.52,300.0,1600.0, , , , , ,, , , 
09:41:43,-2.77,-1.82,-2.52,-1.83,-2.7,-2.67,-1.46,-1.69,-3.11,-2.17,-2.74,-500.0,727.51,727.51,-500.0,-2793.0,727.52,727.51,1600.0,200.0, , , ,2018-05-17 09:41:43.651000,2018-05-17 09:41:43.651000,, , ,FILLED
09:41:46,-3.08,-2.1,-3.02,-2.29,-2.6,-2.86,-1.83,-1.52,-3.37,-2.17,-2.45,-500.0,727.33,0.0,-0.0,-2793.0,727.5,727.33,300.0,200.0, , , ,2018-05-17 09:41:46.600000,2018-05-17 09:41:46.600000,, , ,CANCELED
09:41:49,-3.06,-1.91,-3.01,-2.1,-2.4,-2.76,-1.54,-1.48,-3.41,-2.08,-2.12, , , , , ,727.23,727.22,400.0,4300.0, , , , , ,, , , 
09:41:52,-2.83,-1.8,-3.04,-1.99,-2.46,-2.32,-1.3,-1.28,-3.13,-2.11,-2.19,-500.0,727.22,727.22,-500.0,-3293.0,727.23,727.22,100.0,500.0, , , ,2018-05-17 09:41:52.701000,2018-05-17 09:41:52.701000,, , ,FILLED
09:41:55,-2.51,-1.72,-2.39,-1.92,-2.46,-2.27,-1.09,-1.42,-2.87,-2.15,-2.33,-500.0,727.19,727.19,-200.0,-3493.0,727.22,727.19,100.0,300.0, , , ,2018-05-17 09:41:55.707000,2018-05-17 09:41:55.707000,, , ,CANCELED
09:41:58,-2.79,-1.88,-2.92,-1.96,-2.38,-2.42,-1.48,-1.44,-3.03,-2.21,-2.34, , , , , ,727.18,727.12,1400.0,200.0, , , , , ,, , , 
09:42:01,-2.84,-1.85,-2.92,-2.07,-2.21,-2.5,-1.42,-1.23,-3.11,-2.05,-2.21,-500.0,726.99,726.99,-500.0,-3993.0,727.0,726.99,3000.0,100.0, , , ,2018-05-17 09:42:01.670000,2018-05-17 09:42:01.670000,, , ,FILLED
09:42:04,-2.94,-1.92,-3.04,-2.05,-2.04,-2.66,-1.43,-0.98,-3.12,-2.29,-1.89,-500.0,726.66,726.66,-500.0,-4493.0,727.0,726.66,6100.0,300.0, , , ,2018-05-17 09:42:04.620000,2018-05-17 09:42:04.620000,, , ,FILLED
09:42:07,-2.52,-1.71,-2.44,-1.89,-2.05,-2.41,-1.05,-0.86,-2.72,-2.19,-1.79, , , , , ,727.0,726.58,5700.0,100.0, , , , , ,, , , 
09:42:10,-1.93,-1.07,-1.83,-0.93,-1.48,-1.97,-0.51,-0.33,-1.98,-1.77,-1.1, , , , , ,726.58,726.16,100.0,100.0, , , , , ,, , , 
09:42:13,-1.27,-0.47,-1.11,-0.56,-1.42,-1.22,0.03,-0.41,-1.48,-0.87,-1.07, , , , , ,726.66,726.08,100.0,400.0, , , , , ,, , , 
09:42:16,-1.48,-0.46,-1.63,-0.58,-0.74,-1.22,0.18,-0.18,-1.59,-0.96,-0.66, , , , , ,726.08,726.0,100.0,3200.0, , , , , ,, , , 
09:42:19,-1.66,-0.64,-1.78,-0.75,-0.71,-1.55,-0.09,-0.55,-1.64,-1.09,-0.73, , , , , ,726.3,726.0,400.0,800.0, , , , , ,, , , 
09:42:22,-1.9,-0.98,-2.17,-1.25,0.06,-1.77,-0.36,-0.07,-1.78,-1.34,-0.35, , , , , ,726.0,725.68,200.0,100.0, , , , , ,, , , 
09:42:25,-1.97,-0.96,-2.52,-1.27,0.41,-1.48,-0.25,-0.08,-1.92,-1.36,-0.44, , , , , ,726.0,725.68,3000.0,100.0, , , , , ,, , , 
09:42:28,-2.02,-1.16,-2.64,-1.49,0.59,-1.4,-0.37,-0.02,-2.02,-1.61,-0.41, , , , , ,725.99,725.58,100.0,100.0, , , , , ,, , , 
09:42:31,-1.8,-1.27,-2.38,-1.55,0.76,-1.2,-0.53,0.24,-1.83,-1.73,-0.29, , , , , ,725.71,725.58,1000.0,100.0, , , , , ,, , , 
09:42:34,-1.05,-0.72,-1.13,-0.6,0.61,-0.97,-0.08,0.03,-1.06,-1.48,-0.42, , , , , ,725.71,725.7,600.0,100.0, , , , , ,, , , 
09:42:37,-0.68,-0.11,-0.53,-0.22,0.88,-0.68,0.4,0.21,-0.82,-0.49,-0.23, , , , , ,725.58,725.55,1300.0,200.0, , , , , ,, , , 
09:42:40,-0.48,0.06,-0.32,-0.07,0.78,-0.45,0.56,0.24,-0.66,-0.3,-0.21, , , , , ,725.58,725.52,1400.0,100.0, , , , , ,, , , 
09:42:43,-0.36,0.02,-0.26,-0.18,1.03,-0.08,0.67,0.24,-0.73,-0.42,-0.25, , , , , ,725.58,725.5,1400.0,500.0, , , , , ,, , , 
09:42:46,-0.45,0.01,-0.31,-0.41,1.02,-0.32,0.69,0.11,-0.72,-0.24,-0.33, , , , , ,725.58,725.55,1700.0,100.0, , , , , ,, , , 
09:42:49,-0.51,-0.01,-0.48,-0.51,0.97,-0.19,0.62,0.21,-0.87,-0.14,-0.16, , , , , ,725.55,725.33,100.0,100.0, , , , , ,, , , 
09:42:52,-0.58,0.02,-0.45,-0.31,1.27,-0.15,0.67,0.29,-1.13,-0.29,-0.12, , , , , ,725.55,725.2,704.0,1100.0, , , , , ,, , , 
09:42:55,-0.31,0.28,-0.16,0.0,1.14,-0.08,0.81,0.32,-0.7,0.03,-0.12, , , , , ,725.5,725.2,400.0,600.0, , , , , ,, , , 
09:42:58,-0.3,0.33,-0.25,0.07,0.82,-0.27,0.83,0.11,-0.39,0.08,-0.38, , , , , ,725.52,725.5,1100.0,100.0, , , , , ,, , , 
09:43:01,-0.08,0.59,-0.02,0.33,0.9,0.02,1.13,0.12,-0.24,0.29,-0.28, , , , , ,725.55,725.36,704.0,800.0, , , , , ,, , , 
09:43:04,0.31,0.83,0.46,0.82,1.22,0.49,1.3,0.3,0.0,0.36,0.05,2500.0,725.17,725.17,2500.0,-1993.0,725.33,725.15,500.0,300.0, , , ,2018-05-17 09:43:04.649000,2018-05-17 09:43:04.649000,, , ,FILLED
09:43:07,0.61,1.09,0.64,1.16,1.35,0.94,1.38,0.18,0.27,0.73,0.2,2000.0,725.2,725.2,200.0,-1793.0,725.2,725.18,200.0,300.0, , , ,2018-05-17 09:43:07.611000,2018-05-17 09:43:07.611000,, , ,CANCELED
09:43:10,0.96,1.29,1.14,1.36,1.12,1.07,1.51,-0.01,0.66,1.0,0.07, , , , , ,725.33,725.3,500.0,1400.0, , , , , ,, , , 
09:43:13,0.97,1.33,1.18,1.49,0.9,1.11,1.55,-0.17,0.63,0.95,-0.09,2300.0,725.55,725.55,2300.0,507.0,725.55,725.3,604.0,700.0,6903.83,2.11, ,2018-05-17 09:43:13.656000,2018-05-17 09:43:13.656000,, , ,FILLED
09:43:16,0.97,1.47,1.33,1.79,0.65,1.01,1.57,-0.21,0.59,1.05,-0.22, , , , , ,725.55,725.33,4.0,4700.0, , , , , ,, , , 
09:43:19,1.06,1.55,1.39,1.88,-0.11,1.09,1.5,-0.75,0.7,1.27,-0.91,500.0,725.99,725.99,500.0,1007.0,725.99,725.68,400.0,4600.0, , , ,2018-05-17 09:43:19.659000,2018-05-17 09:43:19.658000,, , ,FILLED
09:43:22,0.97,1.55,1.42,1.87,-0.07,1.04,1.49,-0.85,0.45,1.29,-1.04, , , , , ,726.0,725.69,300.0,1000.0, , , , , ,, , , 
09:43:25,0.9,1.58,1.21,1.88,-0.89,1.14,1.53,-1.75,0.37,1.34,-2.01, , , , , ,726.55,726.3,200.0,300.0, , , , , ,, , , 
09:43:28,0.41,1.37,0.94,1.57,-0.92,0.65,1.39,-1.88,-0.36,1.13,-2.09, , , , , ,726.88,726.0,200.0,2600.0, , , , , ,, , , 
09:43:31,0.3,1.07,0.92,1.19,-0.47,0.62,1.03,-1.52,-0.64,0.99,-1.77, , , , , ,726.3,726.01,400.0,900.0, , , , , ,, , , 
09:43:34,0.11,0.82,0.82,0.99,-0.1,0.36,0.96,-1.03,-0.84,0.52,-1.39, , , , , ,726.0,725.58,100.0,1596.0, , , , , ,, , , 
09:43:37,-0.24,0.62,0.5,0.81,-0.68,-0.06,0.75,-1.62,-1.17,0.29,-2.02, , , , , ,726.88,725.55,800.0,500.0, , , , , ,, , , 
09:43:40,-0.51,0.34,0.13,0.46,-1.28,-0.34,0.37,-2.23,-1.32,0.19,-2.62, , , , , ,727.0,726.3,2515.0,400.0, , , , , ,, , , 
09:43:43,-0.02,0.67,0.54,1.15,-0.11,0.13,0.47,-1.08,-0.73,0.39,-1.47, , , , , ,726.0,725.6,400.0,200.0, , , , , ,, , , 
09:43:46,0.2,0.86,0.51,1.12,-1.19,0.33,0.76,-2.07,-0.25,0.71,-2.38, , , , , ,727.0,726.0,2515.0,4700.0, , , , , ,, , , 
09:43:49,-0.39,0.47,0.05,0.63,-0.94,-0.29,0.44,-1.81,-0.92,0.33,-2.04, , , , , ,726.55,726.0,500.0,1900.0, , , , , ,, , , 
09:43:52,-0.44,0.42,0.21,0.62,-0.57,-0.44,0.45,-1.51,-1.1,0.19,-1.67, , , , , ,726.01,726.0,1000.0,2000.0, , , , , ,, , , 
09:43:55,-0.31,0.33,0.16,0.52,-1.13,-0.22,0.43,-2.15,-0.88,0.04,-2.21, , , , , ,726.8,726.0,200.0,1900.0, , , , , ,, , , 
09:43:58,-0.35,0.26,0.0,0.45,-0.58,-0.28,0.37,-1.73,-0.76,-0.03,-1.67, , , , , ,726.03,726.0,100.0,2500.0, , , , , ,, , , 
09:44:01,-0.29,0.25,0.13,0.53,-0.64,-0.13,0.34,-1.82,-0.87,-0.14,-1.71, , , , , ,726.01,726.0,300.0,2400.0, , , , , ,, , , 
09:44:04,-0.32,0.32,0.05,0.62,-0.75,-0.08,0.54,-1.91,-0.94,-0.21,-1.77, , , , , ,726.01,726.0,200.0,2500.0, , , , , ,, , , 
09:44:07,-0.33,0.27,-0.04,0.49,-1.56,-0.15,0.39,-2.58,-0.82,-0.07,-2.46, , , , , ,726.9,726.01,200.0,100.0, , , , , ,, , , 
09:44:10,-0.34,0.28,-0.14,0.47,-1.23,-0.22,0.41,-2.12,-0.66,-0.05,-2.18, , , , , ,726.4,726.0,1300.0,200.0, , , , , ,, , , 
09:44:13,-0.62,0.09,-0.46,0.09,-0.74,-0.44,0.16,-1.51,-0.96,0.01,-1.66, , , , , ,725.88,725.8,100.0,300.0, , , , , ,, , , 
09:44:16,-1.05,-0.37,-1.07,-0.34,-0.71,-0.77,-0.39,-1.35,-1.32,-0.38,-1.58,-1000.0,725.98,725.98,-300.0,707.0,726.0,725.61,5400.0,1000.0, , , ,2018-05-17 09:44:16.622000,2018-05-17 09:44:16.622000,, , ,CANCELED
09:44:19,-0.99,-0.23,-1.09,-0.18,-0.7,-0.68,-0.24,-1.22,-1.19,-0.27,-1.49, , , , , ,725.98,725.61,700.0,800.0, , , , , ,, , , 
09:44:22,-0.77,-0.13,-0.96,-0.1,-0.47,-0.62,-0.08,-0.94,-0.72,-0.2,-1.17, , , , , ,725.58,725.56,100.0,800.0, , , , , ,, , , 
09:44:25,-0.86,-0.09,-1.15,-0.19,-1.16,-0.77,0.03,-1.58,-0.67,-0.1,-1.77, , , , , ,726.0,725.98,5500.0,200.0, , , , , ,, , , 
09:44:28,-1.02,-0.21,-1.18,-0.27,-0.97,-0.98,0.04,-1.26,-0.91,-0.41,-1.49, , , , , ,725.88,725.68,100.0,100.0, , , , , ,, , , 
09:44:31,-0.9,-0.08,-0.96,-0.08,-0.96,-0.88,0.27,-1.17,-0.87,-0.42,-1.48, , , , , ,725.88,725.62,1400.0,1600.0, , , , , ,, , , 
09:44:34,-0.87,-0.15,-0.82,-0.22,-0.97,-0.84,0.26,-1.04,-0.96,-0.5,-1.48, , , , , ,725.88,725.62,1500.0,1300.0, , , , , ,, , , 
09:44:37,-0.95,-0.2,-0.99,-0.23,-0.78,-0.89,0.14,-0.57,-0.98,-0.52,-1.28, , , , , ,725.62,725.6,200.0,500.0, , , , , ,, , , 
09:44:40,-0.9,-0.27,-0.99,-0.31,-1.02,-0.85,0.13,-0.6,-0.85,-0.64,-1.5, , , , , ,725.86,725.68,500.0,100.0, , , , , ,, , , 
09:44:43,-0.95,-0.2,-1.2,-0.48,-1.01,-0.85,0.16,-0.32,-0.78,-0.27,-1.46, , , , , ,725.86,725.65,500.0,300.0, , , , , ,, , , 
09:44:46,-1.04,-0.55,-1.2,-0.59,-1.02,-0.87,-0.42,-0.15,-1.06,-0.65,-1.4,-700.0,725.83,0.0,-0.0,707.0,725.85,725.63,100.0,100.0, , , ,2018-05-17 09:44:46.678000,2018-05-17 09:44:46.678000,, , ,CANCELED
09:44:49,-0.95,-0.36,-1.32,-0.47,-0.46,-0.83,-0.29,0.55,-0.7,-0.31,-0.8, , , , , ,725.58,725.0,100.0,16700.0, , , , , ,, , , 
09:44:52,-0.75,-0.15,-1.15,-0.41,-0.94,-0.64,0.04,0.05,-0.47,-0.09,-1.19, , , , , ,725.6,725.58,600.0,400.0, , , , , ,, , , 
09:44:55,-0.74,-0.14,-0.91,-0.37,-1.21,-0.55,0.1,-0.29,-0.77,-0.15,-1.4, , , , , ,725.86,725.58,1200.0,100.0, , , , , ,, , , 
09:44:58,-0.6,-0.02,-0.66,-0.15,-1.31,-0.67,0.3,-0.38,-0.48,-0.2,-1.48, , , , , ,725.85,725.58,900.0,100.0, , , , , ,, , , 
09:45:01,-0.47,0.18,-0.6,-0.01,-0.92,-0.37,0.55,0.06,-0.45,0.0,-0.94, , , , , ,725.58,725.11,200.0,100.0, , , , , ,, , , 
09:45:04,-0.26,0.35,-0.4,0.2,-1.06,-0.12,0.75,0.09,-0.26,0.09,-1.0, , , , , ,725.58,725.2,100.0,100.0, , , , , ,, , , 
09:45:07,-0.3,0.38,-0.37,0.22,-1.12,-0.08,0.64,0.12,-0.45,0.27,-0.98, , , , , ,725.6,725.2,400.0,200.0, , , , , ,, , , 
09:45:10,-0.04,0.67,-0.18,0.43,-0.69,0.31,0.98,0.57,-0.23,0.59,-0.56, , , , , ,725.2,725.11,100.0,100.0, , , , , ,, , , 
09:45:13,-0.13,0.72,-0.31,0.43,-0.76,0.2,0.99,0.41,-0.28,0.74,-0.66, , , , , ,725.5,725.09,900.0,100.0, , , , , ,, , , 
09:45:16,-0.12,0.68,-0.29,0.49,-0.72,0.28,0.93,0.29,-0.35,0.63,-0.55, , , , , ,725.5,725.2,800.0,100.0, , , , , ,, , , 
09:45:19,-0.14,0.77,-0.33,0.5,-0.6,0.32,0.98,0.37,-0.4,0.82,-0.27, , , , , ,725.49,725.21,200.0,100.0, , , , , ,, , , 
09:45:22,0.09,0.78,-0.23,0.59,-0.35,0.57,1.01,0.61,-0.05,0.73,0.38, , , , , ,725.2,725.09,100.0,100.0, , , , , ,, , , 
09:45:25,0.02,0.77,-0.36,0.55,-0.29,0.43,0.99,0.65,-0.02,0.78,0.83, , , , , ,725.09,725.01,100.0,2682.0, , , , , ,, , , 
09:45:28,-0.16,0.52,-0.45,0.31,-0.27,0.14,0.7,0.59,-0.18,0.53,1.04, , , , , ,725.11,725.01,100.0,82.0, , , , , ,, , , 
09:45:31,-0.34,0.23,-0.76,-0.02,-0.2,0.18,0.35,0.53,-0.45,0.35,1.35, , , , , ,725.09,725.01,100.0,82.0, , , , , ,, , , 
09:45:34,-0.28,0.17,-0.71,0.02,-0.08,0.18,0.41,0.48,-0.32,0.07,1.67, , , , , ,725.09,725.02,400.0,100.0, , , , , ,, , , 
09:45:37,-0.19,0.31,-0.54,0.14,0.26,0.25,0.69,0.54,-0.27,0.11,2.08, , , , , ,725.01,725.0,100.0,14382.0, , , , , ,, , , 
09:45:40,-0.19,0.31,-0.5,0.08,0.4,0.29,0.66,0.49,-0.37,0.2,2.38, , , , , ,725.09,725.0,100.0,13682.0, , , , , ,, , , 
09:45:43,-0.4,0.1,-0.74,-0.15,0.71,0.19,0.43,0.48,-0.64,0.01,2.6, , , , , ,725.02,725.0,200.0,8982.0, , , , , ,, , , 
09:45:46,-0.9,-0.5,-1.49,-0.57,0.86,-0.1,-0.28,0.43,-1.12,-0.64,2.71,-700.0,725.0,0.0,-0.0,707.0,725.02,725.0,600.0,5182.0, , , ,2018-05-17 09:45:46.737000,2018-05-17 09:45:46.736000,, , ,CANCELED
09:45:49,-1.55,-0.96,-2.37,-1.18,1.05,-0.84,-0.76,0.55,-1.43,-0.94,3.04, , , , , ,724.98,724.87,4118.0,300.0, , , , , ,, , , 
09:45:52,-1.77,-1.11,-2.58,-1.39,1.0,-1.1,-0.94,0.54,-1.63,-0.99,3.26,-1200.0,724.82,0.0,-0.0,707.0,724.98,724.82,200.0,200.0, , , ,2018-05-17 09:45:52.761000,2018-05-17 09:45:52.761000,, , ,CANCELED
09:45:55,-1.58,-0.98,-2.25,-1.06,0.96,-0.84,-0.85,0.63,-1.65,-1.02,3.66, , , , , ,724.82,724.8,2800.0,100.0, , , , , ,, , , 
09:45:58,-1.66,-1.16,-2.35,-1.38,1.0,-1.03,-1.03,0.72,-1.59,-1.06,3.92,-1200.0,724.63,724.63,-1200.0,-493.0,724.8,724.63,300.0,1500.0,-1601.12,-2.19, ,2018-05-17 09:45:58.742000,2018-05-17 09:45:58.742000,, , ,FILLED
09:46:01,-1.38,-0.92,-2.07,-1.34,1.06,-0.75,-0.73,0.88,-1.33,-0.67,4.12, , , , , ,724.63,724.6,600.0,200.0, , , , , ,, , , 
09:46:04,-1.51,-1.05,-2.08,-1.55,1.21,-0.95,-0.75,0.97,-1.48,-0.86,4.27, , , , , ,724.6,724.55,1000.0,400.0, , , , , ,, , , 
09:46:07,-1.23,-0.81,-1.54,-1.05,1.27,-0.67,-0.47,1.04,-1.47,-0.91,4.27, , , , , ,724.6,724.55,400.0,400.0, , , , , ,, , , 
09:46:10,-0.81,-0.26,-1.03,-0.45,1.37,-0.33,0.07,1.1,-1.05,-0.41,4.4, , , , , ,724.6,724.55,100.0,400.0, , , , , ,, , , 
09:46:13,-0.43,0.1,-0.47,-0.35,0.95,-0.09,0.44,0.62,-0.74,0.2,3.93, , , , , ,725.0,724.82,3600.0,1300.0, , , , , ,, , , 
09:46:16,-0.15,0.38,-0.08,-0.09,0.9,0.34,0.87,0.51,-0.7,0.36,3.9, , , , , ,725.0,724.82,3700.0,2400.0, , , , , ,, , , 
09:46:19,0.08,0.45,0.12,-0.01,0.97,0.55,0.92,0.37,-0.43,0.44,4.01, , , , , ,725.0,724.82,3700.0,2300.0, , , , , ,, , , 
09:46:22,0.22,0.62,0.15,0.12,0.93,0.85,1.16,0.24,-0.36,0.56,4.08,500.0,724.84,724.84,500.0,7.0,725.0,724.82,2200.0,1200.0,-524.6,-1.47, ,2018-05-17 09:46:22.619000,2018-05-17 09:46:22.619000,, , ,FILLED
09:46:25,0.26,0.84,0.32,0.45,0.96,0.62,1.28,0.2,-0.16,0.78,4.33, , , , , ,725.02,724.63,3200.0,500.0, , , , , ,, , , 
09:46:28,0.57,1.13,0.65,0.64,1.05,1.08,1.52,0.26,-0.03,1.25,4.57, , , , , ,724.82,724.63,700.0,200.0, , , , , ,, , , 
09:46:31,0.61,1.43,0.63,0.96,0.58,1.25,1.82,-0.2,-0.05,1.52,4.18, , , , , ,725.02,725.0,3300.0,100.0, , , , , ,, , , 
09:46:34,0.75,1.65,0.84,1.14,0.48,1.24,2.09,-0.38,0.17,1.73,4.12,500.0,725.09,725.09,500.0,507.0,725.09,725.02,200.0,3000.0, , , ,2018-05-17 09:46:34.625000,2018-05-17 09:46:34.625000,, , ,FILLED
09:46:37,1.06,1.86,1.19,1.37,0.27,1.48,2.22,-0.62,0.49,1.99,3.92,500.0,725.21,725.21,500.0,1007.0,725.21,725.2,500.0,200.0, , , ,2018-05-17 09:46:37.707000,2018-05-17 09:46:37.707000,, , ,FILLED
09:46:40,1.19,1.96,1.32,1.48,-0.12,1.68,2.22,-1.03,0.57,2.16,3.57,500.0,725.5,725.5,500.0,1507.0,725.5,725.48,200.0,100.0, , , ,2018-05-17 09:46:40.630000,2018-05-17 09:46:40.630000,, , ,FILLED
09:46:43,1.18,1.96,1.34,1.48,-0.32,1.81,2.13,-1.17,0.41,2.28,3.42,500.0,725.68,725.68,500.0,2007.0,725.68,725.49,100.0,300.0, , , ,2018-05-17 09:46:43.674000,2018-05-17 09:46:43.674000,, , ,FILLED
09:46:46,1.14,1.98,1.19,1.52,-0.69,1.65,2.16,-1.46,0.59,2.25,3.06,500.0,725.85,725.2,500.0,2507.0,725.85,725.8,600.0,300.0, , , ,2018-05-17 09:46:46.708000,2018-05-17 09:46:46.708000,, , ,FILLED
09:46:49,0.78,1.79,0.72,1.39,-0.43,1.17,2.0,-1.18,0.45,2.0,3.25, , , , , ,725.8,725.48,100.0,200.0, , , , , ,, , , 
09:46:52,0.88,1.73,0.92,1.38,-0.57,1.22,1.92,-1.25,0.49,1.87,3.06, , , , , ,725.9,725.5,900.0,100.0, , , , , ,, , , 
09:46:55,0.74,1.46,0.83,1.12,-0.11,1.08,1.48,-0.76,0.31,1.77,3.42, , , , , ,725.48,725.22,3500.0,100.0, , , , , ,, , , 
09:46:58,0.65,1.23,0.54,0.96,-0.14,1.22,1.37,-0.74,0.19,1.35,3.31, , , , , ,725.48,725.2,2800.0,150.0, , , , , ,, , , 
09:47:01,0.49,1.06,0.51,0.92,-0.18,1.0,1.15,-0.85,-0.05,1.12,3.17, , , , , ,725.47,725.3,700.0,1000.0, , , , , ,, , , 
09:47:04,0.16,0.86,0.19,0.65,-0.29,0.67,0.92,-1.05,-0.39,1.01,2.97, , , , , ,725.49,725.48,100.0,200.0, , , , , ,, , , 
09:47:07,-0.06,0.72,0.22,0.61,-0.38,0.37,0.53,-1.31,-0.77,1.01,2.79, , , , , ,725.75,725.47,100.0,600.0, , , , , ,, , , 
09:47:10,0.05,0.68,0.27,0.55,-0.15,0.46,0.73,-1.19,-0.6,0.76,2.96, , , , , ,725.75,725.21,800.0,200.0, , , , , ,, , , 
09:47:13,0.08,0.69,0.23,0.64,-0.47,0.38,0.68,-1.46,-0.36,0.74,2.6, , , , , ,725.8,725.6,2100.0,100.0, , , , , ,, , , 
09:47:16,-0.09,0.48,0.13,0.47,-0.41,0.18,0.45,-1.26,-0.58,0.51,2.71, , , , , ,725.65,725.51,300.0,100.0, , , , , ,, , , 
09:47:19,-0.3,0.24,-0.04,0.29,-0.43,0.01,0.07,-1.07,-0.87,0.37,2.78, , , , , ,725.5,725.48,200.0,600.0, , , , , ,, , , 
09:47:22,-0.22,0.28,0.04,0.49,-0.84,0.13,0.17,-1.34,-0.83,0.17,2.44, , , , , ,725.75,725.65,3224.0,800.0, , , , , ,, , , 
09:47:25,-0.31,0.19,-0.01,0.4,-0.84,-0.31,0.16,-1.19,-0.61,0.0,2.57, , , , , ,725.65,725.5,5100.0,100.0, , , , , ,, , , 
09:47:28,-0.31,0.15,-0.14,0.29,-0.55,-0.23,0.09,-0.84,-0.56,0.07,2.88, , , , , ,725.4,725.22,300.0,100.0, , , , , ,, , , 
09:47:31,-0.32,0.1,-0.21,0.26,-0.68,-0.07,-0.06,-0.95,-0.66,0.12,2.77, , , , , ,725.5,725.22,1200.0,200.0, , , , , ,, , , 
09:47:34,-0.33,0.15,-0.34,0.25,-0.98,0.06,0.11,-1.12,-0.7,0.07,2.49, , , , , ,725.5,725.48,800.0,100.0, , , , , ,, , , 
09:47:37,-0.18,0.36,-0.18,0.47,-0.94,0.14,0.39,-1.04,-0.49,0.2,2.5, , , , , ,725.65,725.22,4800.0,400.0, , , , , ,, , , 
09:47:40,-0.11,0.43,-0.18,0.4,-0.78,0.33,0.56,-0.86,-0.48,0.33,2.59, , , , , ,725.4,725.22,100.0,500.0, , , , , ,, , , 
09:47:43,-0.19,0.33,-0.26,0.32,-0.86,0.33,0.27,-0.92,-0.63,0.4,2.41, , , , , ,725.48,725.25,100.0,100.0, , , , , ,, , , 
09:47:46,-0.36,0.34,-0.42,0.26,-0.76,0.06,0.39,-0.81,-0.71,0.37,2.42, , , , , ,725.4,725.23,300.0,100.0, , , , , ,, , , 
09:47:49,-0.27,0.29,-0.37,0.25,-0.72,0.05,0.34,-0.83,-0.48,0.27,2.38, , , , , ,725.4,725.23,400.0,100.0, , , , , ,, , , 
09:47:52,-0.36,0.28,-0.43,0.2,-0.71,-0.13,0.49,-0.81,-0.51,0.15,2.35, , , , , ,725.4,725.22,100.0,500.0, , , , , ,, , , 
09:47:55,-0.36,0.27,-0.43,0.21,-0.58,-0.12,0.36,-0.72,-0.51,0.24,2.47, , , , , ,725.23,725.22,1100.0,600.0, , , , , ,, , , 
09:47:58,-0.35,0.27,-0.4,0.22,-0.57,-0.11,0.38,-0.78,-0.54,0.2,2.42, , , , , ,725.23,725.2,600.0,100.0, , , , , ,, , , 
09:48:01,-0.39,0.17,-0.43,0.14,-0.6,-0.25,0.21,-0.73,-0.49,0.15,2.37, , , , , ,725.22,725.18,400.0,500.0, , , , , ,, , , 
09:48:04,-0.39,0.19,-0.41,0.15,-0.88,-0.21,0.27,-0.95,-0.55,0.14,2.1, , , , , ,725.48,725.23,900.0,100.0, , , , , ,, , , 
09:48:07,-0.24,0.31,-0.26,0.24,-0.93,0.05,0.32,-0.9,-0.5,0.35,2.06, , , , , ,725.48,725.2,1000.0,200.0, , , , , ,, , , 
09:48:10,-0.08,0.41,-0.2,0.3,-1.14,0.37,0.46,-0.95,-0.4,0.48,1.88, , , , , ,725.48,725.4,600.0,100.0, , , , , ,, , , 
09:48:13,0.02,0.48,-0.11,0.5,-0.98,0.43,0.51,-0.73,-0.28,0.41,1.99, , , , , ,725.47,725.23,500.0,700.0, , , , , ,, , , 
09:48:16,0.0,0.48,-0.16,0.45,-0.9,0.54,0.59,-0.51,-0.37,0.39,2.09, , , , , ,725.4,725.23,200.0,600.0, , , , , ,, , , 
09:48:19,-0.25,0.16,-0.4,0.09,-0.42,0.2,0.14,0.2,-0.53,0.26,2.56, , , , , ,725.02,725.01,8500.0,1000.0, , , , , ,, , , 
09:48:22,-0.64,-0.25,-0.7,-0.16,-0.4,-0.53,-0.32,0.56,-0.68,-0.26,2.67,-2500.0,725.01,725.01,-1200.0,1307.0,725.02,725.01,7600.0,900.0, , , ,2018-05-17 09:48:23.015000,2018-05-17 09:48:23.015000,, , ,CANCELED
09:48:25,-0.88,-0.5,-0.87,-0.29,-0.41,-0.98,-0.54,0.9,-0.8,-0.65,2.75, , , , , ,725.01,725.0,1800.0,400.0, , , , , ,, , , 
09:48:28,-1.35,-0.86,-1.43,-0.63,-0.17,-1.31,-1.06,1.38,-1.29,-0.9,3.01,-1800.0,724.73,724.73,-1800.0,-493.0,724.91,724.73,1300.0,100.0,-3318.23,-1.83, ,2018-05-17 09:48:28.756000,2018-05-17 09:48:28.755000,, , ,FILLED
09:48:31,-1.26,-0.66,-1.57,-0.43,-0.21,-1.07,-0.65,1.67,-1.13,-0.88,3.0, , , , , ,725.01,724.64,900.0,200.0, , , , , ,, , , 
09:48:34,-1.0,-0.53,-1.11,-0.27,-0.2,-0.94,-0.75,2.0,-0.96,-0.58,3.01, , , , , ,725.01,724.62,800.0,300.0, , , , , ,, , , 
09:48:37,-0.96,-0.6,-1.24,-0.4,0.03,-0.79,-0.74,2.54,-0.84,-0.66,3.22, , , , , ,724.73,724.6,200.0,3800.0, , , , , ,, , , 
09:48:40,-0.91,-0.55,-1.23,-0.36,-0.02,-0.7,-0.65,2.85,-0.8,-0.65,3.12, , , , , ,724.75,724.65,100.0,1700.0, , , , , ,, , , 
09:48:43,-0.73,-0.44,-0.92,-0.34,-0.14,-0.67,-0.41,2.9,-0.59,-0.56,2.94, , , , , ,724.91,724.68,200.0,100.0, , , , , ,, , , 
09:48:46,-0.64,-0.16,-0.6,-0.15,-0.09,-0.82,-0.15,3.02,-0.51,-0.19,2.88, , , , , ,724.91,724.68,100.0,100.0, , , , , ,, , , 
09:48:49,-0.42,-0.17,-0.6,-0.12,-0.1,-0.3,-0.25,3.23,-0.36,-0.15,2.85, , , , , ,724.91,724.65,200.0,1800.0, , , , , ,, , , 
09:48:52,-0.55,-0.16,-0.69,-0.19,-0.07,-0.36,-0.17,3.43,-0.6,-0.12,2.83, , , , , ,724.91,724.65,100.0,1700.0, , , , , ,, , , 
09:48:55,-0.47,-0.1,-0.67,-0.1,-0.15,-0.26,-0.07,3.65,-0.48,-0.12,2.75, , , , , ,724.9,724.73,300.0,300.0, , , , , ,, , , 
09:48:58,-0.39,-0.03,-0.46,-0.12,-0.23,-0.26,0.08,3.78,-0.44,-0.03,2.68, , , , , ,724.9,724.73,100.0,100.0, , , , , ,, , , 
09:49:01,-0.33,0.06,-0.44,0.03,-0.18,-0.21,0.17,3.87,-0.34,-0.01,2.67, , , , , ,724.9,724.7,400.0,200.0, , , , , ,, , , 
09:49:04,-0.33,0.04,-0.44,-0.04,0.05,-0.19,0.13,4.19,-0.38,0.02,2.9, , , , , ,724.65,724.61,1400.0,100.0, , , , , ,, , , 
09:49:07,-0.33,0.09,-0.54,0.06,0.09,-0.12,0.1,4.21,-0.32,0.11,2.93, , , , , ,724.65,724.6,200.0,4100.0, , , , , ,, , , 
09:49:10,-0.59,-0.14,-0.65,-0.09,0.21,-0.45,-0.44,4.38,-0.66,0.1,2.99, , , , , ,724.6,724.59,900.0,100.0, , , , , ,, , , 
09:49:13,-0.69,-0.36,-0.74,-0.15,0.28,-0.61,-0.64,4.33,-0.71,-0.28,2.91, , , , , ,724.65,724.59,200.0,100.0, , , , , ,, , , 
09:49:16,-0.41,-0.09,-0.47,0.02,0.32,-0.36,-0.25,4.17,-0.41,-0.05,2.74, , , , , ,724.73,724.7,300.0,800.0, , , , , ,, , , 
09:49:19,-0.41,-0.1,-0.49,0.01,0.61,-0.32,-0.23,4.28,-0.42,-0.09,2.65, , , , , ,724.73,724.7,100.0,500.0, , , , , ,, , , 
09:49:22,-0.48,-0.13,-0.42,-0.07,0.85,-0.52,-0.26,4.23,-0.51,-0.06,2.42, , , , , ,724.9,724.7,900.0,200.0, , , , , ,, , , 
09:49:25,-0.35,-0.11,-0.29,0.04,1.36,-0.44,-0.19,4.55,-0.32,-0.19,2.49, , , , , ,724.68,724.65,800.0,300.0, , , , , ,, , , 
09:49:28,-0.27,-0.05,-0.34,0.05,1.59,-0.09,-0.05,4.67,-0.37,-0.13,2.38, , , , , ,724.68,724.65,600.0,100.0, , , , , ,, , , 
09:49:31,-0.31,0.02,-0.38,0.05,1.88,-0.11,0.04,4.64,-0.43,-0.04,2.27, , , , , ,724.7,724.65,1300.0,300.0, , , , , ,, , , 
09:49:34,-0.66,-0.13,-0.7,-0.09,2.19,-0.5,-0.2,4.64,-0.78,-0.1,2.25, , , , , ,724.7,724.65,1500.0,100.0, , , , , ,, , , 
09:49:37,-0.66,-0.33,-0.62,-0.04,2.51,-0.61,-0.47,4.63,-0.77,-0.48,2.24, , , , , ,724.7,724.68,1800.0,400.0, , , , , ,, , , 
09:49:40,-0.8,-0.62,-0.67,-0.19,2.87,-0.62,-0.86,4.68,-1.1,-0.8,2.24, , , , , ,724.7,724.68,1800.0,300.0, , , , , ,, , , 
09:49:43,-0.72,-0.55,-0.63,-0.14,3.04,-0.46,-0.9,4.66,-1.09,-0.62,2.13, , , , , ,724.7,724.68,500.0,100.0, , , , , ,, , , 
09:49:46,-0.61,-0.38,-0.44,-0.04,3.15,-0.46,-0.6,4.62,-0.94,-0.48,2.12, , , , , ,724.9,724.5,800.0,100.0, , , , , ,, , , 
09:49:49,-0.43,-0.31,-0.37,0.05,3.17,-0.31,-0.45,4.38,-0.62,-0.52,1.93, , , , , ,724.9,724.76,800.0,100.0, , , , , ,, , , 
09:49:52,-0.54,-0.36,-0.42,-0.06,3.65,-0.43,-0.47,4.54,-0.76,-0.55,2.21, , , , , ,724.65,724.6,100.0,100.0, , , , , ,, , , 
09:49:55,-0.65,-0.44,-0.48,-0.18,3.74,-0.55,-0.58,4.25,-0.92,-0.57,2.02, , , , , ,724.8,724.7,4697.0,100.0, , , , , ,, , , 
09:49:58,-0.73,-0.48,-0.56,-0.21,4.04,-0.68,-0.64,4.3,-0.95,-0.6,2.08, , , , , ,724.65,724.6,1300.0,200.0, , , , , ,, , , 
09:50:01,-0.54,-0.32,-0.4,-0.09,4.17,-0.61,-0.37,4.28,-0.63,-0.51,2.03, , , , , ,724.65,724.52,200.0,200.0, , , , , ,, , , 
09:50:04,-0.38,-0.08,-0.35,0.11,4.08,-0.31,-0.2,4.05,-0.47,-0.14,1.76, , , , , ,724.8,724.61,4297.0,100.0, , , , , ,, , , 
09:50:07,-0.19,0.12,-0.13,0.2,4.03,-0.03,0.02,3.98,-0.4,0.15,1.7, , , , , ,724.8,724.7,4097.0,100.0, , , , , ,, , , 
09:50:10,-0.08,0.31,-0.1,0.29,4.2,-0.0,0.42,4.0,-0.15,0.21,1.73, , , , , ,724.8,724.65,2497.0,100.0, , , , , ,, , , 
09:50:13,0.21,0.56,0.13,0.48,4.08,0.41,0.76,3.84,0.1,0.45,1.61,500.0,724.63,0.0,0.0,-493.0,725.0,724.61,697.0,100.0, , , ,2018-05-17 09:50:13.705000,2018-05-17 09:50:13.705000,, , ,CANCELED
09:50:16,0.66,0.91,0.59,0.76,3.77,1.08,1.04,3.5,0.29,0.91,1.33, , , , , ,725.01,725.0,500.0,5303.0, , , , , ,, , , 
09:50:19,0.86,1.29,0.68,1.11,3.54,1.41,1.52,3.11,0.48,1.25,1.0,1000.0,725.5,725.5,1000.0,507.0,725.5,725.0,700.0,3903.0,-800.31,-2.24, ,2018-05-17 09:50:19.722000,2018-05-17 09:50:19.722000,, , ,FILLED
09:50:22,0.87,1.39,0.67,1.18,3.16,1.41,1.58,2.62,0.53,1.41,0.54, , , , , ,725.65,725.5,4800.0,1200.0, , , , , ,, , , 
09:50:25,0.96,1.53,0.79,1.45,2.91,1.47,1.8,2.19,0.63,1.33,0.15,500.0,725.9,725.9,500.0,1007.0,725.9,725.8,900.0,1100.0, , , ,2018-05-17 09:50:25.699000,2018-05-17 09:50:25.699000,, , ,FILLED
09:50:28,1.03,1.69,0.83,1.42,2.9,1.44,1.79,2.0,0.83,1.85,0.0,500.0,725.99,725.99,500.0,1507.0,725.99,725.9,200.0,100.0, , , ,2018-05-17 09:50:28.701000,2018-05-17 09:50:28.701000,, , ,FILLED
09:50:31,1.06,1.86,0.85,1.61,2.95,1.51,1.98,2.02,0.82,2.0,0.04,500.0,726.0,726.0,100.0,1607.0,726.0,725.8,100.0,400.0, , , ,2018-05-17 09:50:31.744000,2018-05-17 09:50:31.744000,, , ,CANCELED
09:50:34,1.11,1.89,1.04,1.55,2.21,1.49,1.88,1.19,0.79,2.24,-0.71, , , , , ,726.5,726.37,200.0,200.0, , , , , ,, , , 
09:50:37,1.03,1.78,1.26,1.55,1.77,1.34,1.76,0.67,0.5,2.03,-1.19,500.0,727.0,727.0,500.0,2107.0,727.0,726.53,500.0,1000.0, , , ,2018-05-17 09:50:37.726000,2018-05-17 09:50:37.726000,, , ,FILLED
09:50:40,0.89,1.89,1.36,1.72,1.57,0.8,1.82,0.35,0.5,2.11,-1.43, , , , , ,727.19,726.69,100.0,1000.0, , , , , ,, , , 
09:50:43,0.8,1.81,1.21,1.66,1.55,0.72,1.71,0.24,0.48,2.05,-1.43, , , , , ,727.19,726.69,200.0,1000.0, , , , , ,, , , 
09:50:46,0.43,1.42,0.94,1.23,1.53,0.25,1.43,0.17,0.09,1.59,-1.39, , , , , ,727.19,726.69,100.0,800.0, , , , , ,, , , 
09:50:49,0.29,1.35,0.76,1.12,1.24,0.06,1.51,-0.08,0.04,1.43,-1.57, , , , , ,727.52,726.69,1800.0,800.0, , , , , ,, , , 
09:50:52,0.15,1.1,0.75,1.01,0.56,-0.18,1.21,-0.68,-0.12,1.07,-2.1, , , , , ,727.52,727.5,1900.0,100.0, , , , , ,, , , 
09:50:55,0.0,1.09,0.55,0.95,0.45,-0.28,1.26,-0.68,-0.26,1.04,-1.98, , , , , ,727.52,727.5,1400.0,100.0, , , , , ,, , , 
09:50:58,0.1,0.98,0.63,0.94,0.05,-0.12,1.03,-1.01,-0.22,0.97,-2.17, , , , , ,727.98,727.44,200.0,100.0, , , , , ,, , , 
09:51:01,0.08,0.94,0.6,0.91,0.28,-0.15,0.99,-0.77,-0.21,0.91,-1.77, , , , , ,727.52,727.44,400.0,100.0, , , , , ,, , , 
09:51:04,0.03,0.91,0.57,0.8,-0.09,-0.27,0.99,-1.14,-0.22,0.94,-2.02, , , , , ,727.98,727.44,100.0,90.0, , , , , ,, , , 
09:51:07,-0.05,1.03,0.39,0.84,-0.16,-0.27,1.04,-1.25,-0.27,1.21,-2.17, , , , , ,727.98,727.52,100.0,100.0, , , , , ,, , , 
09:51:10,0.07,1.01,0.4,0.78,-0.16,-0.03,0.95,-1.29,-0.16,1.29,-2.27, , , , , ,727.95,727.53,8.0,100.0, , , , , ,, , , 
09:51:13,0.05,1.12,0.37,0.8,-0.39,-0.09,1.05,-1.48,-0.12,1.51,-2.57, , , , , ,727.97,727.77,8.0,100.0, , , , , ,, , , 
09:51:16,-0.18,0.92,0.23,0.78,-0.18,-0.35,0.74,-1.16,-0.42,1.23,-2.42, , , , , ,727.82,727.53,1400.0,100.0, , , , , ,, , , 
09:51:19,-0.59,0.64,-0.16,0.71,-0.21,-0.56,0.44,-1.08,-1.07,0.79,-2.42, , , , , ,727.8,727.52,500.0,800.0, , , , , ,, , , 
09:51:22,-0.41,0.62,0.09,0.67,-0.81,-0.32,0.53,-1.52,-1.02,0.68,-3.0, , , , , ,728.12,728.0,400.0,6392.0, , , , , ,, , , 
09:51:25,-0.39,0.77,0.02,0.59,-0.85,-0.43,0.69,-1.46,-0.77,1.04,-3.0, , , , , ,728.12,728.0,200.0,1692.0, , , , , ,, , , 
09:51:28,-0.56,0.51,-0.16,0.41,-0.91,-0.63,0.43,-1.46,-0.89,0.7,-3.03, , , , , ,728.12,728.0,100.0,1592.0, , , , , ,, , , 
09:51:31,-0.7,0.4,-0.4,0.26,-0.86,-0.84,0.3,-1.36,-0.87,0.63,-2.95, , , , , ,728.0,727.99,208.0,1000.0, , , , , ,, , , 
09:51:34,-0.95,0.11,-0.75,0.13,-1.04,-1.1,-0.01,-1.45,-1.01,0.22,-3.04, , , , , ,728.12,727.98,500.0,92.0, , , , , ,, , , 
09:51:37,-0.94,-0.05,-0.71,0.04,-1.11,-1.12,-0.42,-1.46,-0.99,0.23,-3.1, , , , , ,728.12,728.0,500.0,1100.0, , , , , ,, , , 
09:51:40,-0.78,0.02,-0.44,0.12,-1.21,-1.0,-0.3,-1.53,-0.9,0.23,-3.17, , , , , ,728.15,728.0,1000.0,900.0, , , , , ,, , , 
09:51:43,-0.71,0.1,-0.49,0.16,-1.41,-0.89,-0.26,-1.67,-0.76,0.39,-3.29, , , , , ,728.15,728.12,1000.0,100.0, , , , , ,, , , 
09:51:46,-0.87,-0.05,-0.64,0.06,-1.28,-0.97,-0.46,-1.52,-1.01,0.25,-3.13, , , , , ,728.0,727.99,200.0,300.0, , , , , ,, , , 
09:51:49,-1.03,-0.23,-0.82,-0.14,-1.31,-1.14,-0.49,-1.58,-1.14,-0.05,-3.13,-2100.0,727.99,727.99,-400.0,1707.0,728.0,727.99,2600.0,300.0, , , ,2018-05-17 09:51:49.713000,2018-05-17 09:51:49.713000,, , ,CANCELED
09:51:52,-1.21,-0.42,-0.95,-0.27,-1.2,-1.3,-0.69,-1.45,-1.37,-0.29,-2.99, , , , , ,727.95,727.82,400.0,900.0, , , , , ,, , , 
09:51:55,-1.41,-0.48,-1.14,-0.44,-1.09,-1.43,-0.58,-1.38,-1.67,-0.4,-2.89,-1700.0,727.8,727.8,-500.0,1207.0,727.82,727.8,300.0,200.0, , , ,2018-05-17 09:51:55.706000,2018-05-17 09:51:55.706000,, , ,CANCELED
09:51:58,-1.44,-0.56,-1.12,-0.59,-0.92,-1.49,-0.58,-1.22,-1.7,-0.5,-2.71, , , , , ,727.74,727.55,200.0,200.0, , , , , ,, , , 
09:52:01,-1.4,-0.55,-1.1,-0.51,-0.99,-1.55,-0.57,-1.25,-1.55,-0.58,-2.75,-1200.0,727.72,727.72,-600.0,607.0,727.74,727.55,200.0,200.0, , , ,2018-05-17 09:52:01.641000,2018-05-17 09:52:01.641000,, , ,CANCELED
09:52:04,-1.49,-0.69,-1.13,-0.57,-1.04,-1.64,-0.75,-1.24,-1.71,-0.74,-2.78, , , , , ,727.72,727.55,600.0,200.0, , , , , ,, , , 
09:52:07,-1.51,-0.59,-1.15,-0.55,-1.09,-1.66,-0.64,-1.22,-1.73,-0.59,-2.83,-600.0,727.7,727.7,-100.0,507.0,727.72,727.55,100.0,200.0, , , ,2018-05-17 09:52:07.716000,2018-05-17 09:52:07.716000,, , ,CANCELED
09:52:10,-1.39,-0.42,-1.14,-0.33,-1.14,-1.48,-0.65,-1.19,-1.55,-0.27,-2.84, , , , , ,727.7,727.55,600.0,100.0, , , , , ,, , , 
09:52:13,-1.32,-0.39,-1.1,-0.35,-1.14,-1.47,-0.63,-1.23,-1.38,-0.2,-2.91,-500.0,727.7,0.0,-0.0,507.0,727.72,727.52,100.0,800.0, , , ,2018-05-17 09:52:13.689000,2018-05-17 09:52:13.689000,, , ,CANCELED
09:52:16,-1.25,-0.42,-0.98,-0.41,-0.88,-1.45,-0.7,-1.06,-1.32,-0.16,-2.76, , , , , ,727.5,727.44,800.0,290.0, , , , , ,, , , 
09:52:19,-1.24,-0.31,-0.95,-0.38,-0.82,-1.39,-0.49,-1.15,-1.37,-0.06,-2.81, , , , , ,727.5,727.44,600.0,90.0, , , , , ,, , , 
09:52:22,-1.16,-0.25,-0.94,-0.38,-0.71,-1.29,-0.42,-1.26,-1.26,0.06,-2.89, , , , , ,727.5,727.44,600.0,90.0, , , , , ,, , , 
09:52:25,-1.07,-0.27,-0.93,-0.39,-0.65,-1.16,-0.46,-1.38,-1.12,0.04,-2.84, , , , , ,727.5,727.44,500.0,90.0, , , , , ,, , , 
09:52:28,-0.95,-0.15,-0.82,-0.29,-0.47,-1.03,-0.3,-1.33,-0.98,0.14,-2.77, , , , , ,727.5,727.2,410.0,100.0, , , , , ,, , , 
09:52:31,-1.03,-0.11,-0.86,-0.22,-0.43,-1.17,-0.18,-1.38,-1.06,0.08,-2.8, , , , , ,727.44,727.2,1210.0,100.0, , , , , ,, , , 
09:52:34,-1.04,-0.23,-0.86,-0.34,-0.45,-1.1,-0.32,-1.39,-1.15,-0.03,-2.88, , , , , ,727.44,727.2,1410.0,100.0, , , , , ,, , , 
09:52:37,-1.02,-0.24,-0.83,-0.32,-0.28,-1.11,-0.22,-1.22,-1.12,-0.2,-2.85, , , , , ,727.2,727.19,2800.0,300.0, , , , , ,, , , 
09:52:40,-1.03,-0.2,-0.83,-0.22,-0.27,-1.07,-0.15,-1.16,-1.2,-0.22,-2.82, , , , , ,727.2,727.1,1700.0,100.0, , , , , ,, , , 
09:52:43,-1.06,-0.16,-0.83,-0.15,-0.25,-1.07,-0.15,-1.19,-1.27,-0.18,-2.56, , , , , ,727.2,727.01,2210.0,100.0, , , , , ,, , , 
09:52:46,-1.17,-0.25,-0.99,-0.33,-0.17,-1.16,-0.26,-1.06,-1.36,-0.16,-2.45, , , , , ,727.01,727.0,700.0,1400.0, , , , , ,, , , 
09:52:49,-1.09,-0.22,-0.95,-0.39,-0.21,-1.17,-0.26,-1.06,-1.14,-0.01,-2.45, , , , , ,727.01,727.0,500.0,300.0, , , , , ,, , , 
09:52:52,-0.95,-0.16,-0.82,-0.25,-0.31,-1.02,-0.34,-1.14,-1.01,0.12,-2.4, , , , , ,727.1,727.01,500.0,590.0, , , , , ,, , , 
09:52:55,-0.98,-0.13,-0.83,-0.19,-0.27,-1.06,-0.3,-1.09,-1.05,0.11,-2.4, , , , , ,727.01,726.99,210.0,200.0, , , , , ,, , , 
09:52:58,-0.9,-0.07,-0.77,-0.2,-0.33,-1.0,-0.19,-1.19,-0.92,0.17,-2.29, , , , , ,727.01,726.99,110.0,200.0, , , , , ,, , , 
09:53:01,-0.76,-0.02,-0.7,-0.19,-0.14,-0.77,-0.09,-1.07,-0.82,0.22,-1.98, , , , , ,726.99,726.69,100.0,800.0, , , , , ,, , , 
09:53:04,-0.78,-0.05,-0.7,-0.19,-0.15,-0.77,-0.15,-1.17,-0.87,0.19,-2.08, , , , , ,726.97,726.7,300.0,100.0, , , , , ,, , , 
09:53:07,-0.76,-0.05,-0.74,-0.14,-0.14,-0.84,-0.17,-1.19,-0.69,0.17,-2.22, , , , , ,726.99,726.7,1000.0,100.0, , , , , ,, , , 
09:53:10,-0.65,0.02,-0.69,-0.13,-0.11,-0.65,-0.09,-1.19,-0.63,0.28,-2.29, , , , , ,726.99,726.69,300.0,400.0, , , , , ,, , , 
09:53:13,-0.66,-0.01,-0.7,-0.06,0.07,-0.63,-0.16,-0.97,-0.65,0.18,-2.15, , , , , ,726.7,726.66,200.0,100.0, , , , , ,, , , 
09:53:16,-0.6,0.09,-0.59,0.1,-0.15,-0.52,0.04,-1.15,-0.69,0.13,-2.32, , , , , ,727.0,726.62,2200.0,100.0, , , , , ,, , , 
09:53:19,-0.39,0.28,-0.47,0.23,-0.49,-0.31,0.32,-1.41,-0.38,0.29,-2.58, , , , , ,727.0,726.99,2200.0,500.0, , , , , ,, , , 
09:53:22,-0.12,0.55,-0.16,0.27,-0.61,-0.1,0.62,-1.41,-0.1,0.77,-2.6, , , , , ,727.0,726.99,2200.0,5000.0, , , , , ,, , , 
09:53:25,0.43,1.21,0.34,0.6,-0.73,0.39,1.14,-1.44,0.57,1.9,-2.65, , , , , ,727.01,727.0,710.0,2400.0, , , , , ,, , , 
09:53:28,0.67,1.37,0.44,0.78,-0.85,0.71,1.27,-1.45,0.88,2.05,-2.79, , , , , ,727.01,726.99,610.0,3600.0, , , , , ,, , , 
09:53:31,0.48,1.13,0.12,0.73,-0.95,0.65,1.05,-1.48,0.66,1.61,-2.8, , , , , ,727.01,727.0,1010.0,700.0, , , , , ,, , , 
09:53:34,0.01,0.72,-0.16,0.43,-0.94,0.09,0.63,-1.49,0.1,1.11,-2.78, , , , , ,727.0,726.99,6100.0,1900.0, , , , , ,, , , 
09:53:37,-0.44,0.17,-0.7,0.03,-0.94,-0.14,0.13,-1.5,-0.48,0.34,-2.77, , , , , ,727.0,726.99,6500.0,1800.0, , , , , ,, , , 
09:53:40,-0.61,0.05,-0.65,-0.03,-0.94,-0.35,0.1,-1.5,-0.84,0.07,-2.65, , , , , ,727.0,726.99,6600.0,1800.0, , , , , ,, , , 
09:53:43,-0.68,-0.06,-0.7,-0.12,-0.84,-0.58,0.08,-1.31,-0.76,-0.12,-2.45, , , , , ,727.0,726.7,6500.0,100.0, , , , , ,, , , 
09:53:46,-0.5,0.02,-0.63,-0.04,-0.85,-0.24,0.05,-1.26,-0.63,0.06,-2.46, , , , , ,727.0,726.7,6400.0,100.0, , , , , ,, , , 
09:53:49,-0.23,0.37,-0.34,0.19,-0.85,-0.08,0.47,-1.22,-0.28,0.44,-2.48, , , , , ,727.0,726.69,300.0,200.0, , , , , ,, , , 
09:53:52,0.07,0.62,0.05,0.46,-0.85,0.14,0.62,-1.19,0.03,0.79,-2.49, , , , , ,727.0,726.69,100.0,200.0, , , , , ,, , , 
09:53:55,0.07,0.68,-0.06,0.44,-0.79,0.11,0.76,-0.99,0.15,0.85,-2.43, , , , , ,726.99,726.58,100.0,200.0, , , , , ,, , , 
09:53:58,-0.25,0.44,-0.38,0.43,-0.87,-0.19,0.36,-0.88,-0.18,0.53,-2.41, , , , , ,726.95,726.58,100.0,200.0, , , , , ,, , , 
09:54:01,-0.46,0.14,-0.5,0.13,-0.79,-0.46,0.02,-0.61,-0.42,0.26,-2.24, , , , , ,726.69,726.58,100.0,200.0, , , , , ,, , , 
09:54:04,-0.53,0.15,-0.57,0.18,-1.08,-0.55,0.02,-0.72,-0.47,0.24,-2.42, , , , , ,726.95,726.58,400.0,100.0, , , , , ,, , , 
09:54:07,-0.49,0.26,-0.53,0.18,-1.08,-0.56,0.08,-0.82,-0.37,0.52,-2.42, , , , , ,726.95,726.58,100.0,100.0, , , , , ,, , , 
09:54:10,-0.25,0.41,-0.36,0.22,-1.18,-0.29,0.25,-1.03,-0.11,0.76,-2.52, , , , , ,726.98,726.69,200.0,100.0, , , , , ,, , , 
09:54:13,-0.11,0.49,-0.24,0.22,-0.97,-0.25,0.34,-0.93,0.16,0.9,-2.29, , , , , ,726.69,726.66,300.0,100.0, , , , , ,, , , 
09:54:16,-0.28,0.35,-0.38,0.2,-0.92,-0.43,0.17,-0.99,-0.04,0.67,-2.23, , , , , ,726.69,726.58,300.0,100.0, , , , , ,, , , 
09:54:19,-0.41,0.25,-0.43,0.15,-0.92,-0.69,0.07,-1.02,-0.1,0.53,-2.21, , , , , ,726.69,726.58,200.0,100.0, , , , , ,, , , 
09:54:22,-0.17,0.46,-0.41,0.19,-0.86,-0.29,0.28,-0.99,0.19,0.91,-2.15, , , , , ,726.66,726.53,1200.0,1000.0, , , , , ,, , , 
09:54:25,-0.16,0.5,-0.43,0.22,-0.52,-0.4,0.3,-0.65,0.36,0.99,-1.79, , , , , ,726.66,726.02,600.0,200.0, , , , , ,, , , 
09:54:28,-0.3,0.43,-0.46,0.29,-0.48,-0.51,0.26,-0.61,0.08,0.76,-1.73, , , , , ,726.58,726.02,600.0,100.0, , , , , ,, , , 
09:54:31,-0.52,0.23,-0.56,0.2,-0.51,-0.73,0.04,-0.62,-0.27,0.45,-1.72, , , , , ,726.58,726.02,1300.0,100.0, , , , , ,, , , 
09:54:34,-0.52,0.19,-0.59,0.24,-0.58,-0.61,-0.05,-0.68,-0.36,0.37,-1.68, , , , , ,726.58,726.09,1200.0,100.0, , , , , ,, , , 
09:54:37,-0.45,0.2,-0.58,0.21,-0.55,-0.53,-0.01,-0.69,-0.23,0.42,-1.46, , , , , ,726.58,726.02,1100.0,300.0, , , , , ,, , , 
09:54:40,-0.48,0.21,-0.66,0.12,-0.55,-0.54,-0.02,-0.73,-0.24,0.53,-1.29, , , , , ,726.58,726.02,900.0,100.0, , , , , ,, , , 
09:54:43,-0.58,0.16,-0.64,0.08,-0.55,-0.77,-0.02,-0.77,-0.33,0.42,-1.09, , , , , ,726.58,726.02,900.0,100.0, , , , , ,, , , 
09:54:46,-0.53,0.14,-0.61,0.07,-0.15,-0.57,0.0,-0.46,-0.41,0.35,-0.6, , , , , ,726.09,726.0,100.0,300.0, , , , , ,, , , 
09:54:49,-0.51,0.08,-0.61,-0.01,-0.45,-0.62,-0.11,-0.79,-0.29,0.35,-0.84, , , , , ,726.57,726.0,100.0,300.0, , , , , ,, , , 
09:54:52,-0.65,-0.04,-0.66,0.02,-0.41,-0.72,-0.25,-0.79,-0.56,0.13,-0.75, , , , , ,726.57,726.0,300.0,300.0, , , , , ,, , , 
09:54:55,-0.73,-0.07,-0.63,0.01,-0.3,-0.92,-0.26,-0.8,-0.64,0.05,-0.66, , , , , ,726.57,726.0,400.0,600.0, , , , , ,, , , 
09:54:58,-0.66,-0.09,-0.61,0.01,0.2,-0.75,-0.31,-0.42,-0.62,0.05,-0.17, , , , , ,726.02,725.95,300.0,100.0, , , , , ,, , , 
09:55:01,-0.69,-0.1,-0.64,0.05,0.29,-0.83,-0.3,-0.45,-0.58,-0.06,-0.12, , , , , ,726.0,725.95,100.0,100.0, , , , , ,, , , 
09:55:04,-0.62,-0.04,-0.62,0.07,0.35,-0.7,-0.18,-0.52,-0.55,-0.0,-0.1, , , , , ,726.02,725.95,800.0,100.0, , , , , ,, , , 
09:55:07,-0.59,0.07,-0.61,0.2,0.27,-0.63,-0.15,-0.56,-0.53,0.15,-0.11, , , , , ,726.0,725.95,1500.0,100.0, , , , , ,, , , 
09:55:10,-0.43,0.2,-0.55,0.2,0.15,-0.36,-0.05,-0.57,-0.37,0.44,-0.03, , , , , ,726.0,725.95,1400.0,100.0, , , , , ,, , , 
09:55:13,-0.29,0.26,-0.45,0.22,0.04,-0.17,-0.03,-0.65,-0.24,0.58,0.17, , , , , ,726.0,725.95,1200.0,1000.0, , , , , ,, , , 
09:55:16,-0.34,0.19,-0.45,0.15,-0.08,-0.32,-0.06,-0.71,-0.25,0.48,0.39, , , , , ,726.0,725.95,1200.0,800.0, , , , , ,, , , 
09:55:19,-0.5,0.07,-0.47,0.08,-0.1,-0.53,-0.17,-0.76,-0.5,0.31,0.68, , , , , ,725.98,725.95,300.0,800.0, , , , , ,, , , 
09:55:22,-0.53,0.01,-0.48,0.02,-0.12,-0.45,-0.22,-0.82,-0.66,0.23,0.82, , , , , ,725.98,725.95,300.0,700.0, , , , , ,, , , 
09:55:25,-0.55,-0.07,-0.53,-0.04,-0.12,-0.52,-0.28,-0.78,-0.6,0.13,0.84, , , , , ,725.98,725.95,300.0,300.0, , , , , ,, , , 
09:55:28,-0.6,-0.16,-0.51,-0.06,-0.14,-0.59,-0.42,-0.84,-0.7,0.02,0.76, , , , , ,725.96,725.95,300.0,200.0, , , , , ,, , , 
09:55:31,-0.72,-0.23,-0.57,-0.07,-0.07,-0.76,-0.55,-0.86,-0.84,-0.07,0.58, , , , , ,725.95,725.86,700.0,100.0, , , , , ,, , , 
09:55:34,-0.66,-0.16,-0.53,-0.09,-0.09,-0.71,-0.45,-0.93,-0.75,0.05,0.35, , , , , ,725.95,725.86,400.0,100.0, , , , , ,, , , 
09:55:37,-0.35,0.1,-0.38,0.06,-0.12,-0.3,-0.14,-1.06,-0.37,0.39,0.15, , , , , ,725.95,725.83,200.0,400.0, , , , , ,, , , 
09:55:40,-0.21,0.24,-0.3,0.15,-0.2,-0.13,0.03,-1.12,-0.21,0.54,0.01, , , , , ,725.95,725.88,100.0,246.0, , , , , ,, , , 
09:55:43,-0.3,0.16,-0.33,0.05,-0.23,-0.31,-0.07,-0.92,-0.26,0.51,0.03, , , , , ,725.93,725.88,1100.0,246.0, , , , , ,, , , 
09:55:46,-0.37,0.13,-0.34,0.08,-0.27,-0.46,-0.15,-0.94,-0.3,0.46,0.04, , , , , ,725.93,725.88,1200.0,146.0, , , , , ,, , , 
09:55:49,0.3,0.89,0.08,0.57,-0.41,0.66,0.96,-1.08,0.15,1.16,-0.12, , , , , ,726.02,726.0,1200.0,8300.0, , , , , ,, , , 
09:55:52,0.28,0.82,0.16,0.55,-0.41,0.63,0.91,-0.96,0.05,0.99,-0.15, , , , , ,726.02,726.0,1400.0,8300.0, , , , , ,, , , 
09:55:55,0.17,0.7,0.12,0.49,-0.42,0.42,0.68,-1.04,-0.04,0.94,-0.19, , , , , ,726.02,726.0,1500.0,6600.0, , , , , ,, , , 
09:55:58,0.08,0.71,0.09,0.55,-0.79,0.29,0.62,-1.26,-0.14,0.96,-0.48, , , , , ,726.5,726.0,100.0,6600.0, , , , , ,, , , 
09:56:01,-0.09,0.66,-0.11,0.47,-0.83,0.17,0.53,-1.17,-0.34,0.97,-0.43, , , , , ,726.5,726.0,700.0,5100.0, , , , , ,, , , 
09:56:04,-0.28,0.35,-0.23,0.27,-0.87,-0.03,0.13,-1.26,-0.57,0.67,-0.39, , , , , ,726.48,726.0,1200.0,646.0, , , , , ,, , , 
09:56:07,-0.55,0.1,-0.44,0.12,-0.92,-0.4,-0.31,-1.39,-0.81,0.49,-0.35, , , , , ,726.48,726.0,1000.0,146.0, , , , , ,, , , 
09:56:10,-0.74,-0.09,-0.48,0.05,-0.54,-0.74,-0.48,-1.07,-1.0,0.17,0.0, , , , , ,726.0,725.9,2854.0,100.0, , , , , ,, , , 
09:56:13,-0.81,-0.22,-0.48,0.03,-0.56,-1.04,-0.6,-1.09,-0.9,-0.1,0.0, , , , , ,725.93,725.9,500.0,100.0, , , , , ,, , , 
09:56:16,-0.71,-0.22,-0.44,0.09,-0.59,-0.91,-0.46,-1.06,-0.77,-0.27,0.03, , , , , ,725.93,725.86,700.0,100.0, , , , , ,, , , 
09:56:19,-0.63,-0.29,-0.47,0.04,-0.67,-0.81,-0.64,-1.09,-0.6,-0.29,0.01, , , , , ,725.93,725.88,600.0,500.0, , , , , ,, , , 
09:56:22,-0.76,-0.33,-0.5,0.07,-0.68,-0.98,-0.75,-1.04,-0.78,-0.32,0.21,-500.0,725.86,725.86,-200.0,307.0,725.88,725.84,100.0,100.0, , , ,2018-05-17 09:56:22.787000,2018-05-17 09:56:22.787000,, , ,CANCELED
09:56:25,-0.79,-0.31,-0.48,0.05,-0.62,-1.08,-0.75,-1.06,-0.8,-0.21,0.35, , , , , ,725.86,725.84,300.0,100.0, , , , , ,, , , 
09:56:28,-0.76,-0.18,-0.56,0.04,-0.74,-1.02,-0.44,-1.25,-0.72,-0.14,0.46, , , , , ,725.9,725.86,100.0,100.0, , , , , ,, , , 
09:56:31,-0.78,-0.2,-0.6,0.01,-0.77,-0.99,-0.52,-1.19,-0.76,-0.1,0.69, , , , , ,725.84,725.83,4300.0,500.0, , , , , ,, , , 
09:56:34,-0.77,-0.21,-0.64,-0.04,-0.83,-1.0,-0.55,-1.19,-0.66,-0.05,0.8, , , , , ,725.84,725.83,4100.0,300.0, , , , , ,, , , 
09:56:37,-0.74,-0.23,-0.61,-0.09,-0.97,-1.09,-0.54,-1.16,-0.52,-0.07,0.66, , , , , ,725.84,725.8,4500.0,100.0, , , , , ,, , , 
09:56:40,-0.73,-0.21,-0.65,-0.07,-0.84,-1.06,-0.51,-0.88,-0.48,-0.07,0.62, , , , , ,725.82,725.6,3200.0,100.0, , , , , ,, , , 
09:56:43,-0.69,-0.24,-0.56,-0.12,-0.65,-1.03,-0.51,-0.88,-0.49,-0.09,0.43, , , , , ,725.82,725.6,3000.0,100.0, , , , , ,, , , 
09:56:46,-0.36,0.15,-0.41,0.07,-0.7,-0.59,-0.02,-0.93,-0.09,0.4,0.15, , , , , ,725.86,725.6,200.0,100.0, , , , , ,, , , 
09:56:49,-0.21,0.25,-0.25,0.14,-0.66,-0.3,0.02,-0.91,-0.07,0.61,0.27, , , , , ,725.8,725.6,1000.0,100.0, , , , , ,, , , 
09:56:52,-0.21,0.28,-0.3,0.18,-0.56,-0.29,0.09,-0.93,-0.06,0.58,0.3, , , , , ,725.83,725.6,300.0,100.0, , , , , ,, , , 
09:56:55,-0.07,0.41,-0.2,0.23,-0.61,-0.07,0.25,-0.94,0.07,0.77,0.38, , , , , ,725.8,725.6,300.0,200.0, , , , , ,, , , 
09:56:58,-0.15,0.34,-0.34,0.22,-0.52,-0.19,0.12,-0.96,0.07,0.69,0.35, , , , , ,725.81,725.6,900.0,200.0, , , , , ,, , , 
09:57:01,-0.28,0.2,-0.36,0.11,-0.26,-0.45,-0.05,-0.79,-0.03,0.55,0.42, , , , , ,725.6,725.58,1800.0,100.0, , , , , ,, , , 
09:57:04,-0.33,0.23,-0.37,0.15,-0.37,-0.47,0.03,-0.81,-0.16,0.51,0.34, , , , , ,725.6,725.58,700.0,100.0, , , , , ,, , , 
09:57:07,-0.19,0.33,-0.29,0.16,-0.44,-0.22,0.15,-0.75,-0.04,0.69,0.28, , , , , ,725.58,725.52,1000.0,100.0, , , , , ,, , , 
09:57:10,-0.26,0.25,-0.37,0.13,-0.52,-0.36,-0.0,-0.75,-0.04,0.61,0.23, , , , , ,725.58,725.52,1900.0,100.0, , , , , ,, , , 
09:57:13,-0.35,0.13,-0.41,0.03,-0.59,-0.47,-0.14,-0.74,-0.15,0.5,0.23, , , , , ,725.58,725.52,2000.0,100.0, , , , , ,, , , 
09:57:16,-0.42,0.08,-0.41,0.05,-0.34,-0.53,-0.17,-0.49,-0.31,0.36,0.53, , , , , ,725.58,725.16,2400.0,200.0, , , , , ,, , , 
09:57:19,-0.27,0.2,-0.37,0.13,-0.37,-0.29,0.03,-0.49,-0.15,0.45,0.66, , , , , ,725.6,725.16,700.0,200.0, , , , , ,, , , 
09:57:22,-0.15,0.31,-0.23,0.24,-0.39,-0.15,0.13,-0.47,-0.08,0.56,0.66, , , , , ,725.6,725.16,900.0,200.0, , , , , ,, , , 
09:57:25,-0.15,0.35,-0.25,0.17,-0.36,-0.1,0.25,-0.41,-0.08,0.62,0.8, , , , , ,725.52,725.16,300.0,200.0, , , , , ,, , , 
09:57:28,-0.07,0.48,-0.23,0.29,-0.75,0.03,0.43,-0.65,-0.02,0.73,0.23, , , , , ,725.52,725.5,300.0,100.0, , , , , ,, , , 
09:57:31,-0.19,0.41,-0.32,0.26,-0.23,-0.18,0.22,-0.12,-0.07,0.75,0.7, , , , , ,725.16,725.11,1200.0,900.0, , , , , ,, , , 
09:57:34,-0.27,0.24,-0.35,0.13,-0.23,-0.4,0.06,-0.03,-0.08,0.53,0.83, , , , , ,725.16,725.11,1500.0,200.0, , , , , ,, , , 
09:57:37,-0.36,0.24,-0.42,0.09,-0.21,-0.45,0.06,0.14,-0.2,0.59,0.91, , , , , ,725.16,725.11,600.0,200.0, , , , , ,, , , 
09:57:40,-0.29,0.24,-0.3,0.11,0.01,-0.35,0.05,0.41,-0.22,0.57,1.51, , , , , ,725.11,725.02,300.0,1000.0, , , , , ,, , , 
09:57:43,-0.35,0.18,-0.42,0.05,0.01,-0.46,0.01,0.61,-0.16,0.47,1.66, , , , , ,725.11,725.02,300.0,1000.0, , , , , ,, , , 
09:57:46,-0.42,0.31,-0.66,0.12,-0.89,-0.51,0.17,-0.12,-0.1,0.64,1.04, , , , , ,725.8,725.6,1700.0,200.0, , , , , ,, , , 
09:57:49,-0.28,0.56,-0.49,0.42,-0.03,-0.41,0.47,0.85,0.07,0.8,2.11, , , , , ,725.11,725.01,600.0,100.0, , , , , ,, , , 
09:57:52,-0.11,0.53,-0.15,0.25,-0.03,-0.2,0.4,0.94,0.03,0.93,1.94, , , , , ,725.11,725.01,700.0,100.0, , , , , ,, , , 
09:57:55,-0.02,0.6,-0.28,0.34,-0.56,-0.05,0.54,0.53,0.27,0.93,1.28, , , , , ,725.8,725.05,800.0,600.0, , , , , ,, , , 
09:57:58,0.08,0.83,-0.06,0.5,-0.64,0.06,0.88,0.52,0.25,1.12,0.91, , , , , ,725.8,725.16,900.0,100.0, , , , , ,, , , 
09:58:01,0.22,0.98,-0.09,0.58,-0.47,0.38,1.01,0.73,0.36,1.36,0.82, , , , , ,725.6,725.11,500.0,200.0, , , , , ,, , , 
09:58:04,0.15,0.96,-0.08,0.52,-0.48,0.27,0.97,0.77,0.27,1.38,1.0, , , , , ,725.6,725.11,400.0,1300.0, , , , , ,, , , 
09:58:07,-0.03,0.89,-0.3,0.52,-0.15,0.04,0.91,1.08,0.19,1.23,1.52, , , , , ,725.16,725.06,200.0,500.0, , , , , ,, , , 
09:58:10,0.07,0.97,-0.06,0.53,-0.15,0.04,1.02,1.17,0.23,1.37,1.72, , , , , ,725.16,725.06,100.0,500.0, , , , , ,, , , 
09:58:13,0.18,0.97,-0.04,0.6,-0.15,0.19,0.95,1.35,0.39,1.37,1.86, , , , , ,725.16,725.08,200.0,100.0, , , , , ,, , , 
09:58:16,0.14,0.99,-0.04,0.53,-0.16,0.1,0.99,1.55,0.37,1.43,1.85, , , , , ,725.16,725.11,100.0,200.0, , , , , ,, , , 
09:58:19,0.16,1.09,-0.03,0.61,-0.15,0.16,1.21,1.82,0.34,1.44,1.88, , , , , ,725.16,725.11,100.0,100.0, , , , , ,, , , 
09:58:22,0.03,0.83,-0.03,0.35,-0.04,-0.06,0.77,2.06,0.19,1.38,1.98, , , , , ,725.08,725.05,200.0,100.0, , , , , ,, , , 
09:58:25,0.05,0.81,-0.04,0.38,-0.03,0.03,0.79,2.09,0.16,1.26,1.98, , , , , ,725.08,725.05,100.0,100.0, , , , , ,, , , 
09:58:28,0.08,0.66,-0.06,0.3,-0.02,0.08,0.62,2.0,0.22,1.05,2.04, , , , , ,725.06,725.05,100.0,100.0, , , , , ,, , , 
09:58:31,-0.21,0.27,-0.34,-0.01,0.5,-0.37,0.13,2.27,0.08,0.68,2.7, , , , , ,724.7,724.68,300.0,100.0, , , , , ,, , , 
09:58:34,-0.25,0.4,-0.23,0.18,0.05,-0.39,0.21,1.5,-0.14,0.8,2.32, , , , , ,725.08,725.07,200.0,1300.0, , , , , ,, , , 
09:58:37,-0.13,0.34,-0.34,0.11,0.23,-0.13,0.17,1.29,0.08,0.73,2.5, , , , , ,725.08,725.06,400.0,400.0, , , , , ,, , , 
09:58:40,-0.2,0.34,-0.36,0.08,0.38,-0.29,0.14,1.16,0.04,0.8,2.62, , , , , ,725.16,725.01,100.0,200.0, , , , , ,, , , 
09:58:43,-0.3,0.29,-0.38,0.02,0.64,-0.42,0.2,1.21,-0.09,0.66,2.7, , , , , ,725.07,725.03,700.0,200.0, , , , , ,, , , 
09:58:46,-0.28,0.35,-0.32,0.07,0.73,-0.55,0.16,1.17,0.02,0.83,2.73, , , , , ,725.16,725.0,100.0,7729.0, , , , , ,, , , 
09:58:49,-0.52,0.04,-0.51,-0.08,0.9,-0.74,-0.11,1.24,-0.3,0.3,2.96, , , , , ,725.05,725.0,100.0,7529.0, , , , , ,, , , 
09:58:52,-0.63,-0.19,-0.44,-0.09,1.01,-0.93,-0.49,1.22,-0.52,0.01,3.15, , , , , ,725.03,725.0,100.0,5129.0, , , , , ,, , , 
09:58:55,-0.51,-0.03,-0.49,-0.04,1.06,-0.72,-0.17,1.16,-0.33,0.11,3.29, , , , , ,725.07,725.0,2000.0,5129.0, , , , , ,, , , 
09:58:58,-0.55,-0.11,-0.43,-0.09,1.18,-0.81,-0.35,1.23,-0.43,0.12,3.48, , , , , ,725.01,725.0,1000.0,4729.0, , , , , ,, , , 
09:59:01,-0.69,-0.3,-0.48,-0.23,1.22,-1.0,-0.58,1.29,-0.6,-0.09,3.55, , , , , ,725.01,725.0,1000.0,4729.0, , , , , ,, , , 
09:59:04,-0.73,-0.28,-0.41,-0.13,1.25,-1.01,-0.56,1.32,-0.76,-0.16,3.6, , , , , ,725.01,725.0,1900.0,4829.0, , , , , ,, , , 
09:59:07,-0.63,-0.21,-0.42,-0.09,1.23,-0.85,-0.42,1.35,-0.62,-0.12,3.58, , , , , ,725.01,725.0,200.0,4529.0, , , , , ,, , , 
09:59:10,-0.67,-0.21,-0.42,-0.17,1.31,-0.87,-0.52,1.3,-0.73,0.05,3.54, , , , , ,725.01,725.0,200.0,4029.0, , , , , ,, , , 
09:59:13,-0.85,-0.38,-0.53,-0.29,1.52,-1.16,-0.74,1.25,-0.86,-0.12,3.42,-300.0,725.0,725.0,-300.0,7.0,725.01,725.0,200.0,3829.0,573.2,0.37, ,2018-05-17 09:59:13.720000,2018-05-17 09:59:13.720000,, , ,FILLED
09:59:16,-0.81,-0.37,-0.54,-0.24,1.7,-1.05,-0.74,1.23,-0.85,-0.14,3.47, , , , , ,725.06,725.0,500.0,2229.0, , , , , ,, , , 
09:59:19,-0.76,-0.38,-0.49,-0.19,1.97,-0.96,-0.67,1.21,-0.85,-0.29,3.43, , , , , ,725.06,725.0,500.0,2229.0, , , , , ,, , , 
09:59:22,-0.67,-0.2,-0.4,-0.12,2.1,-0.85,-0.45,1.34,-0.76,-0.02,3.33, , , , , ,725.06,725.01,100.0,100.0, , , , , ,, , , 
09:59:25,-0.39,0.06,-0.28,0.06,2.12,-0.61,-0.02,1.47,-0.28,0.13,3.27, , , , , ,725.07,725.01,1800.0,300.0, , , , , ,, , , 
09:59:28,-0.14,0.24,-0.14,0.17,1.99,-0.27,0.14,1.59,-0.02,0.42,3.08, , , , , ,725.07,725.06,700.0,200.0, , , , , ,, , , 
09:59:31,-0.14,0.29,-0.11,0.21,1.79,-0.23,0.15,1.79,-0.09,0.52,3.05, , , , , ,725.07,725.0,1000.0,1629.0, , , , , ,, , , 
09:59:34,-0.18,0.36,-0.12,0.22,1.52,-0.32,0.25,1.85,-0.12,0.63,3.07, , , , , ,725.07,725.06,800.0,100.0, , , , , ,, , , 
09:59:37,-0.29,0.41,-0.32,0.25,0.98,-0.6,0.43,1.38,0.04,0.55,2.77, , , , , ,725.59,725.0,200.0,429.0, , , , , ,, , , 
09:59:40,-0.29,0.38,-0.47,0.25,0.52,-0.29,0.39,0.85,-0.11,0.49,2.38, , , , , ,725.59,725.5,200.0,100.0, , , , , ,, , , 
09:59:43,-0.11,0.61,-0.37,0.55,0.52,0.16,0.78,0.66,-0.11,0.51,2.29, , , , , ,725.6,725.5,400.0,300.0, , , , , ,, , , 
09:59:46,-0.11,0.89,-0.45,0.75,0.38,0.07,0.92,0.26,0.04,1.0,1.87, , , , , ,725.8,725.5,1300.0,300.0, , , , , ,, , , 
09:59:49,0.17,0.93,-0.04,0.77,0.31,0.22,0.96,0.27,0.35,1.05,1.56, , , , , ,725.8,725.59,1300.0,100.0, , , , , ,, , , 
09:59:52,0.65,1.25,0.41,0.91,0.12,0.98,1.52,0.17,0.56,1.33,1.15, , , , , ,725.82,725.8,100.0,4600.0, , , , , ,, , , 
09:59:55,0.64,1.23,0.35,0.92,0.08,0.86,1.48,0.23,0.72,1.29,1.0, , , , , ,725.82,725.8,100.0,3300.0, , , , , ,, , , 
09:59:58,0.38,1.22,0.18,0.84,0.0,0.51,1.51,0.08,0.46,1.33,0.89, , , , , ,726.0,725.8,2654.0,3600.0, , , , , ,, , , 
10:00:01,0.64,1.3,0.41,0.85,0.03,0.72,1.62,-0.03,0.78,1.43,0.86, , , , , ,726.0,725.83,2654.0,100.0, , , , , ,, , , 
10:00:04,0.74,1.35,0.46,0.88,0.07,0.92,1.71,-0.11,0.85,1.46,0.88,500.0,726.0,726.0,500.0,507.0,726.0,725.83,2554.0,200.0, , , ,2018-05-17 10:00:04.704000,2018-05-17 10:00:04.703000,, , ,FILLED
10:00:07,0.9,1.44,0.54,0.92,0.1,1.2,1.9,-0.23,0.96,1.51,0.88,500.0,726.0,726.0,500.0,1007.0,726.0,725.83,54.0,200.0, , , ,2018-05-17 10:00:07.725000,2018-05-17 10:00:07.724000,, , ,FILLED
10:00:10,0.98,1.58,0.46,1.1,0.18,1.48,1.9,-0.15,0.99,1.74,0.99,500.0,725.83,725.83,500.0,1507.0,725.83,725.82,1000.0,200.0, , , ,2018-05-17 10:00:10.915000,2018-05-17 10:00:10.915000,, , ,FILLED
10:00:13,0.9,1.54,0.39,0.97,-0.34,1.3,1.94,-0.6,1.01,1.71,0.53,500.0,726.5,726.5,300.0,1807.0,726.5,725.82,300.0,200.0, , , ,2018-05-17 10:00:13.764000,2018-05-17 10:00:13.764000,, , ,CANCELED
10:00:16,0.89,1.41,0.36,0.94,-0.81,1.5,1.74,-1.04,0.82,1.54,0.05, , , , , ,726.52,726.5,100.0,2500.0, , , , , ,, , , 
10:00:19,0.93,1.52,0.42,1.16,-0.87,1.53,1.92,-0.94,0.84,1.49,0.01,500.0,726.58,726.58,200.0,2007.0,726.58,726.5,200.0,2400.0, , , ,2018-05-17 10:00:19.748000,2018-05-17 10:00:19.748000,, , ,CANCELED
10:00:22,0.96,1.76,0.45,1.45,-0.84,1.58,2.06,-1.05,0.85,1.77,-0.11, , , , , ,726.66,726.58,500.0,400.0, , , , , ,, , , 
10:00:25,0.86,1.56,0.49,1.14,-0.65,1.37,1.87,-0.91,0.71,1.68,-0.01, , , , , ,726.66,726.5,500.0,1600.0, , , , , ,, , , 
10:00:28,0.58,1.33,0.15,0.95,-0.5,1.09,1.68,-1.25,0.5,1.36,-0.18, , , , , ,726.66,726.5,200.0,900.0, , , , , ,, , , 
10:00:31,0.63,1.25,0.34,1.03,0.12,1.07,1.4,-0.84,0.5,1.32,0.26, , , , , ,726.5,726.0,200.0,700.0, , , , , ,, , , 
10:00:34,0.21,1.05,-0.03,0.97,0.69,0.63,1.04,-0.25,0.04,1.16,0.74, , , , , ,726.0,725.83,4600.0,100.0, , , , , ,, , , 
10:00:37,-0.29,0.59,-0.29,0.54,0.53,-0.33,0.59,-0.18,-0.26,0.64,0.51, , , , , ,726.0,725.83,4300.0,100.0, , , , , ,, , , 
10:00:40,-0.39,0.27,-0.48,0.38,0.32,-0.28,0.21,0.32,-0.41,0.21,0.49, , , , , ,726.0,725.86,5100.0,100.0, , , , , ,, , , 
10:00:43,-0.63,0.09,-0.5,0.2,0.14,-0.69,0.08,0.47,-0.71,-0.01,0.34, , , , , ,726.0,725.86,5100.0,100.0, , , , , ,, , , 
10:00:46,-0.73,-0.04,-0.58,0.16,-0.12,-0.82,-0.09,0.72,-0.79,-0.18,0.17, , , , , ,726.0,725.86,5100.0,100.0, , , , , ,, , , 
10:00:49,-0.72,0.04,-0.52,0.14,-0.05,-0.83,0.17,0.91,-0.81,-0.2,0.19, , , , , ,726.0,725.86,5100.0,100.0, , , , , ,, , , 
10:00:52,-0.46,0.31,-0.33,0.61,0.04,-0.34,0.4,0.78,-0.71,-0.08,0.22, , , , , ,726.0,725.8,900.0,3646.0, , , , , ,, , , 
10:00:55,-0.36,0.42,-0.13,0.65,0.21,-0.28,0.5,0.73,-0.67,0.09,0.29, , , , , ,725.86,725.8,1100.0,3646.0, , , , , ,, , , 
10:00:58,-0.41,0.45,-0.16,0.6,0.18,-0.51,0.63,0.42,-0.55,0.13,0.27, , , , , ,725.86,725.8,1000.0,3646.0, , , , , ,, , , 
10:01:01,-0.21,0.51,-0.15,0.52,-0.21,-0.18,0.77,-0.14,-0.3,0.24,-0.04, , , , , ,726.09,726.0,100.0,100.0, , , , , ,, , , 
10:01:04,-0.19,0.46,-0.28,0.36,-0.29,-0.09,0.69,0.05,-0.2,0.31,-0.04, , , , , ,726.09,726.0,100.0,100.0, , , , , ,, , , 
10:01:07,-0.28,0.36,-0.37,0.38,-0.25,-0.24,0.39,0.39,-0.24,0.31,0.3, , , , , ,726.0,725.86,700.0,100.0, , , , , ,, , , 
10:01:10,-0.59,0.05,-0.55,0.16,-0.29,-0.71,-0.03,0.59,-0.5,0.01,0.48, , , , , ,726.0,725.86,6600.0,100.0, , , , , ,, , , 
10:01:13,-0.63,-0.01,-0.45,0.11,-0.24,-0.81,-0.02,0.79,-0.62,-0.11,0.85, , , , , ,726.0,725.8,6300.0,2746.0, , , , , ,, , , 
10:01:16,-0.51,-0.05,-0.41,0.12,-0.21,-0.55,0.05,0.8,-0.59,-0.31,1.04, , , , , ,726.0,725.8,6400.0,2646.0, , , , , ,, , , 
10:01:19,-0.52,0.02,-0.47,0.11,-0.12,-0.59,0.12,0.77,-0.51,-0.17,0.99, , , , , ,726.0,725.88,7100.0,500.0, , , , , ,, , , 
10:01:22,-0.71,-0.17,-0.57,-0.01,-0.07,-0.82,-0.05,0.82,-0.75,-0.45,1.05, , , , , ,726.0,725.8,7500.0,646.0, , , , , ,, , , 
10:01:25,-0.78,0.08,-0.58,0.18,-0.52,-0.9,0.25,0.29,-0.87,-0.18,0.36, , , , , ,726.5,726.09,200.0,5100.0, , , , , ,, , , 
10:01:28,-0.13,0.33,-0.22,0.35,-0.86,0.07,0.51,0.32,-0.23,0.14,0.36, , , , , ,726.5,726.09,200.0,5000.0, , , , , ,, , , 
10:01:31,0.05,0.56,-0.15,0.44,-1.01,0.31,0.94,0.38,-0.02,0.31,0.25, , , , , ,726.66,726.09,100.0,4500.0, , , , , ,, , , 
10:01:34,0.04,0.57,-0.2,0.46,-0.89,0.36,0.81,0.52,-0.03,0.43,0.25, , , , , ,726.66,726.1,100.0,200.0, , , , , ,, , , 
10:01:37,-0.27,0.59,-0.66,0.33,-1.11,-0.16,0.84,0.39,0.03,0.61,0.03, , , , , ,726.69,726.5,154.0,500.0, , , , , ,, , , 
10:01:40,0.07,0.59,-0.21,0.56,0.45,0.21,0.74,1.57,0.2,0.46,1.16, , , , , ,725.88,725.8,1100.0,400.0, , , , , ,, , , 
10:01:43,0.21,0.9,-0.02,0.87,0.59,0.33,0.97,1.6,0.34,0.88,1.23, , , , , ,725.88,725.8,700.0,400.0, , , , , ,, , , 
10:01:46,0.16,0.96,-0.12,0.95,0.85,0.23,1.03,1.68,0.37,0.9,1.21, , , , , ,725.88,725.8,400.0,400.0, , , , , ,, , , 
10:01:49,0.02,0.76,-0.11,0.71,1.03,0.1,0.96,1.83,0.07,0.61,1.12, , , , , ,725.88,725.8,500.0,200.0, , , , , ,, , , 
10:01:52,-0.05,0.69,-0.27,0.56,0.58,0.11,0.95,1.72,0.02,0.57,0.77, , , , , ,726.09,726.0,1000.0,100.0, , , , , ,, , , 
10:01:55,-0.13,0.62,-0.25,0.67,0.47,-0.04,0.71,1.94,-0.11,0.49,0.76, , , , , ,726.09,725.93,2300.0,100.0, , , , , ,, , , 
10:01:58,-0.19,0.65,-0.31,0.61,0.17,-0.14,0.78,2.09,-0.11,0.56,0.79, , , , , ,726.09,725.93,1500.0,100.0, , , , , ,, , , 
10:02:01,-0.17,0.62,-0.22,0.48,0.24,-0.18,0.91,2.49,-0.09,0.49,1.14, , , , , ,725.8,725.75,4640.0,100.0, , , , , ,, , , 
10:02:04,-0.2,0.49,-0.25,0.44,0.42,-0.12,0.57,2.53,-0.23,0.47,1.13, , , , , ,725.8,725.75,1740.0,200.0, , , , , ,, , , 
10:02:07,-0.07,0.59,-0.16,0.53,0.61,0.03,0.58,2.51,-0.1,0.66,1.13, , , , , ,725.8,725.75,1540.0,200.0, , , , , ,, , , 
10:02:10,-0.09,0.5,-0.18,0.47,0.96,0.03,0.56,2.62,-0.13,0.47,1.29, , , , , ,725.75,725.58,800.0,100.0, , , , , ,, , , 
10:02:13,-0.08,0.52,-0.14,0.41,1.11,0.0,0.74,2.52,-0.11,0.41,1.29, , , , , ,725.75,725.58,300.0,200.0, , , , , ,, , , 
10:02:16,0.02,0.6,-0.27,0.49,0.98,0.27,0.79,2.44,0.08,0.51,1.15, , , , , ,725.8,725.75,740.0,400.0, , , , , ,, , , 
10:02:19,-0.04,0.57,-0.3,0.51,0.82,0.15,0.67,2.23,0.04,0.54,0.97, , , , , ,726.0,725.8,100.0,100.0, , , , , ,, , , 
10:02:22,-0.05,0.62,-0.35,0.45,0.57,0.13,0.88,1.89,0.07,0.52,0.85, , , , , ,726.09,726.07,3100.0,60.0, , , , , ,, , , 
10:02:25,-0.09,0.55,-0.23,0.46,1.16,-0.05,0.78,2.41,0.0,0.41,1.56, , , , , ,725.75,725.58,100.0,100.0, , , , , ,, , , 
10:02:28,-0.02,0.55,-0.2,0.46,0.68,0.27,0.78,1.74,-0.12,0.43,1.04, , , , , ,726.05,726.03,40.0,200.0, , , , , ,, , , 
10:02:31,0.26,0.93,0.11,0.87,2.41,0.46,1.07,3.24,0.21,0.87,2.62, , , , , ,725.0,724.8,626.0,500.0, , , , , ,, , , 
10:02:34,-0.25,0.7,-0.37,0.66,1.11,-0.14,0.68,1.85,-0.25,0.77,1.06, , , , , ,726.07,725.83,200.0,100.0, , , , , ,, , , 
10:02:37,-0.68,0.33,-0.91,0.23,1.16,-0.59,0.3,1.74,-0.53,0.46,0.82, , , , , ,726.09,726.0,600.0,200.0, , , , , ,, , , 
10:02:40,-0.51,0.42,-0.89,0.29,1.0,-0.27,0.53,1.39,-0.37,0.44,0.56, , , , , ,726.69,725.83,54.0,500.0, , , , , ,, , , 
10:02:43,-0.28,0.52,-0.66,0.33,0.82,-0.0,0.67,1.12,-0.19,0.56,0.37, , , , , ,726.69,726.12,54.0,200.0, , , , , ,, , , 
10:02:46,-0.25,0.63,-0.61,0.39,0.95,-0.06,0.96,0.89,-0.08,0.56,0.43, , , , , ,726.9,725.83,100.0,500.0, , , , , ,, , , 
10:02:49,-0.1,0.76,-0.47,0.43,0.51,0.12,1.16,0.05,0.05,0.69,-0.08, , , , , ,726.9,726.69,100.0,500.0, , , , , ,, , , 
10:02:52,-0.09,0.61,-0.34,0.35,0.69,0.07,1.03,-0.21,0.01,0.46,0.01, , , , , ,726.9,726.69,100.0,400.0, , , , , ,, , , 
10:02:55,-0.17,0.85,-0.3,0.92,2.06,0.08,0.99,0.85,-0.28,0.64,1.33, , , , , ,726.0,725.83,6200.0,2100.0, , , , , ,, , , 
10:02:58,-0.11,0.8,-0.26,0.81,2.23,0.05,0.96,0.86,-0.11,0.63,1.41, , , , , ,726.0,725.83,5300.0,2100.0, , , , , ,, , , 
10:03:01,-0.1,0.77,-0.22,0.57,2.29,0.02,1.06,0.86,-0.09,0.66,1.4, , , , , ,726.0,725.83,3100.0,2400.0, , , , , ,, , , 
10:03:04,0.29,1.13,-0.05,0.81,2.15,0.45,1.51,0.7,0.49,1.07,1.11, , , , , ,726.09,726.0,200.0,2500.0, , , , , ,, , , 
10:03:07,0.36,1.28,-0.12,1.05,1.58,0.74,1.45,0.14,0.45,1.33,0.45, , , , , ,726.9,726.0,100.0,2800.0, , , , , ,, , , 
10:03:10,0.21,1.04,-0.19,0.64,1.54,0.33,1.23,0.13,0.48,1.26,0.35, , , , , ,726.9,726.0,100.0,1400.0, , , , , ,, , , 
10:03:13,0.22,0.93,-0.15,0.54,1.37,0.47,1.16,0.06,0.35,1.11,0.17, , , , , ,726.9,726.09,100.0,2600.0, , , , , ,, , , 
10:03:16,0.38,1.08,0.04,0.66,1.47,0.51,1.4,0.08,0.59,1.17,0.16, , , , , ,726.88,726.09,100.0,2600.0, , , , , ,, , , 
10:03:19,0.47,1.0,-0.06,0.65,1.41,0.88,1.32,0.07,0.58,1.03,0.11, , , , , ,726.9,726.09,100.0,2400.0, , , , , ,, , , 
10:03:22,0.58,1.2,0.08,0.71,1.29,1.0,1.54,0.04,0.66,1.36,0.09, , , , , ,726.92,726.1,200.0,100.0, , , , , ,, , , 
10:03:25,0.2,0.93,-0.12,0.5,1.25,0.55,1.21,0.1,0.16,1.07,0.25, , , , , ,726.92,726.09,200.0,1100.0, , , , , ,, , , 
10:03:28,-0.12,0.54,-0.29,0.44,1.09,0.11,0.61,-0.08,-0.18,0.55,0.24, , , , , ,726.92,726.09,200.0,1100.0, , , , , ,, , , 
10:03:31,-0.14,0.78,-0.25,0.64,0.88,0.09,0.92,-0.23,-0.25,0.76,0.21, , , , , ,727.0,726.22,3200.0,100.0, , , , , ,, , , 
10:03:34,0.13,0.9,-0.1,0.78,0.45,0.23,0.98,-0.7,0.27,0.94,-0.18, , , , , ,727.0,726.92,3200.0,100.0, , , , , ,, , , 
10:03:37,0.14,0.85,-0.06,0.65,0.47,0.35,0.95,-0.94,0.14,0.95,-0.22, , , , , ,727.0,726.92,3200.0,100.0, , , , , ,, , , 
10:03:40,0.5,1.3,0.33,0.85,0.36,0.53,1.55,-0.99,0.64,1.5,-0.16, , , , , ,727.01,727.0,210.0,1800.0, , , , , ,, , , 
10:03:43,0.77,1.54,0.39,1.05,0.3,0.97,1.78,-1.14,0.93,1.79,-0.16,500.0,727.01,727.01,500.0,2507.0,727.01,727.0,210.0,1800.0, , , ,2018-05-17 10:03:43.735000,2018-05-17 10:03:43.735000,, , ,FILLED
10:03:46,0.94,1.51,0.55,1.1,-0.07,0.92,1.66,-1.38,1.34,1.77,-0.23,500.0,727.1,727.1,200.0,2707.0,727.1,727.01,200.0,2800.0, , , ,2018-05-17 10:03:46.871000,2018-05-17 10:03:46.871000,, , ,CANCELED
10:03:49,0.88,1.54,0.56,1.02,-0.45,0.9,1.78,-1.5,1.18,1.83,-0.38, , , , , ,727.19,727.12,600.0,300.0, , , , , ,, , , 
10:03:52,1.05,1.72,0.73,1.15,-1.13,0.89,1.93,-1.93,1.52,2.09,-0.79,500.0,727.48,727.48,500.0,3207.0,727.48,727.44,100.0,500.0, , , ,2018-05-17 10:03:52.751000,2018-05-17 10:03:52.751000,, , ,FILLED
10:03:55,1.14,1.88,0.74,1.24,-1.33,1.2,2.07,-2.02,1.49,2.33,-0.84,500.0,727.52,727.52,300.0,3507.0,727.52,727.5,200.0,100.0, , , ,2018-05-17 10:03:55.677000,2018-05-17 10:03:55.677000,, , ,CANCELED
10:03:58,1.24,1.78,0.83,1.23,-1.36,1.22,2.06,-2.07,1.66,2.06,-0.86, , , , , ,727.55,727.52,200.0,200.0, , , , , ,, , , 
10:04:01,1.09,1.65,0.64,1.08,-1.46,1.2,1.9,-2.19,1.44,1.98,-0.94,500.0,727.7,727.7,500.0,4007.0,727.7,727.52,600.0,200.0, , , ,2018-05-17 10:04:01.687000,2018-05-17 10:04:01.687000,, , ,FILLED
10:04:04,1.22,1.76,0.91,1.23,-1.51,1.07,1.87,-2.25,1.69,2.17,-0.98,500.0,727.72,727.72,500.0,4507.0,727.72,727.59,600.0,200.0, , , ,2018-05-17 10:04:04.713000,2018-05-17 10:04:04.713000,, , ,FILLED
10:04:07,1.21,1.88,0.92,1.33,-1.5,1.14,1.95,-2.06,1.58,2.37,-0.97,100.0,727.77,727.77,100.0,4607.0,727.77,727.52,100.0,100.0, , , ,2018-05-17 10:04:07.782000,2018-05-17 10:04:07.782000,, , ,FILLED
10:04:10,0.88,1.49,0.6,1.04,-1.29,0.72,1.58,-1.67,1.32,1.85,-0.76, , , , , ,727.5,727.48,1100.0,1300.0, , , , , ,, , , 
10:04:13,0.38,1.05,0.2,0.68,-1.3,0.39,1.21,-1.33,0.55,1.24,-0.75, , , , , ,727.5,727.48,700.0,300.0, , , , , ,, , , 
10:04:16,0.16,0.89,0.17,0.65,-1.09,-0.01,0.93,-0.94,0.33,1.07,-0.54, , , , , ,727.45,727.22,800.0,200.0, , , , , ,, , , 
10:04:19,0.06,0.82,-0.02,0.67,-1.83,-0.0,0.85,-1.68,0.21,0.95,-1.28, , , , , ,727.95,727.8,400.0,1800.0, , , , , ,, , , 
10:04:22,0.0,0.61,-0.1,0.39,-1.15,-0.09,0.58,-0.97,0.21,0.85,-0.58, , , , , ,727.52,727.22,1700.0,200.0, , , , , ,, , , 
10:04:25,-0.33,0.43,-0.34,0.4,-0.86,-0.41,0.4,-0.89,-0.25,0.5,-0.36, , , , , ,727.22,727.19,900.0,200.0, , , , , ,, , , 
10:04:28,-0.19,0.58,-0.22,0.51,-1.04,-0.29,0.5,-0.89,-0.08,0.71,-0.34, , , , , ,727.22,727.19,600.0,300.0, , , , , ,, , , 
10:04:31,-0.12,0.58,-0.25,0.58,-1.35,-0.29,0.35,-1.19,0.16,0.82,-0.61, , , , , ,727.52,727.32,1700.0,100.0, , , , , ,, , , 
10:04:34,-0.04,0.61,-0.19,0.63,-0.98,-0.18,0.56,-0.84,0.26,0.64,-0.26, , , , , ,727.22,727.12,100.0,100.0, , , , , ,, , , 
10:04:37,-0.04,0.63,-0.1,0.61,-1.5,-0.11,0.64,-1.03,0.1,0.64,-0.49, , , , , ,727.52,727.22,1200.0,500.0, , , , , ,, , , 
10:04:40,-0.1,0.52,-0.28,0.43,-1.35,-0.15,0.47,-0.81,0.13,0.68,-0.34, , , , , ,727.32,727.22,1100.0,900.0, , , , , ,, , , 
10:04:43,-0.07,0.54,-0.21,0.45,-1.5,-0.19,0.41,-0.72,0.19,0.76,-0.29, , , , , ,727.31,727.22,100.0,1000.0, , , , , ,, , , 
10:04:46,-0.22,0.44,-0.46,0.36,-1.25,-0.28,0.39,-0.33,0.07,0.58,0.17, , , , , ,727.0,726.92,4110.0,100.0, , , , , ,, , , 
10:04:49,-0.64,0.16,-0.61,0.19,-0.66,-0.73,0.03,0.15,-0.58,0.24,0.77, , , , , ,727.0,726.09,4110.0,100.0, , , , , ,, , , 
10:04:52,-0.69,0.42,-0.72,0.56,-0.67,-0.78,0.3,0.08,-0.57,0.39,0.82, , , , , ,727.0,726.09,3210.0,100.0, , , , , ,, , , 
10:04:55,-0.53,0.39,-0.5,0.57,-0.64,-0.55,0.27,0.08,-0.54,0.34,0.92, , , , , ,726.92,726.09,900.0,100.0, , , , , ,, , , 
10:04:58,-0.4,0.5,-0.43,0.63,-0.73,-0.31,0.58,0.04,-0.45,0.29,0.91, , , , , ,727.0,726.11,510.0,300.0, , , , , ,, , , 
10:05:01,-0.31,0.48,-0.3,0.62,-0.74,-0.24,0.57,0.06,-0.39,0.26,0.94, , , , , ,727.0,726.11,810.0,300.0, , , , , ,, , , 
10:05:04,-0.38,0.44,-0.57,0.63,-0.74,-0.18,0.46,0.06,-0.39,0.22,0.94, , , , , ,727.0,726.11,810.0,100.0, , , , , ,, , , 
10:05:07,-0.57,0.32,-0.72,0.43,-0.56,-0.52,0.44,0.06,-0.48,0.1,0.94, , , , , ,726.99,726.11,100.0,100.0, , , , , ,, , , 
10:05:10,-0.67,0.33,-0.71,0.4,-0.36,-0.61,0.48,0.09,-0.68,0.12,0.9, , , , , ,726.99,726.09,200.0,100.0, , , , , ,, , , 
10:05:13,-0.72,0.3,-0.75,0.42,-0.02,-0.73,0.24,0.1,-0.69,0.23,1.01, , , , , ,726.98,726.09,200.0,100.0, , , , , ,, , , 
10:05:16,-0.64,0.38,-0.64,0.39,0.15,-0.54,0.5,0.08,-0.73,0.26,1.17, , , , , ,727.0,726.09,610.0,100.0, , , , , ,, , , 
10:05:19,-0.54,0.57,-0.78,0.62,0.15,-0.44,0.66,0.07,-0.4,0.44,1.3, , , , , ,726.99,726.11,100.0,800.0, , , , , ,, , , 
10:05:22,-0.54,0.55,-0.6,0.66,0.16,-0.48,0.52,0.21,-0.54,0.48,1.52, , , , , ,726.98,726.11,100.0,500.0, , , , , ,, , , 
10:05:25,-0.67,0.45,-0.66,0.55,0.08,-0.67,0.43,0.41,-0.67,0.37,1.71, , , , , ,726.98,726.03,100.0,500.0, , , , , ,, , , 
10:05:28,-0.77,0.4,-0.87,0.58,-0.21,-0.67,0.34,0.12,-0.77,0.29,1.52, , , , , ,726.98,726.44,100.0,100.0, , , , , ,, , , 
10:05:31,-0.53,0.42,-0.38,0.62,0.72,-0.55,0.38,1.04,-0.66,0.26,2.54, , , , , ,726.05,726.03,100.0,200.0, , , , , ,, , , 
10:05:34,-0.49,0.49,-0.45,0.61,0.08,-0.43,0.63,0.3,-0.6,0.23,1.98, , , , , ,726.98,726.03,200.0,200.0, , , , , ,, , , 
10:05:37,-0.66,0.38,-0.73,0.38,0.09,-0.71,0.39,0.11,-0.53,0.36,1.94, , , , , ,726.98,726.13,200.0,100.0, , , , , ,, , , 
10:05:40,-0.39,0.47,-0.14,0.68,0.91,-0.52,0.44,0.89,-0.5,0.3,2.75, , , , , ,726.03,726.0,300.0,700.0, , , , , ,, , , 
10:05:43,-0.21,0.53,-0.2,0.73,0.93,-0.15,0.52,0.84,-0.29,0.33,2.83, , , , , ,726.1,726.03,100.0,200.0, , , , , ,, , , 
10:05:46,-0.21,0.53,-0.26,0.63,0.9,-0.18,0.55,0.83,-0.18,0.41,3.01, , , , , ,726.11,726.03,1300.0,200.0, , , , , ,, , , 
10:05:49,-0.25,0.51,-0.19,0.49,0.81,-0.23,0.44,0.92,-0.32,0.59,3.26, , , , , ,726.11,726.03,1300.0,200.0, , , , , ,, , , 
10:05:52,-0.22,0.61,-0.23,0.6,0.74,-0.22,0.58,1.01,-0.2,0.64,3.5, , , , , ,726.11,726.03,1300.0,200.0, , , , , ,, , , 
10:05:55,-0.28,0.5,-0.32,0.55,0.75,-0.25,0.45,1.19,-0.25,0.5,3.83, , , , , ,726.03,726.0,700.0,900.0, , , , , ,, , , 
10:05:58,-0.25,0.48,-0.23,0.51,0.78,-0.24,0.49,1.27,-0.27,0.43,4.14, , , , , ,726.03,726.0,500.0,1100.0, , , , , ,, , , 
10:06:01,-0.19,0.49,-0.15,0.55,0.8,-0.17,0.48,1.27,-0.24,0.43,4.38, , , , , ,726.03,726.0,500.0,900.0, , , , , ,, , , 
10:06:04,-0.14,0.48,-0.22,0.55,0.8,-0.1,0.49,1.16,-0.11,0.41,4.78, , , , , ,726.03,726.0,300.0,900.0, , , , , ,, , , 
10:06:07,-0.12,0.54,-0.18,0.57,0.81,-0.1,0.51,1.05,-0.07,0.53,4.89, , , , , ,726.03,726.0,500.0,1000.0, , , , , ,, , , 
10:06:10,-0.06,0.62,-0.26,0.59,0.09,0.03,0.63,0.24,0.06,0.65,4.3, , , , , ,726.97,726.11,100.0,700.0, , , , , ,, , , 
10:06:13,-0.46,0.47,-0.63,0.4,0.09,-0.47,0.56,0.11,-0.27,0.47,4.54, , , , , ,726.97,726.11,100.0,600.0, , , , , ,, , , 
10:06:16,-0.57,0.53,-0.73,0.45,-0.51,-0.57,0.66,-0.52,-0.4,0.49,4.01, , , , , ,726.98,726.97,100.0,200.0, , , , , ,, , , 
10:06:19,-0.13,0.77,-0.2,0.8,0.07,0.04,0.87,0.03,-0.24,0.64,4.84, , , , , ,727.0,726.11,310.0,1600.0, , , , , ,, , , 
10:06:22,-0.16,0.84,-0.34,0.84,0.2,0.04,1.05,0.03,-0.19,0.62,5.04, , , , , ,727.0,726.11,310.0,1600.0, , , , , ,, , , 
10:06:25,-0.03,0.77,-0.25,0.72,0.33,0.1,0.85,0.18,0.06,0.76,5.18, , , , , ,727.0,726.11,210.0,1600.0, , , , , ,, , , 
10:06:28,0.09,1.02,-0.14,0.82,0.32,0.26,1.26,0.17,0.14,0.97,5.34, , , , , ,727.0,726.12,210.0,200.0, , , , , ,, , , 
10:06:31,-0.12,0.79,-0.35,0.64,0.33,0.06,0.73,0.29,-0.08,1.0,5.43, , , , , ,727.0,726.11,9310.0,1400.0, , , , , ,, , , 
10:06:34,-0.47,0.4,-0.7,0.35,0.22,-0.4,0.26,0.38,-0.33,0.59,5.47, , , , , ,727.0,726.11,9310.0,1500.0, , , , , ,, , , 
10:06:37,-0.48,0.39,-0.65,0.31,0.08,-0.47,0.25,0.3,-0.32,0.62,5.36, , , , , ,727.0,726.16,9310.0,200.0, , , , , ,, , , 
10:06:40,-0.52,0.34,-0.69,0.32,-0.17,-0.51,0.2,0.13,-0.35,0.49,5.15, , , , , ,727.0,726.58,9610.0,100.0, , , , , ,, , , 
10:06:43,-0.49,0.59,-0.59,0.55,-0.16,-0.48,0.6,0.13,-0.39,0.64,5.3, , , , , ,727.0,726.58,2110.0,100.0, , , , , ,, , , 
10:06:46,0.04,0.82,-0.07,0.79,-0.16,0.13,0.83,0.13,0.07,0.85,5.4, , , , , ,727.0,726.58,2010.0,100.0, , , , , ,, , , 
10:06:49,-0.13,0.94,-0.22,0.84,0.31,-0.1,1.01,0.51,-0.06,0.99,5.95, , , , , ,727.0,726.03,2810.0,200.0, , , , , ,, , , 
10:06:52,-0.16,0.98,-0.43,0.98,0.4,-0.05,1.01,0.51,-0.0,0.96,5.96, , , , , ,727.0,726.03,2710.0,300.0, , , , , ,, , , 
10:06:55,0.04,0.93,-0.23,0.76,0.37,0.27,0.99,0.39,0.07,1.04,5.83, , , , , ,727.0,726.22,2510.0,100.0, , , , , ,, , , 
10:06:58,-0.18,1.19,-0.7,0.97,0.45,-0.1,1.52,0.41,0.25,1.09,5.77, , , , , ,727.0,726.22,2510.0,100.0, , , , , ,, , , 
10:07:01,-0.19,1.2,-0.58,1.11,0.47,-0.07,1.34,0.47,0.08,1.16,5.75, , , , , ,726.95,726.22,100.0,200.0, , , , , ,, , , 
10:07:04,-0.25,1.18,-0.54,1.14,0.37,-0.18,1.29,0.49,-0.03,1.11,5.66, , , , , ,726.95,726.22,100.0,200.0, , , , , ,, , , 
10:07:07,-0.22,1.18,-0.55,1.08,0.24,-0.04,1.36,0.46,-0.07,1.1,5.55, , , , , ,726.99,726.22,400.0,200.0, , , , , ,, , , 
10:07:10,-0.26,1.04,-0.6,0.87,0.14,-0.19,1.2,0.46,-0.0,1.06,5.41, , , , , ,726.99,726.23,300.0,100.0, , , , , ,, , , 
10:07:13,-0.26,0.99,-0.56,0.86,0.01,-0.23,0.92,0.46,-0.0,1.18,5.31, , , , , ,726.99,726.23,200.0,200.0, , , , , ,, , , 
10:07:16,-0.17,1.06,-0.48,0.93,-0.01,-0.13,1.12,0.47,0.09,1.13,5.24, , , , , ,726.99,726.22,700.0,100.0, , , , , ,, , , 
10:07:19,0.1,1.25,-0.15,1.03,-0.04,0.24,1.42,0.48,0.21,1.29,5.12, , , , , ,727.0,726.2,310.0,100.0, , , , , ,, , , 
10:07:22,0.22,1.21,-0.12,0.95,-0.04,0.34,1.36,0.48,0.44,1.33,5.23, , , , , ,727.0,726.2,310.0,100.0, , , , , ,, , , 
10:07:25,-0.07,1.09,-0.33,0.8,-0.42,-0.1,1.26,-0.07,0.23,1.23,4.62, , , , , ,727.0,726.99,310.0,100.0, , , , , ,, , , 
10:07:25, , , , ,-0.43, , ,-0.05, , ,4.56, , , , , ,727.0,726.99,310.0,100.0, , ,1, , ,, , , 
10:07:31,0.05,0.95,-0.15,0.76,0.23,0.13,1.12,0.52,0.17,0.96,5.2, , , , , ,726.99,726.2,400.0,300.0, , , , , ,, , , 
10:07:34,0.2,1.1,-0.21,0.69,0.32,0.38,1.3,0.54,0.43,1.32,5.16, , , , , ,726.99,726.2,400.0,300.0, , , , , ,, , , 
10:07:37,0.15,1.01,-0.23,0.57,0.16,0.29,1.12,0.45,0.4,1.34,5.15, , , , , ,726.99,726.38,400.0,200.0, , , , , ,, , , 
10:07:40,0.24,1.07,-0.11,0.67,0.27,0.28,1.31,0.47,0.54,1.23,5.16, , , , , ,726.99,726.38,500.0,200.0, , , , , ,, , , 
10:07:43,0.26,1.21,-0.12,0.79,0.27,0.31,1.35,0.51,0.58,1.49,5.17, , , , , ,726.99,726.38,400.0,200.0, , , , , ,, , , 
10:07:46,0.25,1.15,-0.18,0.74,0.33,0.3,1.21,0.61,0.63,1.49,5.27, , , , , ,726.9,726.38,100.0,100.0, , , , , ,, , , 
10:07:49,0.14,0.96,-0.23,0.54,0.27,0.22,1.1,0.59,0.44,1.22,5.18, , , , , ,726.99,726.38,100.0,100.0, , , , , ,, , , 
10:07:52,0.12,0.97,-0.26,0.56,-0.08,0.11,1.15,0.27,0.51,1.19,4.9, , , , , ,726.98,726.9,200.0,100.0, , , , , ,, , , 
10:07:55,0.25,0.97,-0.13,0.57,-0.08,0.34,1.11,0.3,0.55,1.24,4.89, , , , , ,727.0,726.9,410.0,100.0, , , , , ,, , , 
10:07:58,0.44,1.04,0.05,0.63,-0.04,0.48,1.21,0.36,0.79,1.27,4.86, , , , , ,726.99,726.9,100.0,200.0, , , , , ,, , , 
10:08:01,0.36,0.98,-0.01,0.64,0.01,0.31,1.11,0.45,0.79,1.17,4.89, , , , , ,726.93,726.9,100.0,100.0, , , , , ,, , , 
10:08:04,0.28,0.97,-0.08,0.66,0.03,0.18,1.25,0.44,0.73,1.0,4.89, , , , , ,726.93,726.9,100.0,100.0, , , , , ,, , , 
10:08:07,0.34,0.96,0.09,0.82,0.41,0.35,1.06,0.82,0.57,1.0,5.25, , , , , ,726.9,726.38,100.0,300.0, , , , , ,, , , 
10:08:10,0.39,1.03,0.08,0.85,0.41,0.35,1.24,0.76,0.74,0.99,5.25, , , , , ,726.9,726.38,100.0,300.0, , , , , ,, , , 
10:08:13,0.14,0.75,-0.15,0.59,0.41,0.18,0.8,0.86,0.38,0.86,5.19, , , , , ,726.9,726.38,2100.0,300.0, , , , , ,, , , 
10:08:16,0.1,0.65,-0.1,0.61,0.54,0.0,0.71,1.16,0.38,0.64,5.25, , , , , ,726.89,726.21,100.0,1000.0, , , , , ,, , , 
10:08:19,0.06,0.64,-0.15,0.53,0.54,0.11,0.71,1.29,0.21,0.68,5.18, , , , , ,726.9,726.21,1500.0,1000.0, , , , , ,, , , 
10:08:22,0.07,0.74,-0.17,0.62,0.54,0.03,0.8,1.51,0.35,0.8,5.18, , , , , ,726.9,726.21,1300.0,1000.0, , , , , ,, , , 
10:08:25,-0.04,0.72,-0.24,0.61,0.43,-0.1,0.7,1.54,0.21,0.83,5.08, , , , , ,726.89,726.38,100.0,100.0, , , , , ,, , , 
10:08:28,0.01,0.82,-0.1,0.68,-0.05,-0.12,0.94,1.14,0.24,0.83,4.49, , , , , ,727.0,726.99,410.0,100.0, , , , , ,, , , 
10:08:31,0.12,0.78,0.05,0.68,0.58,0.08,0.84,1.83,0.23,0.83,5.04, , , , , ,726.89,726.21,400.0,800.0, , , , , ,, , , 
10:08:34,0.16,0.73,0.06,0.65,0.14,0.08,0.79,1.46,0.36,0.75,4.5, , , , , ,726.89,726.88,300.0,1400.0, , , , , ,, , , 
10:08:37,-0.0,0.65,-0.28,0.4,0.17,-0.09,0.82,1.5,0.36,0.72,4.48, , , , , ,726.89,726.88,100.0,1400.0, , , , , ,, , , 
10:08:37, , , , ,0.19, , ,1.56, , ,4.55, , , , , ,726.89,726.88,100.0,1400.0, , ,1, , ,, , , 
10:08:43,0.18,0.74,-0.04,0.44,0.23,0.16,0.97,1.7,0.43,0.82,4.62, , , , , ,726.89,726.88,100.0,800.0, , , , , ,, , , 
10:08:46,0.2,0.68,-0.17,0.45,0.28,0.18,0.87,1.89,0.57,0.73,4.64, , , , , ,726.89,726.88,200.0,900.0, , , , , ,, , , 
10:08:49,0.17,0.64,-0.13,0.3,0.31,0.13,0.9,2.13,0.5,0.72,4.56, , , , , ,726.89,726.88,100.0,800.0, , , , , ,, , , 
10:08:52,0.13,0.63,-0.1,0.4,0.34,-0.0,0.76,2.38,0.48,0.73,4.47, , , , , ,726.89,726.88,100.0,700.0, , , , , ,, , , 
