,tick_time,bid,ask,bid 20,ask 20,la 20,bid 40,ask 40,la 40,bid 100,ask 100,la 100,order,price,avePrice,trans,net,askp0,bidp0,askv0,bidv0,profit,profit_rate,is_mocked,order_time,exchange_time,orderSide,new_order_status,reason
0,2018-05-07 09:30:16, , , , ,3.76, , ,-0.46, , ,-1.69, , , , , ,661.98,660.01,100.0,300.0, , , , , ,, , 
1,2018-05-07 09:30:19, , , , ,3.84, , ,-0.08, , ,-1.57, , , , , ,661.69,660.02,100.0,500.0, , , , , ,, , 
2,2018-05-07 09:30:22, , , , ,1.33, , ,-2.17, , ,-4.05, , , , , ,662.87,662.0,1400.0,798.0, , , , , ,, , 
3,2018-05-07 09:30:25, , , , ,0.8, , ,-2.23, , ,-4.48, , , , , ,662.87,662.43,1200.0,400.0, , , , , ,, , 
4,2018-05-07 09:30:28, , , , ,0.41, , ,-2.4, , ,-4.6, , , , , ,662.87,662.43,1000.0,700.0, , , , , ,, , 
5,2018-05-07 09:30:31, , , , ,-0.12, , ,-2.58, , ,-4.89, , , , , ,662.88,662.65,500.0,400.0, , , , , ,, , 
6,2018-05-07 09:30:34, , , , ,-0.38, , ,-2.58, , ,-5.0, , , , , ,662.88,662.65,400.0,700.0, , , , , ,, , 
7,2018-05-07 09:30:37, , , , ,-0.81, , ,-3.09, , ,-5.34, , , , , ,663.0,662.87,2400.0,700.0, , , , , ,, , 
8,2018-05-07 09:30:40, , , , ,-0.99, , ,-2.83, , ,-5.79, , , , , ,663.0,662.89,1400.0,100.0, , , , , ,, , 
9,2018-05-07 09:30:43, , , , ,-1.52, , ,-2.74, , ,-6.13, , , , , ,663.0,662.89,400.0,87.0, , , , , ,, , 
10,2018-05-07 09:30:46, , , , ,-2.06, , ,-2.79, , ,-6.41, , , , , ,663.05,662.87,300.0,2300.0, , , , , ,, , 
11,2018-05-07 09:30:49, , , , ,-2.75, , ,-2.79, , ,-7.01, , , , , ,663.33,663.05,3900.0,400.0, , , , , ,, , 
12,2018-05-07 09:30:52, , , , ,-3.13, , ,-2.79, , ,-7.22, , , , , ,663.33,663.05,3500.0,400.0, , , , , ,, , 
13,2018-05-07 09:30:55, , , , ,-2.96, , ,-2.76, , ,-7.38, , , , , ,663.28,663.06,100.0,200.0, , , , , ,, , 
14,2018-05-07 09:30:58, , , , ,-2.85, , ,-2.7, , ,-7.69, , , , , ,663.33,663.06,1200.0,600.0, , , , , ,, , 
15,2018-05-07 09:31:01, , , , ,-2.88, , ,-2.68, , ,-7.97, , , , , ,663.32,663.06,300.0,200.0, , , , , ,, , 
16,2018-05-07 09:31:04, , , , ,-3.73, , ,-3.27, , ,-8.69, , , , , ,663.82,663.5,400.0,100.0, , , , , ,, , 
17,2018-05-07 09:31:07, , , , ,-4.05, , ,-3.1, , ,-8.75, , , , , ,663.82,663.51,100.0,100.0, , , , , ,, , 
18,2018-05-07 09:31:10, , , , ,-4.36, , ,-3.06, , ,-8.8, , , , , ,663.82,663.51,200.0,100.0, , , , , ,, , 
19,2018-05-07 09:31:13, , , , ,-4.29, , ,-2.62, , ,-8.42, , , , , ,663.5,663.33,400.0,100.0, , , , , ,, , 
20,2018-05-07 09:31:16,0.07,1.31,-0.46,0.99,-4.12,0.34,1.36,-2.77,0.33,1.57,-8.33, , , , , ,663.49,663.35,700.0,100.0, , , , , ,, , 
21,2018-05-07 09:31:19,-0.64,0.49,-1.69,-0.03,-3.94,-0.03,0.68,-2.85,-0.21,0.81,-8.17, , , , , ,663.49,663.35,1800.0,300.0, , , , , ,, , 
22,2018-05-07 09:31:22,-1.27,-0.35,-2.21,-0.91,-3.51,-0.72,-0.37,-2.66,-0.88,0.22,-7.85, , , , , ,663.35,663.3,100.0,200.0, , , , , ,, , 
23,2018-05-07 09:31:25,-1.92,-0.39,-2.35,-0.73,-2.89,-1.74,-0.5,-2.27,-1.68,0.06,-7.37, , , , , ,663.3,662.88,600.0,400.0, , , , , ,, , 
24,2018-05-07 09:31:28,-1.86,-0.61,-2.37,-1.11,-2.74,-1.85,-0.33,-1.77,-1.37,-0.38,-7.04, , , , , ,662.88,662.87,200.0,200.0, , , , , ,, , 
25,2018-05-07 09:31:31,-2.01,-0.46,-2.13,-0.85,-2.03,-2.2,0.04,-1.03,-1.71,-0.58,-6.36, , , , , ,662.8,662.0,900.0,200.0, , , , , ,, , 
26,2018-05-07 09:31:34,-1.81,-0.42,-2.13,-0.91,-2.02,-2.11,0.05,-1.07,-1.18,-0.41,-6.4, , , , , ,662.79,662.0,100.0,300.0, , , , , ,, , 
27,2018-05-07 09:31:37,-1.79,-0.17,-1.98,-0.3,-2.27,-1.99,-0.05,-1.01,-1.4,-0.15,-6.31, , , , , ,662.78,662.0,1800.0,400.0, , , , , ,, , 
28,2018-05-07 09:31:40,-1.72,-0.04,-1.92,-0.06,-1.99,-2.0,-0.0,-1.07,-1.25,-0.07,-6.36, , , , , ,662.78,661.99,2900.0,1000.0, , , , , ,, , 
29,2018-05-07 09:31:43,-1.75,-0.22,-1.69,-0.28,-1.29,-1.98,-0.27,-0.38,-1.56,-0.1,-5.56, , , , , ,661.99,661.98,2400.0,100.0, , , , , ,, , 
30,2018-05-07 09:31:46,-1.25,0.34,-1.32,0.77,0.17,-1.5,0.18,1.22,-0.93,0.07,-3.9, , , , , ,661.99,660.01,2315.0,300.0, , , , , ,, , 
31,2018-05-07 09:31:49,-1.25,0.68,-1.13,1.29,0.52,-1.12,0.44,1.18,-1.5,0.31,-3.83, , , , , ,661.99,660.0,2215.0,4300.0, , , , , ,, , 
32,2018-05-07 09:31:52,-1.58,0.37,-1.32,0.47,-0.23,-1.74,0.2,0.52,-1.67,0.43,-4.33, , , , , ,661.98,661.0,700.0,300.0, , , , , ,, , 
33,2018-05-07 09:31:55,-1.15,0.98,-0.52,1.83,0.59,-1.03,0.81,1.3,-1.91,0.31,-3.46, , , , , ,661.8,660.1,200.0,5378.0, , , , , ,, , 
34,2018-05-07 09:31:58,-0.67,0.88,-0.26,1.51,0.01,-0.28,0.74,0.73,-1.48,0.39,-4.08, , , , , ,661.8,661.0,2700.0,100.0, , , , , ,, , 
35,2018-05-07 09:32:01,-1.14,0.77,-0.59,1.37,0.03,-0.74,0.53,0.92,-2.1,0.43,-4.03, , , , , ,661.79,661.0,100.0,200.0, , , , , ,, , 
36,2018-05-07 09:32:04,-1.05,0.48,-0.46,0.83,0.16,-0.9,0.36,1.14,-1.79,0.26,-3.98, , , , , ,661.79,661.0,2200.0,100.0, , , , , ,, , 
37,2018-05-07 09:32:07,-0.53,0.89,0.62,1.55,1.6,-0.4,1.03,2.51,-1.81,0.09,-2.63, , , , , ,661.0,660.1,100.0,5178.0, , , , , ,, , 
38,2018-05-07 09:32:10,-0.1,0.79,0.4,1.52,1.6,0.09,0.61,2.23,-0.79,0.23,-2.59, , , , , ,661.0,660.15,2600.0,1100.0, , , , , ,, , 
39,2018-05-07 09:32:13,-0.46,0.75,0.13,1.34,1.67,-0.23,0.62,1.99,-1.29,0.29,-2.52, , , , , ,661.0,660.15,2000.0,700.0, , , , , ,, , 
40,2018-05-07 09:32:16,-0.01,0.89,0.41,1.44,1.52,0.34,0.77,1.6,-0.78,0.46,-2.38, , , , , ,661.0,660.16,1700.0,800.0, , , , , ,, , 
41,2018-05-07 09:32:19,-0.02,1.09,0.29,1.83,0.76,0.56,1.05,0.68,-0.91,0.41,-2.9, , , , , ,661.05,661.0,1000.0,3800.0, , , , , ,, , 
42,2018-05-07 09:32:22,0.11,1.21,0.34,1.75,0.81,0.53,1.23,0.43,-0.54,0.66,-2.67, , , , , ,661.05,661.0,100.0,4200.0, , , , , ,, , 
43,2018-05-07 09:32:25,-0.06,1.26,0.52,1.59,0.34,0.53,1.37,-0.33,-1.24,0.83,-2.84, , , , , ,661.7,661.02,1600.0,100.0, , , , , ,, , 
44,2018-05-07 09:32:28,-0.07,1.22,0.31,1.45,0.62,0.51,1.23,-0.36,-1.04,1.0,-2.45, , , , , ,661.55,661.02,1500.0,200.0, , , , , ,, , 
45,2018-05-07 09:32:31,0.47,1.52,0.8,1.85,1.75,1.1,1.66,0.54,-0.49,1.06,-1.12, , , , , ,661.02,660.1,100.0,3741.0, , , , , ,, , 
46,2018-05-07 09:32:34,0.34,1.25,0.49,1.47,1.02,0.84,1.32,-0.21,-0.31,0.95,-1.5, , , , , ,661.02,661.0,100.0,100.0, , , , , ,, , 
47,2018-05-07 09:32:37,-0.23,1.19,0.02,1.25,0.51,0.45,1.36,-0.91,-1.17,0.97,-1.82, , , , , ,661.55,661.22,900.0,100.0, , , , , ,, , 
48,2018-05-07 09:32:40,0.05,1.2,0.46,1.31,1.64,0.22,1.26,0.16,-0.52,1.03,-0.34, , , , , ,661.0,660.18,500.0,100.0, , , , , ,, , 
49,2018-05-07 09:32:43,-0.06,1.17,0.24,1.39,0.7,0.15,1.31,-1.0,-0.57,0.81,-1.04, , , , , ,661.5,661.05,1100.0,100.0, , , , , ,, , 
50,2018-05-07 09:32:46,-0.66,0.6,-0.48,0.75,0.81,-0.39,0.6,-1.18,-1.11,0.45,-0.7, , , , , ,661.5,661.05,900.0,100.0, , , , , ,, , 
51,2018-05-07 09:32:49,-0.75,0.79,-0.41,0.93,0.73,-0.17,1.0,-1.3,-1.68,0.45,-0.42, , , , , ,661.52,661.05,1900.0,300.0, , , , , ,, , 
52,2018-05-07 09:32:52,-0.48,0.71,-0.16,0.83,0.48,-0.17,0.74,-1.81,-1.12,0.55,-0.52, , , , , ,661.52,661.5,2700.0,300.0, , , , , ,, , 
53,2018-05-07 09:32:55,-0.59,0.68,-0.29,0.97,0.8,-0.4,0.69,-1.62,-1.1,0.39,0.01, , , , , ,661.5,661.06,100.0,200.0, , , , , ,, , 
54,2018-05-07 09:32:58,-0.56,0.6,-0.15,0.84,0.92,-0.61,0.53,-1.73,-0.91,0.42,0.01, , , , , ,661.5,661.06,1900.0,400.0, , , , , ,, , 
55,2018-05-07 09:33:01,-0.41,0.69,-0.19,0.77,0.7,-0.12,0.72,-2.25,-0.92,0.58,-0.36, , , , , ,661.57,661.52,1200.0,100.0, , , , , ,, , 
56,2018-05-07 09:33:04,-0.17,0.61,-0.03,0.76,0.91,0.02,0.54,-2.34,-0.48,0.52,-0.38, , , , , ,661.57,661.52,700.0,500.0, , , , , ,, , 
57,2018-05-07 09:33:07,0.28,0.72,0.13,0.79,0.91,0.51,0.92,-2.48,0.2,0.46,-0.32, , , , , ,661.7,661.52,700.0,300.0, , , , , ,, , 
58,2018-05-07 09:33:10,0.5,0.91,0.22,0.94,0.47,0.4,1.08,-2.72,0.89,0.71,-0.66, , , , , ,661.77,661.7,100.0,300.0, , , , , ,, , 
59,2018-05-07 09:33:13,-0.13,0.81,-0.17,0.69,0.39,0.13,0.91,-2.62,-0.34,0.84,-0.83, , , , , ,661.7,661.57,500.0,200.0, , , , , ,, , 
60,2018-05-07 09:33:16,0.03,0.71,0.13,0.59,-0.12,0.04,0.76,-2.77,-0.09,0.77,-1.09, , , , , ,661.86,661.57,200.0,1300.0, , , , , ,, , 
61,2018-05-07 09:33:19,-0.13,0.56,-0.28,0.51,0.33,-0.29,0.64,-2.17,0.17,0.54,-0.83, , , , , ,661.57,660.94,100.0,400.0, , , , , ,, , 
62,2018-05-07 09:33:22,-0.41,0.27,-0.7,0.37,-0.3,-0.91,-0.0,-2.66,0.39,0.43,-1.33, , , , , ,661.52,661.5,500.0,200.0, , , , , ,, , 
63,2018-05-07 09:33:25,-0.43,0.27,-0.51,0.25,-0.96,-0.78,0.18,-3.19,0.01,0.39,-1.8, , , , , ,661.86,661.7,200.0,100.0, , , , , ,, , 
64,2018-05-07 09:33:28,-0.34,0.4,-0.38,0.37,-1.1,-0.77,0.29,-3.29,0.12,0.54,-2.04, , , , , ,661.86,661.7,100.0,100.0, , , , , ,, , 
65,2018-05-07 09:33:31,-0.19,0.55,-0.1,0.6,-1.22,-0.83,0.52,-3.32,0.35,0.52,-2.08, , , , , ,661.86,661.58,100.0,100.0, , , , , ,, , 
66,2018-05-07 09:33:34,-0.15,0.54,-0.08,0.54,-1.08,-0.85,0.59,-3.23,0.49,0.5,-2.03, , , , , ,661.65,661.52,200.0,1400.0, , , , , ,, , 
67,2018-05-07 09:33:37,-0.24,0.55,-0.12,0.5,-1.31,-0.63,0.65,-3.41,0.02,0.48,-2.22, , , , , ,661.7,661.6,400.0,200.0, , , , , ,, , 
68,2018-05-07 09:33:40,0.15,0.53,-0.17,0.52,-1.85,0.24,0.65,-4.25,0.39,0.43,-2.66, , , , , ,661.98,661.86,200.0,200.0, , , , , ,, , 
69,2018-05-07 09:33:43,-0.2,0.33,-0.68,0.19,-1.4,-0.27,0.57,-4.02,0.34,0.22,-2.1, , , , , ,661.58,661.5,200.0,100.0, , , , , ,, , 
70,2018-05-07 09:33:46,-0.55,0.16,-0.74,0.14,-2.03,-0.93,0.13,-4.73,0.0,0.22,-2.62, , , , , ,661.98,661.7,300.0,600.0, , , , , ,, , 
71,2018-05-07 09:33:49,-0.63,0.15,-0.62,0.05,-2.28,-0.79,0.09,-5.12,-0.49,0.3,-2.83, , , , , ,661.98,661.88,700.0,1200.0, , , , , ,, , 
72,2018-05-07 09:33:52,-0.59,0.02,-0.61,-0.03,-2.2,-0.84,-0.13,-5.08,-0.32,0.22,-2.83, , , , , ,661.88,661.65,1500.0,100.0, , , , , ,, , 
73,2018-05-07 09:33:55,-0.53,0.31,-0.76,0.15,-2.39,-1.02,0.42,-5.31,0.19,0.37,-3.1, , , , , ,661.88,661.7,800.0,100.0, , , , , ,, , 
74,2018-05-07 09:33:58,-0.83,-0.19,-0.97,-0.26,-2.42,-1.78,-0.54,-5.5,0.26,0.22,-3.23, , , , , ,661.83,661.65,574.0,100.0, , , , , ,, , 
75,2018-05-07 09:34:01,-0.95,-0.16,-0.9,-0.19,-3.31,-1.72,-0.34,-6.57,-0.25,0.04,-4.2, , , , , ,662.5,662.0,600.0,20.0, , , , , ,, , 
76,2018-05-07 09:34:04,-0.37,0.15,-0.55,-0.04,-3.38,-0.94,0.16,-6.56,0.39,0.32,-4.21, , , , , ,662.5,661.98,600.0,120.0, , , , , ,, , 
77,2018-05-07 09:34:07,0.18,0.35,-0.3,0.2,-3.6,-0.68,0.5,-6.79,1.53,0.34,-4.27, , , , , ,662.7,662.0,4200.0,1100.0, , , , , ,, , 
78,2018-05-07 09:34:10,0.37,0.47,-0.12,0.4,-3.11,-0.73,0.62,-6.29,1.97,0.4,-3.59, , , , , ,662.0,661.98,2000.0,220.0, , , , , ,, , 
79,2018-05-07 09:34:13,-0.85,0.08,-0.95,0.0,-2.59,-1.5,-0.1,-5.72,-0.1,0.33,-2.9, , , , , ,661.65,661.58,1280.0,900.0, , , , , ,, , 
80,2018-05-07 09:34:16,-1.06,-0.47,-1.51,-0.44,-2.62,-1.36,-0.91,-5.62,-0.3,-0.05,-2.76, , , , , ,661.65,661.58,2280.0,1000.0, , , , , ,, , 
81,2018-05-07 09:34:19,-1.32,-0.5,-1.88,-0.41,-2.29,-2.09,-0.84,-5.04,0.0,-0.25,-2.38, , , , , ,661.65,661.01,2280.0,100.0, , , , , ,, , 
82,2018-05-07 09:34:22,-1.61,-0.77,-2.3,-0.78,-2.38,-2.39,-1.24,-4.86,-0.13,-0.3,-2.42,-500.0,661.01,661.01,-500.0,-500.0,661.64,661.01,100.0,381.0, , , ,2018-05-07 09:34:22.638000,2018-05-07 09:34:23.560000,, , 
83,2018-05-07 09:34:25,-2.1,-0.91,-2.52,-1.04,-1.96,-2.71,-1.42,-4.18,-1.06,-0.28,-1.94,-500.0,660.94,660.94,-500.0,-1000.0,661.0,660.94,4300.0,400.0, , , ,2018-05-07 09:34:25.622000,2018-05-07 09:34:26.582000,, , 
84,2018-05-07 09:34:28,-1.96,-1.09,-2.72,-1.84,-2.05,-2.5,-1.17,-4.16,-0.66,-0.25,-1.97,-500.0,660.91,660.91,-500.0,-1500.0,661.0,660.91,4600.0,100.0, , , ,2018-05-07 09:34:28.610000,2018-05-07 09:34:30.112000,, , 
85,2018-05-07 09:34:31,-2.04,-1.01,-2.88,-1.54,-2.17,-2.71,-1.26,-4.19,-0.54,-0.22,-1.97,-500.0,660.91,660.91,-492.0,-1992.0,661.0,660.91,7300.0,192.0, , , ,2018-05-07 09:34:31.648000,2018-05-07 09:34:34.934000,, , 
86,2018-05-07 09:34:34,-1.99,-1.08,-2.9,-1.69,-2.02,-2.41,-1.38,-3.98,-0.65,-0.17,-1.7, , , , , ,660.91,660.66,408.0,100.0, , , , , ,, , 
87,2018-05-07 09:34:37,-2.19,-0.99,-2.95,-1.37,-2.1,-2.71,-1.48,-3.9,-0.9,-0.1,-1.83,-500.0,660.66,660.66,-500.0,-2492.0,660.91,660.66,600.0,200.0, , , ,2018-05-07 09:34:37.587000,2018-05-07 09:34:39.182000,, , 
88,2018-05-07 09:34:40,-1.82,-0.7,-2.55,-1.22,-2.26,-2.33,-0.93,-3.68,-0.58,0.06,-1.69, , , , , ,660.61,660.6,300.0,100.0, , , , , ,, , 
89,2018-05-07 09:34:43,-1.13,-0.4,-2.03,-0.65,-2.61,-1.72,-0.77,-3.49,0.36,0.21,-1.82, , , , , ,660.61,660.6,800.0,100.0, , , , , ,, , 
90,2018-05-07 09:34:46,-0.76,-0.24,-1.63,-0.57,-2.66,-1.25,-0.58,-3.08,0.59,0.42,-1.85, , , , , ,660.6,660.32,200.0,1400.0, , , , , ,, , 
91,2018-05-07 09:34:49,-1.14,-0.44,-1.56,-0.83,-2.69,-1.53,-0.88,-2.79,-0.33,0.39,-1.73, , , , , ,660.32,660.3,100.0,900.0, , , , , ,, , 
92,2018-05-07 09:34:52,-1.12,-0.27,-1.6,-0.7,-2.89,-1.34,-0.7,-2.55,-0.43,0.58,-1.79, , , , , ,660.32,660.3,700.0,700.0, , , , , ,, , 
93,2018-05-07 09:34:55,-1.08,-0.14,-1.63,-0.84,-2.84,-1.29,-0.42,-2.26,-0.32,0.84,-1.38, , , , , ,660.31,660.0,300.0,16041.0, , , , , ,, , 
94,2018-05-07 09:34:58,-1.33,-0.31,-1.71,-1.15,-2.96,-1.51,-0.46,-2.05,-0.77,0.7,-0.9, , , , , ,660.1,660.0,2600.0,15041.0, , , , , ,, , 
95,2018-05-07 09:35:01,-2.2,-1.16,-2.49,-2.39,-3.23,-2.62,-1.13,-1.97,-1.5,0.05,-0.51, , , , , ,660.1,659.96,2959.0,100.0, , , , , ,, , 
96,2018-05-07 09:35:04,-2.36,-1.39,-2.53,-2.52,-3.16,-2.75,-1.39,-1.85,-1.8,-0.26,-0.02, , , , , ,660.0,659.96,5800.0,100.0, , , , , ,, , 
97,2018-05-07 09:35:07,-2.45,-1.58,-3.11,-2.7,-3.13,-2.62,-1.53,-1.69,-1.63,-0.5,0.37, , , , , ,659.95,659.9,291.0,800.0, , , , , ,, , 
98,2018-05-07 09:35:10,-2.42,-1.59,-3.14,-2.55,-3.17,-2.37,-1.58,-1.6,-1.76,-0.64,0.96, , , , , ,659.94,659.9,1300.0,200.0, , , , , ,, , 
99,2018-05-07 09:35:13,-2.49,-1.55,-3.05,-2.26,-3.16,-2.5,-1.6,-1.51,-1.92,-0.77,1.73, , , , , ,659.94,659.88,1600.0,100.0, , , , , ,, , 
100,2018-05-07 09:35:16,-2.38,-1.3,-2.87,-1.91,-2.96,-2.4,-1.31,-1.27,-1.88,-0.7,2.62, , , , , ,659.88,659.82,1300.0,1000.0, , , , , ,, , 
101,2018-05-07 09:35:19,-2.12,-1.35,-2.71,-1.94,-2.79,-1.98,-1.37,-1.12,-1.68,-0.74,3.43, , , , , ,659.87,659.82,400.0,600.0, , , , , ,, , 
102,2018-05-07 09:35:22,-1.95,-1.31,-2.23,-2.09,-2.33,-1.91,-1.19,-0.59,-1.7,-0.65,4.2, , , , , ,659.7,659.61,300.0,100.0, , , , , ,, , 
103,2018-05-07 09:35:25,-1.94,-1.44,-1.9,-2.26,-2.19,-2.2,-1.28,-0.26,-1.73,-0.79,4.54, , , , , ,659.7,659.6,1900.0,100.0, , , , , ,, , 
104,2018-05-07 09:35:28,-1.93,-1.37,-1.68,-2.28,-2.04,-2.28,-1.27,0.17,-1.83,-0.56,4.02, , , , , ,659.6,659.5,200.0,500.0, , , , , ,, , 
105,2018-05-07 09:35:31,-1.8,-1.05,-1.68,-1.88,-2.08,-2.03,-0.81,0.4,-1.68,-0.45,3.12, , , , , ,659.6,659.51,800.0,100.0, , , , , ,, , 
106,2018-05-07 09:35:34,-1.51,-0.66,-1.13,-1.41,-1.79,-1.87,-0.41,1.02,-1.54,-0.16,3.58, , , , , ,659.35,659.33,200.0,100.0, , , , , ,, , 
107,2018-05-07 09:35:37,-1.57,-0.69,-1.11,-1.65,-1.71,-2.05,-0.44,1.27,-1.57,0.02,3.66, , , , , ,659.35,659.33,600.0,200.0, , , , , ,, , 
108,2018-05-07 09:35:40,-1.84,-0.97,-1.57,-2.17,-1.76,-2.18,-0.63,1.56,-1.78,-0.12,4.59, , , , , ,659.34,659.33,100.0,100.0, , , , , ,, , 
109,2018-05-07 09:35:43,-1.65,-0.78,-1.4,-1.88,-0.18,-1.96,-0.51,3.29,-1.58,0.05,7.0, , , , , ,658.89,657.95,100.0,100.0, , , , , ,, , 
110,2018-05-07 09:35:46,-1.39,-0.36,-1.23,-1.05,0.01,-1.7,-0.22,3.63,-1.25,0.18,6.94, , , , , ,658.89,657.95,1400.0,1200.0, , , , , ,, , 
111,2018-05-07 09:35:49,-1.47,-0.37,-1.4,-0.71,-0.29,-1.86,-0.35,3.58,-1.17,-0.03,6.5, , , , , ,658.89,658.42,200.0,200.0, , , , , ,, , 
112,2018-05-07 09:35:52,-1.56,-0.36,-1.39,-0.97,-0.04,-2.07,-0.02,3.82,-1.22,-0.1,6.44, , , , , ,658.89,658.42,2800.0,300.0, , , , , ,, , 
113,2018-05-07 09:35:55,-1.13,-0.07,-1.24,-0.47,1.2,-1.39,0.17,5.18,-0.77,0.08,7.56, , , , , ,657.95,657.8,700.0,100.0, , , , , ,, , 
114,2018-05-07 09:35:58,-0.88,0.13,-1.11,-0.5,1.18,-0.99,0.59,5.1,-0.53,0.31,7.47, , , , , ,658.05,657.8,100.0,100.0, , , , , ,, , 
115,2018-05-07 09:36:01,-0.66,0.1,-0.29,-0.4,1.23,-1.28,0.54,5.14,-0.41,0.17,7.46, , , , , ,658.05,657.8,100.0,400.0, , , , , ,, , 
116,2018-05-07 09:36:04,-0.06,0.85,0.15,0.31,1.35,-0.68,1.06,5.21,0.36,1.2,7.54, , , , , ,658.0,657.74,100.0,400.0, , , , , ,, , 
117,2018-05-07 09:36:07,0.42,1.07,0.04,0.41,1.46,0.04,1.28,5.39,1.2,1.51,7.42,2500.0,657.77,657.77,400.0,-2092.0,657.95,657.75,300.0,200.0, , , ,2018-05-07 09:36:07.646000,2018-05-07 09:36:11.364000,, , 
118,2018-05-07 09:36:10,0.53,1.2,0.28,0.68,1.64,-0.02,1.41,5.34,1.35,1.5,7.57,2100.0,657.79,0.0,0.0,-2092.0,657.8,657.77,100.0,2300.0, , , ,2018-05-07 09:36:11.365000,2018-05-07 09:36:13.870000,, , 
119,2018-05-07 09:36:13,0.53,1.21,0.41,0.75,1.7,0.2,1.43,5.0,0.99,1.46,7.62,2100.0,657.8,657.8,1800.0,-292.0,657.8,657.79,100.0,2100.0, , , ,2018-05-07 09:36:13.871000,2018-05-07 09:36:17.384000,, , 
120,2018-05-07 09:36:16,0.55,1.32,0.56,0.8,1.73,0.13,1.41,4.73,0.95,1.74,7.57,300.0,657.82,0.0,0.0,-292.0,657.95,657.8,500.0,1400.0, , , ,2018-05-07 09:36:17.384000,2018-05-07 09:36:19.920000,, , 
121,2018-05-07 09:36:19,0.74,1.34,0.43,1.09,1.5,0.42,1.47,3.93,1.38,1.45,7.41,300.0,658.42,658.42,300.0,8.0,658.42,657.82,200.0,300.0,5818.81,3.53, ,2018-05-07 09:36:19.920000,2018-05-07 09:36:20.629000,, , 
122,2018-05-07 09:36:22,1.01,1.55,0.75,1.45,1.6,0.66,1.68,3.67,1.61,1.51,7.27,500.0,658.42,658.42,500.0,508.0,658.42,658.0,1500.0,6885.0, , , ,2018-05-07 09:36:22.625000,2018-05-07 09:36:23.163000,, , 
123,2018-05-07 09:36:25,0.93,1.48,0.77,1.45,1.85,0.82,1.53,3.54,1.21,1.45,7.19, , , , , ,658.42,658.1,400.0,1500.0, , , , , ,, , 
124,2018-05-07 09:36:28,0.67,1.44,0.68,1.38,2.17,0.46,1.53,3.33,0.85,1.42,7.22, , , , , ,658.47,658.0,100.0,4785.0, , , , , ,, , 
125,2018-05-07 09:36:31,0.54,1.21,0.45,1.18,2.58,0.36,1.37,3.37,0.8,1.07,7.42, , , , , ,658.25,658.0,100.0,961.0, , , , , ,, , 
126,2018-05-07 09:36:34,0.55,1.04,0.54,1.02,2.88,0.25,1.19,3.21,0.87,0.91,7.46, , , , , ,658.25,658.0,100.0,761.0, , , , , ,, , 
127,2018-05-07 09:36:37,0.53,1.06,0.64,1.09,3.12,0.18,1.19,3.11,0.76,0.88,7.45, , , , , ,658.25,658.01,2059.0,100.0, , , , , ,, , 
128,2018-05-07 09:36:40,0.48,1.09,0.58,1.1,2.92,0.01,1.06,2.6,0.84,1.11,6.94, , , , , ,658.9,658.0,200.0,302.0, , , , , ,, , 
129,2018-05-07 09:36:43,0.69,1.07,0.63,1.08,3.94,0.14,1.09,3.27,1.3,1.05,7.61, , , , , ,658.0,657.99,5198.0,100.0, , , , , ,, , 
130,2018-05-07 09:36:46,0.69,1.1,0.52,1.24,3.32,0.08,1.13,2.25,1.48,0.94,6.66, , , , , ,659.0,658.25,16397.0,835.0, , , , , ,, , 
131,2018-05-07 09:36:49,0.4,1.04,0.32,1.15,3.62,0.27,0.96,2.19,0.59,1.01,6.72, , , , , ,658.99,658.25,100.0,1000.0, , , , , ,, , 
132,2018-05-07 09:36:52,0.41,1.04,0.28,1.08,3.87,0.29,0.92,1.93,0.65,1.11,6.76, , , , , ,659.0,658.25,16497.0,1100.0, , , , , ,, , 
133,2018-05-07 09:36:55,0.33,0.8,0.04,0.94,4.0,0.15,0.81,1.65,0.79,0.63,6.8, , , , , ,658.99,658.3,100.0,100.0, , , , , ,, , 
134,2018-05-07 09:36:58,-0.09,0.55,-0.31,0.71,3.83,-0.27,0.69,1.28,0.31,0.25,6.67, , , , , ,658.89,658.62,100.0,200.0, , , , , ,, , 
135,2018-05-07 09:37:01,-0.45,0.35,-0.51,0.7,3.87,-0.5,0.47,1.07,-0.35,-0.11,6.71, , , , , ,658.89,658.63,1000.0,300.0, , , , , ,, , 
136,2018-05-07 09:37:04,-0.24,0.41,-0.21,0.57,3.86,-0.39,0.5,1.05,-0.12,0.17,6.78, , , , , ,658.89,658.63,100.0,600.0, , , , , ,, , 
137,2018-05-07 09:37:07,0.14,0.44,-0.16,0.63,3.99,-0.17,0.55,1.14,0.75,0.13,6.8, , , , , ,658.91,658.63,1600.0,200.0, , , , , ,, , 
138,2018-05-07 09:37:10,0.34,0.46,-0.01,0.62,3.55,-0.08,0.53,0.99,1.12,0.25,6.55, , , , , ,658.98,658.93,500.0,500.0, , , , , ,, , 
139,2018-05-07 09:37:13,0.18,0.69,-0.06,0.7,3.24,-0.07,0.77,1.13,0.66,0.6,6.58, , , , , ,658.98,658.93,100.0,100.0, , , , , ,, , 
140,2018-05-07 09:37:16,0.32,0.65,-0.07,0.51,3.08,0.17,0.54,1.25,0.84,0.91,6.58, , , , , ,659.0,658.93,14997.0,200.0, , , , , ,, , 
141,2018-05-07 09:37:19,1.25,1.26,0.19,1.05,2.34,0.84,1.23,0.9,2.73,1.49,6.46,500.0,659.33,659.33,500.0,1008.0,659.33,659.0,100.0,2200.0, , , ,2018-05-07 09:37:19.615000,2018-05-07 09:37:21.098000,, , 
142,2018-05-07 09:37:22,1.33,1.42,0.1,0.95,1.96,0.82,1.23,0.58,3.05,2.07,6.38,500.0,659.34,659.34,200.0,1208.0,659.34,659.33,100.0,300.0, , , ,2018-05-07 09:37:22.622000,2018-05-07 09:37:26.228000,, , 
143,2018-05-07 09:37:25,1.21,1.46,0.05,0.93,1.54,1.05,1.44,0.16,2.52,2.02,6.36, , , , , ,659.82,659.34,400.0,1000.0, , , , , ,, , 
144,2018-05-07 09:37:28,1.34,1.4,-0.05,0.86,0.89,1.41,1.13,-0.29,2.66,2.2,6.39,500.0,659.87,659.87,300.0,1508.0,659.87,659.82,400.0,600.0, , , ,2018-05-07 09:37:28.671000,2018-05-07 09:37:32.255000,, , 
145,2018-05-07 09:37:31,1.65,1.62,0.21,1.39,0.67,1.56,1.43,-0.37,3.16,2.02,6.62, , , , , ,659.93,659.87,200.0,1200.0, , , , , ,, , 
146,2018-05-07 09:37:34,1.5,1.7,0.37,1.34,0.42,0.99,1.35,-0.46,3.15,2.41,6.83,500.0,660.0,0.0,0.0,1508.0,660.0,659.93,100.0,3700.0, , , ,2018-05-07 09:37:34.657000,2018-05-07 09:37:38.291000,, , 
147,2018-05-07 09:37:37,1.15,1.61,0.26,1.18,-0.27,0.74,1.41,-1.17,2.47,2.24,6.44, , , , , ,660.4,660.3,500.0,100.0, , , , , ,, , 
148,2018-05-07 09:37:40,1.08,1.4,0.31,0.79,-0.51,0.49,1.01,-1.54,2.43,2.41,6.11, , , , , ,660.6,660.4,100.0,500.0, , , , , ,, , 
149,2018-05-07 09:37:43,1.19,1.33,0.4,0.92,-0.76,0.16,1.05,-1.89,3.0,2.02,6.05, , , , , ,660.7,660.6,400.0,200.0, , , , , ,, , 
150,2018-05-07 09:37:46,0.88,0.94,0.16,0.44,-1.13,-0.22,0.72,-2.44,2.69,1.64,5.89, , , , , ,661.0,660.7,200.0,1400.0, , , , , ,, , 
151,2018-05-07 09:37:49,0.42,0.79,-0.31,0.36,-1.8,-0.58,0.54,-3.14,2.16,1.45,5.41, , , , , ,661.5,661.0,1500.0,700.0, , , , , ,, , 
152,2018-05-07 09:37:52,0.73,0.61,-0.35,0.02,-2.1,0.47,0.39,-3.27,2.07,1.43,5.82, , , , , ,661.5,661.08,1100.0,100.0, , , , , ,, , 
153,2018-05-07 09:37:55,0.94,0.78,-0.48,0.47,-2.35,0.38,0.44,-3.09,2.92,1.42,6.02, , , , , ,661.5,661.08,600.0,300.0, , , , , ,, , 
154,2018-05-07 09:37:58,0.63,0.93,-0.52,0.31,-2.56,-0.03,0.7,-2.78,2.44,1.78,6.25, , , , , ,661.5,661.09,300.0,200.0, , , , , ,, , 
155,2018-05-07 09:38:01,0.45,0.57,-0.61,0.07,-2.69,-0.17,0.27,-2.35,2.14,1.38,6.62, , , , , ,661.5,661.0,200.0,1600.0, , , , , ,, , 
156,2018-05-07 09:38:04,0.43,0.54,-0.71,0.03,-2.94,0.2,0.28,-2.15,1.78,1.32,6.3, , , , , ,661.5,661.29,200.0,200.0, , , , , ,, , 
157,2018-05-07 09:38:07,0.18,0.26,-0.81,0.09,-2.61,-0.17,0.02,-1.64,1.54,0.66,6.59, , , , , ,661.5,661.0,300.0,800.0, , , , , ,, , 
158,2018-05-07 09:38:10,-0.31,0.17,-1.19,-0.08,-3.15,-0.75,0.05,-1.72,1.02,0.54,5.83, , , , , ,661.89,661.5,2000.0,600.0, , , , , ,, , 
159,2018-05-07 09:38:13,-0.35,0.17,-0.96,-0.11,-1.75,-0.79,0.1,0.3,0.7,0.53,7.17, , , , , ,661.0,660.7,400.0,900.0, , , , , ,, , 
160,2018-05-07 09:38:16,-0.41,0.37,-1.01,0.18,-1.17,-0.58,0.19,1.55,0.37,0.73,7.87, , , , , ,660.7,660.41,868.0,100.0, , , , , ,, , 
161,2018-05-07 09:38:19,-0.56,0.09,-1.24,-0.07,-1.68,-0.69,-0.12,1.89,0.25,0.47,7.5, , , , , ,661.0,660.72,2300.0,100.0, , , , , ,, , 
162,2018-05-07 09:38:22,-0.98,-0.51,-1.82,-0.8,-1.27,-0.99,-0.6,2.83,-0.12,-0.15,8.14,-1500.0,660.68,660.68,-100.0,1408.0,660.7,660.41,200.0,32.0, , , ,2018-05-07 09:38:22.670000,2018-05-07 09:38:26.501000,, , 
163,2018-05-07 09:38:25,-0.83,-0.25,-1.56,-0.64,-1.29,-0.84,-0.16,3.18,-0.1,0.05,8.34, , , , , ,660.68,660.41,1500.0,432.0, , , , , ,, , 
164,2018-05-07 09:38:28,-0.86,-0.24,-1.47,-0.66,-1.14,-0.83,-0.19,2.72,-0.28,0.14,8.72, , , , , ,660.41,660.4,68.0,100.0, , , , , ,, , 
165,2018-05-07 09:38:31,-0.96,-0.44,-1.5,-0.76,-0.83,-0.99,-0.46,2.14,-0.39,-0.09,9.2, , , , , ,660.41,660.0,1300.0,500.0, , , , , ,, , 
166,2018-05-07 09:38:34,-0.9,-0.22,-1.32,-0.5,-0.82,-1.05,-0.12,2.26,-0.35,-0.04,9.33, , , , , ,660.41,660.0,1500.0,700.0, , , , , ,, , 
167,2018-05-07 09:38:37,-0.74,-0.11,-1.12,-0.4,-0.88,-0.92,0.03,2.42,-0.18,0.04,9.34, , , , , ,660.3,660.0,291.0,800.0, , , , , ,, , 
168,2018-05-07 09:38:40,-0.67,0.07,-1.07,-0.31,-1.0,-0.81,0.19,3.35,-0.14,0.33,9.29, , , , , ,660.3,660.0,1891.0,300.0, , , , , ,, , 
169,2018-05-07 09:38:43,-0.59,-0.04,-0.88,-0.46,-1.14,-0.86,0.04,4.37,-0.01,0.3,9.57, , , , , ,660.3,660.0,1791.0,500.0, , , , , ,, , 
170,2018-05-07 09:38:46,-0.83,-0.05,-0.99,-0.56,-1.38,-1.07,0.14,4.29,-0.43,0.27,9.75, , , , , ,660.3,660.0,1791.0,300.0, , , , , ,, , 
171,2018-05-07 09:38:49,-0.8,-0.09,-0.92,-0.47,-1.21,-0.87,0.04,4.5,-0.61,0.18,10.15, , , , , ,660.0,659.93,100.0,500.0, , , , , ,, , 
172,2018-05-07 09:38:52,-0.72,-0.03,-0.84,-0.52,-1.27,-0.63,0.2,4.43,-0.68,0.22,10.32, , , , , ,660.0,659.94,4500.0,100.0, , , , , ,, , 
173,2018-05-07 09:38:55,-0.94,0.09,-1.08,-0.16,-0.39,-0.82,0.19,5.08,-0.91,0.22,10.89, , , , , ,660.0,659.0,4500.0,1300.0, , , , , ,, , 
174,2018-05-07 09:38:58,-1.03,0.0,-1.07,-0.21,-0.05,-0.93,0.15,5.06,-1.08,0.07,10.89, , , , , ,660.0,659.0,5300.0,1500.0, , , , , ,, , 
175,2018-05-07 09:39:01,-0.88,-0.01,-1.1,-0.18,0.4,-0.59,0.04,5.16,-0.94,0.11,11.1, , , , , ,659.87,659.0,300.0,1300.0, , , , , ,, , 
176,2018-05-07 09:39:04,-0.86,0.07,-1.09,-0.19,0.81,-0.53,0.31,5.14,-0.95,0.1,11.14, , , , , ,659.87,659.0,1200.0,1000.0, , , , , ,, , 
177,2018-05-07 09:39:07,-0.69,0.15,-0.98,-0.09,1.11,-0.43,0.39,4.99,-0.65,0.16,11.18, , , , , ,659.87,659.0,1200.0,1100.0, , , , , ,, , 
178,2018-05-07 09:39:10,-0.43,0.35,-0.65,0.04,1.17,-0.34,0.77,4.52,-0.3,0.24,10.64, , , , , ,659.87,659.7,1100.0,3500.0, , , , , ,, , 
179,2018-05-07 09:39:13,-0.05,0.47,-0.61,0.18,1.92,0.32,0.65,4.58,0.15,0.57,10.54, , , , , ,659.87,659.7,1400.0,2400.0, , , , , ,, , 
180,2018-05-07 09:39:16,-0.13,0.67,-0.62,0.16,2.72,-0.03,0.93,4.66,0.27,0.91,10.25, , , , , ,659.87,659.7,1300.0,2500.0, , , , , ,, , 
181,2018-05-07 09:39:19,0.13,0.75,-0.45,0.45,3.51,0.36,0.86,4.86,0.47,0.94,10.13, , , , , ,659.87,659.71,1900.0,400.0, , , , , ,, , 
182,2018-05-07 09:39:22,-0.15,0.63,-0.37,0.3,4.2,-0.17,0.74,5.06,0.09,0.85,10.26, , , , , ,659.7,659.61,509.0,100.0, , , , , ,, , 
183,2018-05-07 09:39:25,-0.34,0.56,-0.44,0.17,4.53,-0.23,0.59,5.06,-0.36,0.91,10.38, , , , , ,659.7,659.61,1909.0,200.0, , , , , ,, , 
184,2018-05-07 09:39:28,-0.42,0.46,-0.49,0.08,3.86,-0.28,0.59,5.06,-0.5,0.71,10.65, , , , , ,659.7,659.61,1609.0,51.0, , , , , ,, , 
185,2018-05-07 09:39:31,-0.87,0.33,-0.93,0.11,2.97,-0.6,0.29,5.08,-1.07,0.59,10.78, , , , , ,659.7,659.61,1709.0,51.0, , , , , ,, , 
186,2018-05-07 09:39:34,-0.71,0.33,-0.69,0.17,3.1,-0.29,0.42,5.12,-1.15,0.38,10.9, , , , , ,659.7,659.61,809.0,151.0, , , , , ,, , 
187,2018-05-07 09:39:37,-0.37,0.58,-0.47,0.21,3.14,0.06,0.55,5.08,-0.69,0.97,10.88, , , , , ,659.7,659.65,1458.0,100.0, , , , , ,, , 
188,2018-05-07 09:39:40,-0.55,0.52,-0.7,0.36,4.63,-0.21,0.71,5.63,-0.74,0.5,11.47, , , , , ,659.61,659.0,900.0,600.0, , , , , ,, , 
189,2018-05-07 09:39:43,-0.31,0.45,-0.61,0.33,5.65,-0.09,0.58,5.61,-0.23,0.44,11.46, , , , , ,659.61,659.0,3900.0,700.0, , , , , ,, , 
190,2018-05-07 09:39:46,-0.54,0.21,-0.76,0.14,5.58,-0.49,0.24,5.62,-0.35,0.25,11.54, , , , , ,659.61,659.01,3400.0,100.0, , , , , ,, , 
191,2018-05-07 09:39:49,-0.42,0.32,-0.61,0.2,5.92,-0.35,0.38,6.08,-0.3,0.37,12.06, , , , , ,659.05,659.02,100.0,200.0, , , , , ,, , 
192,2018-05-07 09:39:52,-0.33,0.45,-0.43,0.13,5.85,-0.34,0.61,6.13,-0.22,0.61,12.12, , , , , ,659.05,659.02,1000.0,800.0, , , , , ,, , 
193,2018-05-07 09:39:55,0.23,1.06,0.27,1.02,5.64,0.47,1.05,6.06,-0.06,1.11,11.96, , , , , ,659.15,659.11,200.0,23400.0, , , , , ,, , 
194,2018-05-07 09:39:58,0.46,1.36,0.41,1.13,4.63,0.95,1.5,5.11,0.02,1.45,11.12, , , , , ,659.86,659.7,100.0,1700.0, , , , , ,, , 
195,2018-05-07 09:40:01,0.65,1.65,0.42,1.24,4.45,1.26,1.75,4.97,0.27,1.97,11.12, , , , , ,659.94,659.86,100.0,100.0, , , , , ,, , 
196,2018-05-07 09:40:04,0.8,1.75,0.46,1.43,4.33,1.35,1.84,4.93,0.58,1.98,11.23,500.0,660.0,660.0,500.0,1908.0,660.0,659.94,3900.0,100.0, , , ,2018-05-07 09:40:04.696000,2018-05-07 09:40:05.176000,, , 
197,2018-05-07 09:40:07,1.06,1.94,0.72,1.64,3.8,1.49,2.08,4.59,0.99,2.1,11.12,500.0,660.3,660.3,400.0,2308.0,660.3,660.14,400.0,100.0, , , ,2018-05-07 09:40:07.671000,2018-05-07 09:40:10.923000,, , 
198,2018-05-07 09:40:10,0.98,1.94,0.74,1.7,3.3,1.24,1.98,4.07,0.94,2.15,10.5, , , , , ,660.67,660.5,100.0,300.0, , , , , ,, , 
199,2018-05-07 09:40:13,0.69,1.77,0.22,0.98,2.06,1.02,1.72,2.79,0.82,2.62,9.07, , , , , ,661.89,661.0,1700.0,400.0, , , , , ,, , 
200,2018-05-07 09:40:16,0.41,1.41,-0.25,0.51,1.39,0.73,1.28,2.05,0.74,2.44,8.18, , , , , ,662.0,661.89,600.0,2200.0, , , , , ,, , 
201,2018-05-07 09:40:19,0.53,1.39,0.11,0.62,0.98,0.65,1.13,1.62,0.82,2.43,7.35, , , , , ,662.69,662.0,100.0,1900.0, , , , , ,, , 
202,2018-05-07 09:40:22,0.3,0.87,-0.31,0.09,0.46,-0.09,0.37,1.27,1.31,2.16,6.62, , , , , ,662.7,662.69,4200.0,100.0, , , , , ,, , 
203,2018-05-07 09:40:25,-0.0,1.35,-0.85,0.62,0.46,-0.28,0.59,1.63,1.12,2.84,6.49, , , , , ,662.7,662.69,800.0,200.0, , , , , ,, , 
204,2018-05-07 09:40:28,-0.31,1.25,-0.41,0.58,0.23,-0.76,0.65,1.85,0.23,2.51,6.12, , , , , ,662.98,662.7,100.0,300.0, , , , , ,, , 
205,2018-05-07 09:40:31,0.42,2.22,0.86,1.82,3.69,-0.13,1.77,5.58,0.54,3.08,9.41, , , , , ,661.0,660.15,600.0,52.0, , , , , ,, , 
206,2018-05-07 09:40:34,0.5,3.08,0.53,3.1,4.06,0.27,2.73,6.25,0.69,3.42,9.64, , , , , ,660.5,660.2,3700.0,900.0, , , , , ,, , 
207,2018-05-07 09:40:37,-1.01,2.0,-1.71,1.72,0.0,-0.84,1.61,2.37,-0.49,2.65,5.21, , , , , ,663.06,663.0,100.0,300.0, , , , , ,, , 
208,2018-05-07 09:40:40,-1.37,0.24,-1.59,-0.17,-0.02,-1.64,-0.16,2.27,-0.89,1.06,4.83, , , , , ,663.06,663.01,1900.0,100.0, , , , , ,, , 
209,2018-05-07 09:40:43,-0.98,0.31,-0.89,-0.16,-0.04,-1.26,0.18,2.44,-0.78,0.91,4.42, , , , , ,663.06,663.0,900.0,1394.0, , , , , ,, , 
210,2018-05-07 09:40:46,-1.3,0.02,-1.79,-0.02,-0.03,-1.33,-0.34,2.58,-0.8,0.42,3.99, , , , , ,663.06,663.0,1000.0,1494.0, , , , , ,, , 
211,2018-05-07 09:40:49,-1.56,-0.33,-1.86,-0.43,0.29,-1.67,-0.65,2.98,-1.15,0.09,4.05, , , , , ,663.0,662.7,2306.0,500.0, , , , , ,, , 
212,2018-05-07 09:40:52,-1.23,0.11,-1.29,-0.1,0.35,-1.26,0.17,3.46,-1.14,0.24,3.89, , , , , ,663.0,662.69,2006.0,300.0, , , , , ,, , 
213,2018-05-07 09:40:55,-0.68,0.51,-0.84,0.18,0.43,-0.94,0.78,3.66,-0.28,0.59,3.88, , , , , ,663.0,662.69,1906.0,300.0, , , , , ,, , 
214,2018-05-07 09:40:58,-0.78,0.05,-1.15,0.03,0.45,-1.09,-0.21,3.9,-0.1,0.32,3.87, , , , , ,663.0,662.7,1706.0,100.0, , , , , ,, , 
215,2018-05-07 09:41:01,-0.72,0.19,-0.93,0.14,0.54,-0.97,-0.05,4.24,-0.27,0.49,3.92, , , , , ,662.95,662.69,100.0,600.0, , , , , ,, , 
216,2018-05-07 09:41:04,-0.64,0.25,-0.91,-0.01,0.61,-0.87,0.15,4.13,-0.16,0.62,3.91, , , , , ,662.95,662.69,100.0,500.0, , , , , ,, , 
217,2018-05-07 09:41:07,-0.32,0.45,-0.38,0.1,0.65,-0.74,0.48,4.21,0.17,0.79,3.91, , , , , ,662.95,662.69,196.0,600.0, , , , , ,, , 
218,2018-05-07 09:41:10,-0.38,0.31,-0.6,0.19,1.24,-0.65,0.25,4.69,0.11,0.49,4.49, , , , , ,662.9,662.0,200.0,100.0, , , , , ,, , 
219,2018-05-07 09:41:13,-0.59,0.47,-0.84,0.22,0.46,-0.73,0.48,3.93,-0.21,0.71,3.71, , , , , ,663.01,662.95,102.0,100.0, , , , , ,, , 
220,2018-05-07 09:41:16,-0.25,0.6,-0.41,0.16,0.48,-0.7,0.46,4.19,0.34,1.18,3.71, , , , , ,663.01,662.95,100.0,400.0, , , , , ,, , 
221,2018-05-07 09:41:19,-0.0,0.85,-0.17,0.25,0.6,-0.63,0.91,4.21,0.79,1.37,3.66, , , , , ,663.05,663.0,100.0,100.0, , , , , ,, , 
222,2018-05-07 09:41:22,0.05,0.67,-0.38,0.22,0.82,-0.27,0.74,4.43,0.79,1.04,3.67, , , , , ,663.05,662.95,100.0,500.0, , , , , ,, , 
223,2018-05-07 09:41:25,0.01,0.64,-0.53,0.16,1.21,-0.23,0.53,4.63,0.78,1.22,3.7, , , , , ,663.0,662.95,200.0,700.0, , , , , ,, , 
224,2018-05-07 09:41:28,0.1,0.71,-0.37,0.14,1.65,-0.35,0.63,4.81,1.01,1.36,3.79, , , , , ,663.0,662.95,100.0,300.0, , , , , ,, , 
225,2018-05-07 09:41:31,0.24,0.82,-0.19,0.19,1.88,-0.25,0.82,4.91,1.15,1.44,3.87, , , , , ,663.04,663.0,100.0,4100.0, , , , , ,, , 
226,2018-05-07 09:41:34,0.44,0.71,-0.22,0.18,2.14,0.05,0.8,5.0,1.48,1.16,3.95, , , , , ,663.06,663.05,100.0,1000.0, , , , , ,, , 
227,2018-05-07 09:41:37,0.24,0.79,-0.28,0.09,2.3,-0.28,0.8,4.88,1.29,1.48,4.1, , , , , ,663.1,663.05,200.0,900.0, , , , , ,, , 
228,2018-05-07 09:41:40,-0.15,0.57,-0.6,-0.25,2.35,-0.95,0.67,4.98,1.09,1.3,4.31, , , , , ,663.0,662.95,2100.0,300.0, , , , , ,, , 
229,2018-05-07 09:41:43,-0.48,0.29,-0.95,-0.46,2.52,-1.34,0.43,5.27,0.84,0.91,4.43, , , , , ,663.0,662.95,1200.0,200.0, , , , , ,, , 
230,2018-05-07 09:41:46,-0.26,0.29,-0.82,-0.21,2.67,-0.91,0.43,5.45,0.96,0.65,4.5, , , , , ,663.0,662.95,800.0,400.0, , , , , ,, , 
231,2018-05-07 09:41:49,0.13,0.78,-0.33,0.09,2.56,-0.58,0.81,5.33,1.29,1.44,4.29, , , , , ,663.15,663.1,800.0,100.0, , , , , ,, , 
232,2018-05-07 09:41:52,0.43,0.91,-0.19,0.26,3.07,-0.24,0.97,5.55,1.71,1.52,4.13, , , , , ,663.15,663.06,700.0,1900.0, , , , , ,, , 
233,2018-05-07 09:41:55,0.37,0.93,-0.22,0.27,3.26,-0.45,0.99,5.39,1.77,1.53,3.97, , , , , ,663.15,663.06,700.0,2300.0, , , , , ,, , 
234,2018-05-07 09:41:58,0.46,0.72,-0.1,0.29,3.4,-0.1,0.79,5.29,1.58,1.07,3.8, , , , , ,663.29,663.06,200.0,2000.0, , , , , ,, , 
235,2018-05-07 09:42:01,0.6,0.77,-0.05,0.2,3.64,0.06,0.89,5.32,1.78,1.23,3.7, , , , , ,663.28,663.15,100.0,3700.0, , , , , ,, , 
236,2018-05-07 09:42:04,0.76,1.11,0.17,0.52,3.54,0.32,1.26,5.38,1.79,1.54,3.86,100.0,663.28,663.28,100.0,2408.0,663.28,663.15,200.0,3900.0, , , ,2018-05-07 09:42:04.665000,2018-05-07 09:42:05.359000,, , 
237,2018-05-07 09:42:07,0.65,1.17,0.09,0.5,3.5,0.18,1.27,5.3,1.68,1.73,3.81, , , , , ,663.29,663.28,100.0,200.0, , , , , ,, , 
238,2018-05-07 09:42:10,0.72,1.04,0.16,0.59,3.42,0.31,1.26,5.3,1.7,1.27,3.79, , , , , ,663.3,663.28,600.0,1400.0, , , , , ,, , 
239,2018-05-07 09:42:13,0.8,1.31,0.23,0.73,3.45,0.41,1.53,5.2,1.76,1.66,3.79, , , , , ,663.3,663.29,200.0,400.0, , , , , ,, , 
240,2018-05-07 09:42:16,0.58,1.19,0.02,0.48,3.71,-0.0,1.34,4.92,1.72,1.73,3.79, , , , , ,663.3,663.28,1300.0,400.0, , , , , ,, , 
241,2018-05-07 09:42:19,0.36,1.05,-0.14,0.33,3.75,-0.3,1.25,4.75,1.51,1.58,3.67, , , , , ,663.5,663.16,400.0,76.0, , , , , ,, , 
242,2018-05-07 09:42:22,0.51,1.2,0.01,0.84,3.26,0.05,1.3,3.99,1.48,1.47,2.78, , , , , ,664.0,663.55,2800.0,100.0, , , , , ,, , 
243,2018-05-07 09:42:25,0.56,1.25,0.1,0.72,3.42,0.17,1.55,4.11,1.41,1.47,2.55, , , , , ,664.0,663.55,400.0,1500.0, , , , , ,, , 
244,2018-05-07 09:42:28,0.76,1.35,0.34,1.02,2.93,0.43,1.64,3.71,1.51,1.39,1.67, , , , , ,664.44,664.0,100.0,3600.0, , , , , ,, , 
245,2018-05-07 09:42:31,0.95,1.5,0.73,1.1,2.67,0.58,1.77,3.41,1.54,1.64,1.1, , , , , ,664.56,664.44,100.0,200.0, , , , , ,, , 
246,2018-05-07 09:42:34,0.8,1.35,0.6,1.13,2.71,0.54,1.53,3.43,1.26,1.4,0.98, , , , , ,664.69,664.44,100.0,900.0, , , , , ,, , 
247,2018-05-07 09:42:37,0.61,1.01,0.48,0.86,2.55,0.17,1.06,3.37,1.18,1.11,0.73, , , , , ,664.8,664.43,100.0,400.0, , , , , ,, , 
248,2018-05-07 09:42:40,0.29,1.13,0.36,0.97,2.34,0.13,1.36,3.23,0.39,1.04,0.56, , , , , ,665.0,664.44,1300.0,100.0, , , , , ,, , 
249,2018-05-07 09:42:43,0.29,1.15,0.57,0.95,3.34,0.01,1.31,3.94,0.28,1.18,1.26, , , , , ,665.0,663.5,133.0,500.0, , , , , ,, , 
250,2018-05-07 09:42:46,0.35,1.05,0.33,1.07,2.38,0.14,1.15,2.88,0.57,0.93,-0.08, , , , , ,665.01,665.0,100.0,467.0, , , , , ,, , 
251,2018-05-07 09:42:49,0.48,1.12,0.76,0.94,2.5,0.3,1.22,2.98,0.38,1.2,-0.14, , , , , ,665.01,665.0,100.0,5867.0, , , , , ,, , 
252,2018-05-07 09:42:52,0.61,1.34,0.85,1.24,2.64,0.34,1.36,2.99,0.64,1.42,-0.32, , , , , ,665.05,665.01,2200.0,100.0, , , , , ,, , 
253,2018-05-07 09:42:55,0.64,1.36,0.91,1.26,1.75,0.15,1.18,2.24,0.85,1.64,-1.18, , , , , ,665.54,665.5,100.0,5300.0, , , , , ,, , 
254,2018-05-07 09:42:58,0.44,0.95,0.68,1.06,1.75,-0.06,0.6,2.41,0.7,1.19,-1.39, , , , , ,665.54,665.5,100.0,4000.0, , , , , ,, , 
255,2018-05-07 09:43:01,0.04,0.68,0.27,0.56,1.65,-0.18,0.54,2.38,0.04,0.96,-1.73, , , , , ,665.8,665.5,300.0,2300.0, , , , , ,, , 
256,2018-05-07 09:43:04,-0.2,0.46,0.06,0.58,1.43,-0.56,0.46,2.34,-0.1,0.35,-2.37, , , , , ,665.85,665.8,100.0,200.0, , , , , ,, , 
257,2018-05-07 09:43:07,-0.6,0.05,-0.36,0.17,2.33,-1.05,-0.13,3.48,-0.41,0.1,-1.88, , , , , ,665.5,665.0,100.0,4467.0, , , , , ,, , 
258,2018-05-07 09:43:10,-1.07,-0.38,-1.05,-0.19,1.65,-1.23,-0.4,2.73,-0.91,-0.55,-2.68, , , , , ,665.87,665.54,2100.0,100.0, , , , , ,, , 
259,2018-05-07 09:43:13,-0.86,-0.25,-0.64,-0.33,1.96,-1.02,-0.37,3.02,-0.92,-0.05,-2.47, , , , , ,665.87,665.0,200.0,4346.0, , , , , ,, , 
260,2018-05-07 09:43:16,-0.79,-0.03,-0.86,-0.02,0.9,-0.99,-0.19,2.12,-0.52,0.12,-3.24, , , , , ,665.98,665.92,200.0,600.0, , , , , ,, , 
261,2018-05-07 09:43:19,-0.75,-0.15,-0.68,-0.22,0.83,-1.1,-0.34,1.93,-0.45,0.13,-3.22, , , , , ,665.98,665.87,100.0,800.0, , , , , ,, , 
262,2018-05-07 09:43:22,-0.74,-0.14,-0.64,-0.1,0.7,-0.97,-0.27,1.69,-0.6,-0.04,-3.26, , , , , ,666.0,665.92,3100.0,200.0, , , , , ,, , 
263,2018-05-07 09:43:25,-0.7,0.03,-0.39,-0.11,0.89,-1.07,-0.05,1.63,-0.63,0.25,-3.08, , , , , ,665.92,665.9,100.0,4200.0, , , , , ,, , 
264,2018-05-07 09:43:28,-0.57,0.24,-0.64,0.16,0.42,-0.92,0.15,0.74,-0.15,0.43,-3.81, , , , , ,666.5,666.3,200.0,1400.0, , , , , ,, , 
265,2018-05-07 09:43:31,-0.71,0.29,-0.81,-0.0,0.56,-1.34,-0.01,0.6,0.03,0.87,-3.86, , , , , ,666.49,666.3,100.0,500.0, , , , , ,, , 
266,2018-05-07 09:43:34,-0.84,0.22,-0.89,-0.05,0.68,-1.3,-0.02,0.48,-0.32,0.74,-3.78, , , , , ,666.49,666.3,100.0,300.0, , , , , ,, , 
267,2018-05-07 09:43:37,-0.71,0.12,-0.45,-0.23,0.87,-1.17,-0.1,0.31,-0.51,0.68,-3.54, , , , , ,666.5,666.05,200.0,490.0, , , , , ,, , 
268,2018-05-07 09:43:40,-0.55,0.19,-0.32,-0.03,1.03,-1.02,0.04,0.1,-0.31,0.58,-3.3, , , , , ,666.3,666.05,100.0,690.0, , , , , ,, , 
269,2018-05-07 09:43:43,-0.7,0.09,-0.47,-0.25,0.9,-1.2,-0.07,-0.47,-0.44,0.58,-3.27, , , , , ,666.49,666.05,100.0,290.0, , , , , ,, , 
270,2018-05-07 09:43:46,-1.11,-0.06,-1.12,-0.26,-0.34,-1.42,-0.17,-2.21,-0.78,0.24,-4.58, , , , , ,667.3,667.0,5200.0,400.0, , , , , ,, , 
271,2018-05-07 09:43:49,-0.97,0.04,-0.88,-0.5,0.36,-1.36,-0.2,-1.8,-0.67,0.81,-4.02, , , , , ,667.0,666.49,4300.0,100.0, , , , , ,, , 
272,2018-05-07 09:43:52,-0.65,0.12,-0.82,-0.25,0.78,-0.93,0.01,-1.61,-0.2,0.59,-3.69, , , , , ,666.5,666.49,1000.0,100.0, , , , , ,, , 
273,2018-05-07 09:43:55,-0.68,0.12,-0.75,-0.28,0.4,-1.16,-0.15,-2.0,-0.11,0.8,-4.11, , , , , ,667.0,666.5,1000.0,1000.0, , , , , ,, , 
274,2018-05-07 09:43:58,-0.65,0.11,-0.66,-0.19,0.56,-1.02,-0.11,-2.01,-0.27,0.63,-4.14, , , , , ,667.0,666.5,200.0,1100.0, , , , , ,, , 
275,2018-05-07 09:44:01,-0.63,0.37,-0.69,-0.21,0.73,-1.08,0.09,-2.0,-0.13,1.22,-4.14, , , , , ,667.0,666.5,400.0,1300.0, , , , , ,, , 
276,2018-05-07 09:44:04,-0.88,0.03,-1.28,-0.51,0.95,-1.21,-0.05,-2.0,-0.17,0.66,-4.13, , , , , ,666.99,666.5,800.0,500.0, , , , , ,, , 
277,2018-05-07 09:44:07,-1.42,-0.64,-1.63,-1.17,1.04,-1.99,-0.73,-2.19,-0.65,-0.02,-4.31,-2400.0,666.97,0.0,-0.0,2408.0,666.99,666.75,900.0,100.0, , , ,2018-05-07 09:44:07.702000,2018-05-07 09:44:11.325000,, , 
278,2018-05-07 09:44:10,-1.4,-0.67,-1.71,-1.05,1.02,-1.73,-0.81,-2.12,-0.75,-0.16,-4.28,-2400.0,666.92,666.92,-2400.0,8.0,666.94,666.75,1500.0,600.0,15573.99,9.44, ,2018-05-07 09:44:11.325000,2018-05-07 09:44:13.628000,, , 
279,2018-05-07 09:44:13,-1.5,-0.3,-1.85,-1.07,1.02,-1.81,-0.61,-1.99,-0.83,0.79,-4.23, , , , , ,667.0,666.52,5900.0,700.0, , , , , ,, , 
280,2018-05-07 09:44:16,-0.86,0.06,-1.27,-0.63,1.3,-1.17,-0.34,-1.58,-0.13,1.14,-3.91, , , , , ,666.5,666.49,100.0,1100.0, , , , , ,, , 
281,2018-05-07 09:44:19,-0.72,0.6,-1.16,-0.5,1.67,-1.09,0.52,-0.97,0.11,1.79,-3.25, , , , , ,666.3,665.9,25.0,3500.0, , , , , ,, , 
282,2018-05-07 09:44:22,-0.79,0.69,-1.31,-0.37,0.81,-0.96,0.69,-1.66,-0.1,1.75,-3.83, , , , , ,666.6,666.49,200.0,800.0, , , , , ,, , 
283,2018-05-07 09:44:25,-0.68,0.64,-1.16,-0.75,0.67,-0.74,0.22,-1.69,-0.16,2.46,-3.65, , , , , ,666.6,666.5,100.0,100.0, , , , , ,, , 
284,2018-05-07 09:44:28,-0.5,0.51,-1.21,-0.61,0.12,-0.69,0.05,-1.99,0.41,2.09,-3.86, , , , , ,666.84,666.8,100.0,3500.0, , , , , ,, , 
285,2018-05-07 09:44:31,-0.5,0.41,-1.17,-0.7,-0.04,-0.89,-0.17,-1.85,0.56,2.1,-4.07, , , , , ,666.84,666.8,200.0,2200.0, , , , , ,, , 
286,2018-05-07 09:44:34,-0.21,0.58,-0.79,-0.5,-0.23,-0.6,-0.04,-1.79,0.77,2.27,-4.25, , , , , ,666.88,666.86,500.0,2800.0, , , , , ,, , 
287,2018-05-07 09:44:37,0.03,0.67,-0.41,-0.33,-0.57,-0.59,0.08,-1.61,1.09,2.28,-4.15, , , , , ,666.87,666.86,100.0,4000.0, , , , , ,, , 
288,2018-05-07 09:44:40,0.39,0.99,-0.37,-0.11,-0.94,-0.31,0.6,-1.54,1.85,2.5,-4.03, , , , , ,666.87,666.86,100.0,4014.0, , , , , ,, , 
289,2018-05-07 09:44:43,0.23,0.96,-0.42,-0.15,-1.36,-0.73,0.41,-1.43,1.84,2.62,-3.67, , , , , ,666.87,666.86,300.0,2114.0, , , , , ,, , 
290,2018-05-07 09:44:46,0.04,0.73,-0.75,-0.2,-1.79,-0.61,0.32,-1.36,1.48,2.07,-3.42, , , , , ,666.87,666.86,100.0,2314.0, , , , , ,, , 
291,2018-05-07 09:44:49,0.1,0.74,-0.39,-0.27,-2.34,-0.61,0.44,-1.7,1.31,2.05,-3.77, , , , , ,667.2,667.0,200.0,2600.0, , , , , ,, , 
292,2018-05-07 09:44:52,0.37,0.79,-0.23,0.01,-2.52,-0.17,0.49,-1.88,1.52,1.87,-3.79, , , , , ,667.2,667.0,100.0,2584.0, , , , , ,, , 
293,2018-05-07 09:44:55,0.17,0.61,-0.55,-0.2,-2.38,-0.55,0.31,-1.9,1.61,1.73,-3.69, , , , , ,667.01,667.0,200.0,684.0, , , , , ,, , 
294,2018-05-07 09:44:58,-0.52,0.06,-1.33,-0.9,-2.13,-0.8,-0.21,-1.71,0.57,1.28,-3.45, , , , , ,666.87,666.8,86.0,800.0, , , , , ,, , 
295,2018-05-07 09:45:01,-0.36,0.59,-0.58,-0.22,-3.2,-0.97,-0.0,-2.83,0.48,1.98,-4.54, , , , , ,667.6,667.5,100.0,6029.0, , , , , ,, , 
296,2018-05-07 09:45:04,0.08,0.78,-0.53,0.02,-3.21,-0.51,0.31,-2.66,1.28,2.0,-4.37, , , , , ,667.6,667.5,100.0,829.0, , , , , ,, , 
297,2018-05-07 09:45:07,0.06,0.71,-0.59,-0.21,-3.25,-0.7,0.26,-2.66,1.48,2.1,-4.25, , , , , ,667.67,667.5,200.0,400.0, , , , , ,, , 
298,2018-05-07 09:45:10,-0.1,0.41,-0.71,-0.41,-3.23,-0.79,-0.05,-2.66,1.21,1.69,-4.07, , , , , ,667.67,667.5,500.0,500.0, , , , , ,, , 
299,2018-05-07 09:45:13,-0.24,0.22,-0.56,-0.49,-2.91,-1.1,-0.28,-2.34,0.93,1.44,-3.58, , , , , ,667.45,667.3,200.0,1929.0, , , , , ,, , 
300,2018-05-07 09:45:16,-0.52,-0.02,-1.21,-0.64,-2.67,-1.08,-0.43,-2.14,0.74,1.02,-3.38, , , , , ,667.45,667.01,200.0,929.0, , , , , ,, , 
301,2018-05-07 09:45:19,-0.79,-0.17,-1.3,-0.77,-2.71,-1.41,-0.39,-2.24,0.35,0.67,-3.37, , , , , ,667.5,667.01,2200.0,1029.0, , , , , ,, , 
302,2018-05-07 09:45:22,-0.67,0.07,-1.29,-0.8,-2.31,-1.01,-0.28,-2.03,0.3,1.3,-2.96, , , , , ,667.0,666.95,3671.0,1400.0, , , , , ,, , 
303,2018-05-07 09:45:25,-0.87,-0.17,-1.63,-1.04,-2.17,-1.04,-0.6,-2.1,0.05,1.13,-2.8, , , , , ,666.88,666.87,900.0,200.0, , , , , ,, , 
304,2018-05-07 09:45:28,-0.93,-0.42,-1.83,-1.11,-2.08,-0.98,-0.71,-2.31,0.01,0.56,-2.96, , , , , ,666.88,666.87,2300.0,200.0, , , , , ,, , 
305,2018-05-07 09:45:31,-0.99,-0.28,-1.9,-1.47,-1.92,-1.08,-0.55,-2.45,-0.01,1.16,-3.16, , , , , ,666.87,666.86,65.0,200.0, , , , , ,, , 
306,2018-05-07 09:45:34,-0.95,-0.0,-1.89,-0.97,-1.33,-0.87,-0.43,-2.01,-0.09,1.39,-2.88, , , , , ,666.6,666.52,100.0,100.0, , , , , ,, , 
307,2018-05-07 09:45:37,-1.17,-0.01,-2.08,-1.08,-1.15,-1.12,-0.28,-2.19,-0.32,1.34,-3.21, , , , , ,666.6,666.52,1500.0,100.0, , , , , ,, , 
308,2018-05-07 09:45:40,-1.11,0.04,-2.06,-0.98,-0.17,-0.96,-0.07,-1.28,-0.31,1.17,-2.48, , , , , ,666.0,665.9,4300.0,4200.0, , , , , ,, , 
309,2018-05-07 09:45:43,-1.26,0.29,-2.21,-0.73,0.04,-1.19,-0.07,-1.21,-0.37,1.66,-2.55, , , , , ,665.9,665.87,1300.0,700.0, , , , , ,, , 
310,2018-05-07 09:45:46,-1.13,0.51,-2.2,-0.55,0.78,-0.97,0.2,-0.72,-0.24,1.89,-2.04, , , , , ,665.87,665.0,1300.0,3846.0, , , , , ,, , 
311,2018-05-07 09:45:49,-1.11,0.48,-1.98,-0.29,0.8,-1.13,0.1,-0.78,-0.22,1.62,-2.1, , , , , ,665.86,665.0,400.0,3346.0, , , , , ,, , 
312,2018-05-07 09:45:52,-0.72,0.55,-1.85,-0.18,0.65,-0.62,0.25,-0.89,0.3,1.57,-2.26, , , , , ,665.82,665.0,500.0,3546.0, , , , , ,, , 
313,2018-05-07 09:45:55,-0.53,0.77,-1.42,0.06,0.48,-0.89,0.23,-1.02,0.72,2.02,-2.46, , , , , ,665.82,665.0,2000.0,3775.0, , , , , ,, , 
314,2018-05-07 09:45:58,-0.5,0.78,-1.21,-0.01,0.45,-0.54,0.59,-1.21,0.25,1.74,-2.62, , , , , ,665.8,665.0,100.0,3475.0, , , , , ,, , 
315,2018-05-07 09:46:01,-0.42,0.75,-1.01,0.14,0.36,-0.42,0.35,-1.4,0.16,1.76,-2.79, , , , , ,665.8,665.05,1500.0,200.0, , , , , ,, , 
316,2018-05-07 09:46:04,-0.07,0.89,-0.99,0.53,0.53,0.19,0.31,-1.77,0.58,1.82,-2.75, , , , , ,665.8,665.05,1300.0,200.0, , , , , ,, , 
317,2018-05-07 09:46:07,0.2,1.12,-0.49,0.66,0.61,0.26,0.56,-2.1,0.83,2.15,-2.69, , , , , ,665.8,665.0,1300.0,3475.0, , , , , ,, , 
318,2018-05-07 09:46:10,0.06,1.1,-0.63,0.66,0.61,0.36,0.59,-2.23,0.44,2.05,-2.58, , , , , ,665.8,665.0,1300.0,3375.0, , , , , ,, , 
319,2018-05-07 09:46:13,-0.06,1.12,-0.52,0.65,0.5,0.05,0.62,-2.53,0.3,2.1,-2.38, , , , , ,665.8,665.15,1500.0,500.0, , , , , ,, , 
320,2018-05-07 09:46:16,0.13,1.22,-0.42,0.63,0.49,0.23,1.0,-2.53,0.58,2.02,-2.07, , , , , ,665.8,665.15,600.0,600.0, , , , , ,, , 
321,2018-05-07 09:46:19,0.43,1.3,0.03,0.71,0.51,0.22,0.95,-2.46,1.04,2.23,-1.69, , , , , ,665.65,665.2,100.0,800.0, , , , , ,, , 
322,2018-05-07 09:46:22,0.51,1.52,-0.03,0.78,0.3,0.32,1.18,-2.46,1.24,2.62,-1.48, , , , , ,665.65,665.2,600.0,2400.0, , , , , ,, , 
323,2018-05-07 09:46:25,0.63,1.5,0.14,0.83,0.08,0.28,1.27,-2.35,1.48,2.39,-1.48, , , , , ,665.65,665.2,500.0,2100.0, , , , , ,, , 
324,2018-05-07 09:46:28,1.01,1.65,0.31,0.98,-0.16,0.75,1.51,-2.37,1.98,2.46,-1.48,500.0,665.65,665.65,500.0,508.0,665.65,665.22,500.0,4900.0, , , ,2018-05-07 09:46:28.682000,2018-05-07 09:46:29.149000,, , 
325,2018-05-07 09:46:31,0.98,1.74,0.5,1.12,-0.67,0.54,1.4,-2.79,1.92,2.72,-1.78, , , , , ,665.7,665.65,100.0,300.0, , , , , ,, , 
326,2018-05-07 09:46:34,0.92,1.63,0.62,1.11,-0.88,0.48,1.4,-2.9,1.67,2.37,-1.9, , , , , ,665.86,665.75,300.0,100.0, , , , , ,, , 
327,2018-05-07 09:46:37,0.87,1.76,0.47,1.19,-1.02,0.37,1.56,-2.8,1.78,2.55,-1.68, , , , , ,665.87,665.7,400.0,100.0, , , , , ,, , 
328,2018-05-07 09:46:40,0.86,1.5,0.49,0.91,-1.21,0.6,1.39,-2.88,1.49,2.2,-1.68, , , , , ,666.0,665.8,5400.0,100.0, , , , , ,, , 
329,2018-05-07 09:46:43,0.99,1.4,0.6,0.99,-1.16,0.68,1.48,-2.64,1.68,1.74,-1.47, , , , , ,666.0,665.7,600.0,2600.0, , , , , ,, , 
330,2018-05-07 09:46:46,0.88,1.4,0.61,1.12,-1.73,0.45,1.46,-3.03,1.57,1.63,-1.69, , , , , ,666.52,665.7,100.0,400.0, , , , , ,, , 
331,2018-05-07 09:46:49,0.79,1.41,0.45,0.94,-1.56,0.55,1.5,-2.83,1.36,1.78,-0.95, , , , , ,666.0,665.9,701.0,2400.0, , , , , ,, , 
332,2018-05-07 09:46:52,0.61,1.28,0.28,0.84,-1.7,0.14,1.37,-2.87,1.41,1.63,-0.47, , , , , ,666.0,665.9,1.0,2900.0, , , , , ,, , 
333,2018-05-07 09:46:55,0.27,1.15,-0.2,0.85,-0.94,-0.09,1.07,-2.02,1.09,1.54,0.9, , , , , ,665.5,665.22,200.0,2800.0, , , , , ,, , 
334,2018-05-07 09:46:58,-0.31,0.87,-0.51,0.64,-1.61,-0.81,0.78,-2.53,0.39,1.17,0.86, , , , , ,665.85,665.5,200.0,200.0, , , , , ,, , 
335,2018-05-07 09:47:01,0.18,1.06,0.11,0.55,-1.98,-0.41,1.08,-2.74,0.83,1.55,0.67, , , , , ,665.85,665.77,100.0,100.0, , , , , ,, , 
336,2018-05-07 09:47:04,0.4,1.09,0.12,0.5,-2.35,-0.17,1.26,-2.74,1.25,1.5,0.68, , , , , ,665.85,665.77,1100.0,800.0, , , , , ,, , 
337,2018-05-07 09:47:07,-0.03,0.66,-0.24,0.45,-2.72,-0.74,0.75,-2.74,0.9,0.79,0.69, , , , , ,665.85,665.77,1300.0,1500.0, , , , , ,, , 
338,2018-05-07 09:47:10,-0.08,0.6,-0.02,0.58,-2.83,-0.76,0.71,-2.72,0.53,0.52,0.41, , , , , ,665.85,665.77,2100.0,1400.0, , , , , ,, , 
339,2018-05-07 09:47:13,-0.09,0.52,0.06,0.43,-3.04,-0.69,0.54,-2.81,0.36,0.58,0.11, , , , , ,665.85,665.77,1900.0,1200.0, , , , , ,, , 
340,2018-05-07 09:47:16,-0.05,0.65,0.11,0.49,-3.03,-0.47,0.96,-2.88,0.21,0.51,-0.17, , , , , ,665.85,665.77,1800.0,200.0, , , , , ,, , 
341,2018-05-07 09:47:19,-0.13,0.39,-0.1,0.33,-3.01,-0.36,0.62,-2.77,0.08,0.22,-0.34, , , , , ,665.8,665.77,400.0,300.0, , , , , ,, , 
342,2018-05-07 09:47:22,-0.17,0.17,-0.14,0.37,-2.78,-0.37,0.24,-2.48,-0.01,-0.08,-0.05, , , , , ,665.77,665.5,100.0,400.0, , , , , ,, , 
343,2018-05-07 09:47:25,-0.24,0.13,-0.25,0.43,-2.08,-0.14,-0.07,-1.71,-0.33,0.03,0.61, , , , , ,665.5,665.0,100.0,2275.0, , , , , ,, , 
344,2018-05-07 09:47:28,-0.32,-0.0,-0.56,0.27,-2.05,-0.38,-0.04,-1.47,-0.01,-0.24,0.76, , , , , ,665.45,665.0,300.0,2375.0, , , , , ,, , 
345,2018-05-07 09:47:31,-0.49,-0.21,-0.85,0.14,-2.11,-0.35,-0.34,-1.69,-0.28,-0.43,0.79,-500.0,665.43,0.0,-0.0,508.0,665.45,665.0,1000.0,1775.0, , , ,2018-05-07 09:47:31.665000,2018-05-07 09:47:35.128000,, , 
346,2018-05-07 09:47:34,-0.73,-0.27,-0.94,-0.04,-2.02,-0.85,-0.27,-1.79,-0.4,-0.52,0.53,-500.0,665.41,665.41,-200.0,308.0,665.43,665.01,500.0,1000.0, , , ,2018-05-07 09:47:35.129000,2018-05-07 09:47:38.155000,, , 
347,2018-05-07 09:47:37,-0.93,-0.33,-1.03,-0.17,-1.94,-1.08,-0.32,-1.67,-0.69,-0.5,0.27,-300.0,665.39,0.0,-0.0,308.0,665.41,665.01,400.0,100.0, , , ,2018-05-07 09:47:38.155000,2018-05-07 09:47:41.174000,, , 
348,2018-05-07 09:47:40,-0.93,-0.39,-1.19,-0.16,-1.17,-0.78,-0.35,-0.86,-0.81,-0.65,0.65,-300.0,665.37,665.37,-300.0,8.0,665.39,664.12,300.0,3900.0,-521.25,-1.57, ,2018-05-07 09:47:41.174000,2018-05-07 09:47:42.771000,, , 
349,2018-05-07 09:47:43,-1.04,-0.33,-1.28,-0.05,-1.67,-0.89,-0.26,-1.17,-0.93,-0.67,-0.35, , , , , ,665.39,665.01,700.0,100.0, , , , , ,, , 
350,2018-05-07 09:47:46,-1.0,-0.29,-1.18,-0.03,-1.61,-0.94,-0.27,-0.86,-0.88,-0.58,-0.31, , , , , ,665.31,665.01,200.0,200.0, , , , , ,, , 
351,2018-05-07 09:47:49,-1.06,-0.07,-1.24,0.2,-0.96,-0.89,-0.06,-0.17,-1.05,-0.34,0.36, , , , , ,665.2,664.2,500.0,200.0, , , , , ,, , 
352,2018-05-07 09:47:52,-0.95,-0.1,-1.23,0.23,-0.81,-0.63,-0.12,-0.02,-0.98,-0.4,0.51, , , , , ,664.96,664.2,300.0,300.0, , , , , ,, , 
353,2018-05-07 09:47:55,-0.97,-0.17,-1.27,0.15,-1.23,-0.63,-0.24,-0.43,-1.01,-0.43,0.16, , , , , ,664.96,664.7,600.0,200.0, , , , , ,, , 
354,2018-05-07 09:47:58,-0.92,-0.14,-1.05,0.08,-1.26,-0.67,0.03,-0.44,-1.03,-0.52,0.2, , , , , ,664.96,664.7,1000.0,400.0, , , , , ,, , 
355,2018-05-07 09:48:01,-0.59,0.33,-0.92,0.65,-0.26,-0.25,0.56,0.54,-0.6,-0.22,1.32, , , , , ,664.2,664.12,200.0,500.0, , , , , ,, , 
356,2018-05-07 09:48:04,-0.31,0.5,-0.9,0.9,-0.26,-0.11,0.75,0.71,0.09,-0.16,1.46, , , , , ,664.2,664.12,1300.0,600.0, , , , , ,, , 
357,2018-05-07 09:48:07,-0.4,0.39,-0.95,0.78,0.22,-0.12,0.63,1.38,-0.13,-0.22,2.17, , , , , ,664.0,663.68,2000.0,400.0, , , , , ,, , 
358,2018-05-07 09:48:10,-0.37,0.38,-0.83,0.69,0.23,-0.25,0.7,1.55,-0.03,-0.24,2.41, , , , , ,664.0,663.68,2300.0,500.0, , , , , ,, , 
359,2018-05-07 09:48:13,-0.58,0.45,-1.04,0.57,0.15,-0.44,0.88,1.73,-0.25,-0.11,2.54, , , , , ,664.0,663.68,3200.0,100.0, , , , , ,, , 
360,2018-05-07 09:48:16,-0.7,0.28,-1.35,0.44,0.38,-0.28,0.55,2.01,-0.46,-0.14,2.88, , , , , ,663.68,663.6,200.0,3000.0, , , , , ,, , 
361,2018-05-07 09:48:19,-0.48,0.51,-1.08,0.67,0.14,0.08,0.89,1.74,-0.43,-0.04,2.49, , , , , ,664.0,663.7,700.0,100.0, , , , , ,, , 
362,2018-05-07 09:48:22,-0.16,0.61,-0.32,0.74,0.28,-0.01,0.9,1.81,-0.15,0.2,2.64, , , , , ,664.0,663.6,300.0,3200.0, , , , , ,, , 
363,2018-05-07 09:48:25,0.01,0.79,-0.11,0.86,0.4,0.13,1.01,1.74,0.02,0.49,2.62, , , , , ,664.0,663.7,200.0,300.0, , , , , ,, , 
364,2018-05-07 09:48:28,0.41,1.02,0.3,1.12,0.45,0.57,1.22,1.43,0.36,0.73,2.66, , , , , ,664.19,663.7,100.0,200.0, , , , , ,, , 
365,2018-05-07 09:48:31,0.48,1.03,0.28,1.15,0.39,0.66,1.24,1.36,0.49,0.69,2.94, , , , , ,664.0,663.7,36.0,200.0, , , , , ,, , 
366,2018-05-07 09:48:34,0.38,0.92,0.22,1.01,0.59,0.6,1.28,1.52,0.33,0.47,3.26, , , , , ,663.65,663.62,1000.0,3100.0, , , , , ,, , 
367,2018-05-07 09:48:37,0.36,0.95,0.06,1.03,0.02,0.6,1.3,0.5,0.41,0.53,2.6, , , , , ,664.19,663.98,36.0,100.0, , , , , ,, , 
368,2018-05-07 09:48:40,0.44,1.06,0.23,1.1,0.13,0.48,1.35,0.31,0.63,0.73,2.54, , , , , ,664.19,664.0,36.0,1000.0, , , , , ,, , 
369,2018-05-07 09:48:43,0.53,1.1,0.49,1.16,0.49,0.48,1.33,0.14,0.62,0.82,2.46, , , , , ,664.19,664.0,936.0,300.0, , , , , ,, , 
370,2018-05-07 09:48:46,0.46,1.05,0.47,1.19,0.74,0.35,1.29,-0.03,0.57,0.68,2.51, , , , , ,664.19,664.0,636.0,100.0, , , , , ,, , 
371,2018-05-07 09:48:49,0.21,0.86,0.11,1.04,0.76,0.28,1.03,-0.07,0.24,0.5,2.58, , , , , ,664.18,663.98,100.0,800.0, , , , , ,, , 
372,2018-05-07 09:48:52,0.15,0.91,0.18,1.07,0.86,0.16,1.06,-0.13,0.11,0.59,2.82, , , , , ,664.0,663.98,200.0,900.0, , , , , ,, , 
373,2018-05-07 09:48:55,0.07,0.74,0.12,0.8,0.84,0.22,0.89,-0.33,-0.11,0.53,3.05, , , , , ,664.0,663.98,1400.0,900.0, , , , , ,, , 
374,2018-05-07 09:48:58,-0.16,0.61,-0.12,0.63,0.82,0.07,0.72,-0.51,-0.44,0.47,3.24, , , , , ,664.0,663.98,1300.0,600.0, , , , , ,, , 
375,2018-05-07 09:49:01,-0.26,0.59,-0.29,0.6,0.8,-0.15,0.68,-0.63,-0.34,0.48,3.42, , , , , ,664.0,663.98,800.0,700.0, , , , , ,, , 
376,2018-05-07 09:49:04,-0.13,0.65,-0.14,0.54,0.97,0.05,0.95,-0.6,-0.29,0.46,3.62, , , , , ,664.0,663.98,500.0,900.0, , , , , ,, , 
377,2018-05-07 09:49:07,-0.0,0.62,0.01,0.62,1.15,0.15,0.86,-0.57,-0.17,0.37,3.77, , , , , ,664.0,663.98,200.0,400.0, , , , , ,, , 
378,2018-05-07 09:49:10,-0.09,0.56,-0.07,0.47,1.32,-0.01,0.86,-0.47,-0.2,0.37,3.76, , , , , ,664.0,663.98,200.0,400.0, , , , , ,, , 
379,2018-05-07 09:49:13,0.14,0.73,0.08,0.75,1.46,0.17,0.87,-0.17,0.18,0.55,3.73, , , , , ,664.02,664.0,2100.0,100.0, , , , , ,, , 
380,2018-05-07 09:49:16,0.39,0.9,0.17,0.86,1.81,0.67,1.12,0.48,0.32,0.73,4.08, , , , , ,663.93,663.62,600.0,4900.0, , , , , ,, , 
381,2018-05-07 09:49:19,0.43,0.93,0.3,0.9,1.85,0.72,1.13,0.79,0.27,0.76,4.01, , , , , ,663.93,663.62,200.0,4900.0, , , , , ,, , 
382,2018-05-07 09:49:22,0.18,0.93,0.13,0.89,1.21,0.12,1.11,0.36,0.3,0.79,3.38, , , , , ,664.38,664.02,100.0,200.0, , , , , ,, , 
383,2018-05-07 09:49:25,0.21,0.88,0.16,0.84,1.21,0.04,0.96,0.36,0.43,0.82,3.4, , , , , ,664.38,664.02,200.0,1200.0, , , , , ,, , 
384,2018-05-07 09:49:28,0.25,0.97,0.24,1.02,0.92,0.07,1.05,0.24,0.44,0.84,3.27, , , , , ,664.38,664.2,200.0,600.0, , , , , ,, , 
385,2018-05-07 09:49:31,0.29,0.92,0.3,0.95,0.7,0.35,1.11,0.3,0.24,0.69,3.28, , , , , ,664.38,664.2,200.0,200.0, , , , , ,, , 
386,2018-05-07 09:49:34,0.18,0.81,0.29,0.88,1.52,0.22,0.99,1.36,0.03,0.55,4.27, , , , , ,663.65,663.62,100.0,1500.0, , , , , ,, , 
387,2018-05-07 09:49:37,0.0,0.65,0.07,0.72,0.77,0.16,0.8,1.14,-0.22,0.42,3.78, , , , , ,664.15,663.67,100.0,200.0, , , , , ,, , 
388,2018-05-07 09:49:40,-0.29,0.65,-0.32,0.67,-0.41,-0.21,1.0,0.31,-0.35,0.3,2.71, , , , , ,665.0,664.15,700.0,100.0, , , , , ,, , 
389,2018-05-07 09:49:43,-0.57,0.56,-0.25,0.61,-0.62,-0.5,0.9,0.41,-0.96,0.18,2.59, , , , , ,665.0,664.2,700.0,600.0, , , , , ,, , 
390,2018-05-07 09:49:46,-0.34,0.62,-0.21,0.69,-0.79,-0.19,0.96,0.58,-0.61,0.2,2.51, , , , , ,665.0,664.2,700.0,700.0, , , , , ,, , 
391,2018-05-07 09:49:49,-0.57,0.46,-0.5,0.55,-0.81,-0.41,0.75,1.12,-0.78,0.09,2.55, , , , , ,664.99,664.15,100.0,200.0, , , , , ,, , 
392,2018-05-07 09:49:52,-0.8,0.42,-0.38,0.51,-1.0,-0.89,0.79,1.61,-1.14,-0.04,2.45, , , , , ,664.99,664.15,100.0,300.0, , , , , ,, , 
393,2018-05-07 09:49:55,-0.6,0.46,-0.22,0.65,-1.13,-0.49,0.88,2.15,-1.09,-0.16,2.42, , , , , ,664.9,664.15,100.0,600.0, , , , , ,, , 
394,2018-05-07 09:49:58,-0.42,0.4,-0.22,0.6,-1.3,-0.28,0.88,2.6,-0.76,-0.26,2.35, , , , , ,664.89,664.15,900.0,700.0, , , , , ,, , 
395,2018-05-07 09:50:01,-0.58,0.29,-0.34,0.54,-1.43,-0.49,0.69,2.61,-0.92,-0.34,2.26, , , , , ,664.89,664.15,500.0,200.0, , , , , ,, , 
396,2018-05-07 09:50:04,-0.61,0.36,-0.2,0.56,-1.4,-0.62,0.73,2.62,-1.02,-0.2,2.26, , , , , ,664.89,664.15,300.0,1000.0, , , , , ,, , 
397,2018-05-07 09:50:07,-0.6,0.4,-0.15,0.55,-2.06,-0.55,0.7,1.93,-1.1,-0.06,1.56, , , , , ,665.0,664.97,1500.0,2700.0, , , , , ,, , 
398,2018-05-07 09:50:10,-0.66,0.2,-0.18,0.24,-1.97,-0.72,0.57,1.65,-1.08,-0.2,1.56, , , , , ,665.0,664.97,1300.0,200.0, , , , , ,, , 
399,2018-05-07 09:50:13,-0.69,0.23,-0.19,0.38,-1.64,-0.73,0.53,1.35,-1.16,-0.21,1.54, , , , , ,665.0,664.97,1200.0,100.0, , , , , ,, , 
400,2018-05-07 09:50:16,-0.73,0.14,-0.28,0.18,-1.33,-0.68,0.45,1.07,-1.24,-0.22,1.52, , , , , ,664.99,664.97,100.0,124.0, , , , , ,, , 
401,2018-05-07 09:50:19,-0.8,0.06,-0.38,0.09,-1.01,-0.65,0.46,0.89,-1.37,-0.36,1.52, , , , , ,664.97,664.96,176.0,100.0, , , , , ,, , 
402,2018-05-07 09:50:22,-0.61,0.02,-0.18,0.13,-0.98,-0.68,0.3,0.78,-0.98,-0.36,1.3, , , , , ,665.18,665.0,100.0,324.0, , , , , ,, , 
403,2018-05-07 09:50:25,-0.4,0.06,-0.07,0.2,-0.81,-0.52,0.3,1.02,-0.6,-0.31,1.46, , , , , ,665.0,664.96,176.0,200.0, , , , , ,, , 
404,2018-05-07 09:50:28,-0.64,0.05,-0.28,0.17,-0.8,-0.79,0.2,1.14,-0.84,-0.22,1.46, , , , , ,665.0,664.96,1876.0,100.0, , , , , ,, , 
405,2018-05-07 09:50:31,-0.74,-0.01,-0.46,0.15,-0.07,-0.73,0.01,1.82,-1.04,-0.18,2.13, , , , , ,664.91,664.16,111.0,100.0, , , , , ,, , 
406,2018-05-07 09:50:34,-1.03,-0.21,-0.79,0.06,0.01,-1.09,-0.18,1.55,-1.2,-0.51,2.13, , , , , ,664.91,664.16,1911.0,100.0, , , , , ,, , 
407,2018-05-07 09:50:37,-1.34,-0.71,-1.07,-0.44,0.22,-1.46,-0.81,1.3,-1.48,-0.89,2.2,-500.0,664.15,664.15,-496.0,-488.0,664.9,664.15,400.0,296.0, , , ,2018-05-07 09:50:37.700000,2018-05-07 09:50:41.299000,, , 
408,2018-05-07 09:50:40,-1.4,-0.69,-1.1,-0.53,1.06,-1.42,-0.72,1.68,-1.69,-0.83,2.92, , , , , ,664.15,664.0,104.0,800.0, , , , , ,, , 
409,2018-05-07 09:50:43,-1.4,-0.66,-1.35,-0.53,1.2,-1.41,-0.71,1.34,-1.43,-0.72,2.97, , , , , ,664.15,664.0,3100.0,1000.0, , , , , ,, , 
410,2018-05-07 09:50:46,-1.48,-0.73,-1.45,-0.64,1.38,-1.55,-0.83,1.32,-1.45,-0.72,3.03, , , , , ,664.15,664.0,2800.0,100.0, , , , , ,, , 
411,2018-05-07 09:50:49,-1.39,-0.64,-1.18,-0.43,1.86,-1.49,-0.83,1.3,-1.49,-0.67,3.09, , , , , ,664.15,664.0,2700.0,93.0, , , , , ,, , 
412,2018-05-07 09:50:52,-1.03,-0.34,-0.92,-0.33,2.61,-1.07,-0.36,1.54,-1.08,-0.33,3.48, , , , , ,664.15,663.66,2107.0,100.0, , , , , ,, , 
413,2018-05-07 09:50:55,-1.13,-0.32,-1.32,-0.4,3.61,-1.17,-0.32,2.08,-0.91,-0.23,4.12, , , , , ,663.61,663.51,2200.0,1100.0, , , , , ,, , 
414,2018-05-07 09:50:58,-1.03,-0.24,-1.12,-0.28,4.05,-1.13,-0.19,2.11,-0.83,-0.26,4.25, , , , , ,663.61,663.51,900.0,1500.0, , , , , ,, , 
415,2018-05-07 09:51:01,-0.87,-0.14,-1.09,-0.17,4.02,-0.97,-0.16,2.2,-0.53,-0.09,4.3, , , , , ,663.61,663.56,1100.0,100.0, , , , , ,, , 
416,2018-05-07 09:51:04,-0.74,-0.06,-1.04,-0.16,4.04,-0.83,-0.05,2.33,-0.33,0.02,4.36, , , , , ,663.6,663.56,100.0,389.0, , , , , ,, , 
417,2018-05-07 09:51:07,-0.41,0.21,-0.62,0.18,3.97,-0.53,0.28,2.49,-0.09,0.17,4.39, , , , , ,663.66,663.61,100.0,100.0, , , , , ,, , 
418,2018-05-07 09:51:10,-0.29,0.41,-0.37,0.36,3.67,-0.55,0.5,2.71,0.07,0.37,4.52, , , , , ,663.71,663.58,200.0,600.0, , , , , ,, , 
419,2018-05-07 09:51:13,-0.39,0.41,-0.41,0.26,3.06,-0.66,0.54,2.51,-0.08,0.44,4.35, , , , , ,664.0,663.71,1000.0,100.0, , , , , ,, , 
420,2018-05-07 09:51:16,-0.56,0.57,-0.85,0.38,1.88,-0.68,0.66,1.67,-0.16,0.68,3.59, , , , , ,664.89,664.0,1007.0,1000.0, , , , , ,, , 
421,2018-05-07 09:51:19,-0.42,0.74,-0.8,0.59,1.67,-0.47,0.82,1.59,0.02,0.81,3.68, , , , , ,664.89,664.0,1007.0,1400.0, , , , , ,, , 
422,2018-05-07 09:51:22,0.01,1.02,-0.58,0.78,1.75,0.01,1.18,1.67,0.6,1.11,3.75, , , , , ,664.89,664.0,907.0,1600.0, , , , , ,, , 
423,2018-05-07 09:51:25,0.22,1.16,-0.08,0.98,1.85,0.05,1.25,1.76,0.68,1.26,3.81,500.0,664.17,664.17,100.0,-388.0,664.7,664.15,200.0,1500.0, , , ,2018-05-07 09:51:25.622000,2018-05-07 09:51:28.994000,, , 
424,2018-05-07 09:51:28,0.09,1.21,-0.17,1.01,1.96,0.12,1.37,1.92,0.31,1.25,3.9, , , , , ,664.7,664.17,300.0,400.0, , , , , ,, , 
425,2018-05-07 09:51:31,0.37,1.32,0.14,1.2,1.88,0.34,1.5,1.96,0.63,1.25,3.96,400.0,664.32,664.32,100.0,-288.0,664.7,664.3,300.0,1000.0, , , ,2018-05-07 09:51:31.680000,2018-05-07 09:51:35.023000,, , 
426,2018-05-07 09:51:34,0.6,1.34,0.08,1.25,1.45,0.7,1.64,1.79,1.03,1.13,3.96,300.0,664.34,0.0,0.0,-288.0,664.89,664.32,907.0,300.0, , , ,2018-05-07 09:51:35.023000,2018-05-07 09:51:38.046000,, , 
427,2018-05-07 09:51:37,0.5,1.31,0.16,1.2,1.17,0.4,1.54,1.8,0.95,1.19,4.12,300.0,664.36,0.0,0.0,-288.0,664.89,664.34,807.0,300.0, , , ,2018-05-07 09:51:38.046000,2018-05-07 09:51:41.064000,, , 
428,2018-05-07 09:51:40,0.33,1.38,-0.06,1.22,0.35,0.21,1.56,1.25,0.83,1.37,3.78, , , , , ,664.96,664.94,700.0,93.0, , , , , ,, , 
429,2018-05-07 09:51:43,0.4,1.41,0.05,1.16,0.03,0.14,1.53,1.18,0.99,1.52,3.85,300.0,664.96,664.96,300.0,12.0,664.96,664.94,700.0,200.0,-558.02,-1.69, ,2018-05-07 09:51:43.693000,2018-05-07 09:51:44.456000,, , 
430,2018-05-07 09:51:46,0.58,1.52,0.09,1.2,-0.04,0.41,1.64,1.18,1.24,1.71,3.88, , , , , ,665.0,664.96,776.0,300.0, , , , , ,, , 
431,2018-05-07 09:51:49,0.67,1.57,0.28,1.28,-0.21,0.6,1.76,1.07,1.14,1.68,3.8, , , , , ,665.2,664.96,100.0,524.0, , , , , ,, , 
432,2018-05-07 09:51:52,0.12,1.62,-0.47,1.38,-1.99,-0.19,1.64,-0.59,1.01,1.85,2.02, , , , , ,666.5,666.0,600.0,800.0, , , , , ,, , 
433,2018-05-07 09:51:55,-0.04,1.38,-0.21,1.18,-1.97,-0.5,1.25,-0.35,0.59,1.73,2.01, , , , , ,666.5,666.0,700.0,900.0, , , , , ,, , 
434,2018-05-07 09:51:58,0.25,1.36,-0.39,1.11,-1.94,0.06,1.29,-0.17,1.07,1.68,2.02, , , , , ,666.5,666.0,1000.0,1100.0, , , , , ,, , 
435,2018-05-07 09:52:01,0.36,1.28,-0.16,0.99,-1.81,-0.15,1.13,0.03,1.38,1.72,2.05, , , , , ,666.5,666.0,900.0,1200.0, , , , , ,, , 
436,2018-05-07 09:52:04,0.26,1.11,-0.2,0.87,-1.71,-0.28,0.98,0.19,1.27,1.49,2.09, , , , , ,666.5,666.03,800.0,300.0, , , , , ,, , 
437,2018-05-07 09:52:07,0.29,1.02,-0.05,1.07,-1.47,-0.28,0.67,0.34,1.2,1.32,2.17, , , , , ,666.5,666.03,600.0,100.0, , , , , ,, , 
438,2018-05-07 09:52:10,0.18,0.86,-0.53,0.75,-1.29,-0.06,0.65,0.29,1.12,1.18,2.1, , , , , ,666.49,666.1,200.0,100.0, , , , , ,, , 
439,2018-05-07 09:52:13,0.03,0.86,-0.21,0.9,0.05,-0.13,0.64,1.49,0.43,1.05,3.27, , , , , ,665.98,665.0,300.0,100.0, , , , , ,, , 
440,2018-05-07 09:52:16,-0.35,1.08,-0.37,1.09,0.08,-0.54,1.36,1.47,-0.15,0.78,3.31, , , , , ,666.0,665.0,900.0,200.0, , , , , ,, , 
441,2018-05-07 09:52:19,-0.34,1.05,-0.59,1.15,0.03,-0.35,1.19,1.43,-0.08,0.8,3.33, , , , , ,665.97,665.01,100.0,100.0, , , , , ,, , 
442,2018-05-07 09:52:22,-0.4,1.05,-0.9,1.09,-0.28,-0.42,1.15,1.06,0.12,0.9,3.02, , , , , ,665.97,665.5,100.0,200.0, , , , , ,, , 
443,2018-05-07 09:52:25,-0.6,0.77,-0.99,0.64,-0.17,-0.81,0.83,1.14,0.0,0.85,3.09, , , , , ,665.9,665.5,300.0,300.0, , , , , ,, , 
444,2018-05-07 09:52:28,-0.96,0.32,-1.25,0.12,0.01,-1.16,0.37,1.14,-0.47,0.47,3.0, , , , , ,665.9,665.5,1800.0,400.0, , , , , ,, , 
445,2018-05-07 09:52:31,-1.06,0.12,-1.35,0.01,0.01,-1.25,0.06,1.0,-0.59,0.3,2.79, , , , , ,665.89,665.7,600.0,100.0, , , , , ,, , 
446,2018-05-07 09:52:34,-0.84,0.02,-1.21,-0.02,0.01,-0.9,-0.13,1.01,-0.41,0.22,2.76, , , , , ,665.89,665.7,2200.0,200.0, , , , , ,, , 
447,2018-05-07 09:52:37,-0.7,0.28,-0.86,0.29,1.25,-1.0,0.16,2.16,-0.23,0.4,3.96, , , , , ,665.01,664.96,100.0,200.0, , , , , ,, , 
448,2018-05-07 09:52:40,-0.7,0.52,-0.75,0.51,1.21,-1.01,0.68,2.08,-0.33,0.39,3.94, , , , , ,665.01,664.96,1800.0,200.0, , , , , ,, , 
449,2018-05-07 09:52:43,-0.77,0.25,-0.81,0.2,1.13,-1.02,0.29,2.02,-0.47,0.25,3.92, , , , , ,665.0,664.96,200.0,100.0, , , , , ,, , 
450,2018-05-07 09:52:46,-0.75,0.27,-0.93,0.25,1.26,-0.79,0.31,2.02,-0.52,0.26,3.96, , , , , ,664.96,664.89,100.0,600.0, , , , , ,, , 
451,2018-05-07 09:52:49,-0.83,0.17,-0.88,0.08,1.31,-0.9,0.25,2.01,-0.7,0.2,4.12, , , , , ,664.96,664.89,800.0,700.0, , , , , ,, , 
452,2018-05-07 09:52:52,-0.96,0.26,-0.94,0.02,1.41,-1.16,0.54,1.92,-0.78,0.23,4.29, , , , , ,664.96,664.89,400.0,600.0, , , , , ,, , 
453,2018-05-07 09:52:55,-0.91,0.06,-0.68,-0.06,1.64,-1.21,0.1,1.82,-0.84,0.13,4.46, , , , , ,664.96,664.89,800.0,200.0, , , , , ,, , 
454,2018-05-07 09:52:58,-0.86,0.2,-0.69,0.0,1.75,-1.13,0.35,1.66,-0.75,0.24,4.41, , , , , ,665.0,664.96,200.0,300.0, , , , , ,, , 
455,2018-05-07 09:53:01,-0.59,0.41,-0.5,0.24,1.9,-0.79,0.58,1.54,-0.48,0.42,4.25, , , , , ,665.01,665.0,100.0,500.0, , , , , ,, , 
456,2018-05-07 09:53:04,-0.55,0.52,-0.7,0.13,1.71,-0.71,0.65,1.16,-0.24,0.78,3.75, , , , , ,665.5,665.01,200.0,300.0, , , , , ,, , 
457,2018-05-07 09:53:07,-0.4,0.57,-0.64,0.19,1.86,-0.59,0.49,1.16,0.03,1.04,3.62, , , , , ,665.5,665.01,200.0,600.0, , , , , ,, , 
458,2018-05-07 09:53:10,-0.27,0.69,-0.79,0.32,1.29,-0.32,0.49,0.6,0.29,1.25,3.1, , , , , ,665.7,665.55,300.0,400.0, , , , , ,, , 
459,2018-05-07 09:53:13,-0.6,0.5,-0.93,0.1,1.29,-0.78,0.44,0.57,-0.1,0.96,3.08, , , , , ,665.7,665.55,400.0,200.0, , , , , ,, , 
460,2018-05-07 09:53:16,-0.75,0.42,-0.91,0.17,1.33,-0.88,0.45,0.58,-0.47,0.64,3.12, , , , , ,665.7,665.5,400.0,200.0, , , , , ,, , 
461,2018-05-07 09:53:19,-0.53,0.52,-0.59,0.38,1.64,-0.65,0.55,0.94,-0.36,0.65,3.46, , , , , ,665.7,665.0,300.0,300.0, , , , , ,, , 
462,2018-05-07 09:53:22,-0.24,0.6,-0.52,0.42,1.5,-0.15,0.73,0.78,-0.04,0.63,3.39, , , , , ,665.88,665.0,156.0,300.0, , , , , ,, , 
463,2018-05-07 09:53:25,-0.22,0.83,-0.62,0.54,0.96,-0.21,1.06,0.21,0.17,0.88,2.91, , , , , ,665.88,665.75,156.0,200.0, , , , , ,, , 
464,2018-05-07 09:53:28,-0.15,0.86,-0.5,0.53,1.05,-0.16,1.1,0.29,0.22,0.95,3.08, , , , , ,665.77,665.75,100.0,400.0, , , , , ,, , 
465,2018-05-07 09:53:31,-0.24,0.81,-0.5,0.65,0.98,-0.25,0.76,0.2,0.02,1.02,3.12, , , , , ,665.88,665.75,156.0,200.0, , , , , ,, , 
466,2018-05-07 09:53:34,-0.29,0.66,-0.58,0.52,0.99,-0.26,0.6,0.21,-0.02,0.85,3.2, , , , , ,665.88,665.75,156.0,300.0, , , , , ,, , 
467,2018-05-07 09:53:37,-0.54,0.38,-0.75,0.28,0.92,-0.58,0.39,0.27,-0.27,0.46,3.29, , , , , ,665.87,665.75,100.0,200.0, , , , , ,, , 
468,2018-05-07 09:53:40,-0.61,0.33,-0.69,0.25,0.83,-0.64,0.39,0.3,-0.5,0.35,3.46, , , , , ,665.89,665.75,600.0,144.0, , , , , ,, , 
469,2018-05-07 09:53:43,-0.44,0.44,-0.49,0.54,0.94,-0.4,0.38,0.53,-0.43,0.39,3.8, , , , , ,665.89,665.5,56.0,500.0, , , , , ,, , 
470,2018-05-07 09:53:46,-0.37,0.41,-0.45,0.49,1.0,-0.29,0.37,0.73,-0.38,0.37,4.04, , , , , ,665.7,665.5,100.0,500.0, , , , , ,, , 
471,2018-05-07 09:53:49,-0.3,0.5,-0.38,0.46,0.48,-0.31,0.57,0.28,-0.2,0.49,3.58, , , , , ,666.0,665.89,1849.0,44.0, , , , , ,, , 
472,2018-05-07 09:53:52,-0.16,0.75,-0.37,0.55,0.38,-0.11,0.9,0.41,0.01,0.82,3.58, , , , , ,666.0,665.89,1849.0,144.0, , , , , ,, , 
473,2018-05-07 09:53:55,0.24,1.22,-0.08,0.82,0.29,0.33,1.31,0.53,0.48,1.52,3.65, , , , , ,666.0,665.89,149.0,97.0, , , , , ,, , 
474,2018-05-07 09:53:58,0.65,1.22,0.09,0.84,-0.22,0.77,1.37,0.23,1.09,1.45,3.39, , , , , ,666.4,666.05,400.0,100.0, , , , , ,, , 
475,2018-05-07 09:54:01,0.58,1.19,-0.06,0.86,-0.64,0.6,1.31,-0.01,1.19,1.39,3.36, , , , , ,666.49,666.4,200.0,100.0, , , , , ,, , 
476,2018-05-07 09:54:04,0.62,1.32,0.1,1.08,-0.64,0.6,1.52,0.03,1.17,1.37,3.66, , , , , ,666.49,666.4,200.0,200.0, , , , , ,, , 
477,2018-05-07 09:54:07,0.57,1.32,0.21,1.06,-0.64,0.5,1.53,0.16,0.99,1.37,3.9, , , , , ,666.5,666.4,100.0,600.0, , , , , ,, , 
478,2018-05-07 09:54:10,0.65,1.42,0.3,1.21,-0.91,0.58,1.62,0.03,1.06,1.42,3.81, , , , , ,666.76,666.49,100.0,100.0, , , , , ,, , 
479,2018-05-07 09:54:13,0.18,0.97,0.04,0.9,-0.63,0.04,1.14,0.47,0.46,0.87,4.2, , , , , ,666.45,666.4,300.0,100.0, , , , , ,, , 
480,2018-05-07 09:54:16,0.02,0.76,-0.08,0.69,-0.65,-0.01,1.04,0.61,0.14,0.55,4.31, , , , , ,666.45,666.4,300.0,800.0, , , , , ,, , 
481,2018-05-07 09:54:19,0.06,0.64,-0.06,0.65,-0.72,0.01,0.8,0.67,0.21,0.46,4.36, , , , , ,666.5,666.4,100.0,600.0, , , , , ,, , 
482,2018-05-07 09:54:22,0.01,0.43,-0.04,0.53,-0.74,-0.13,0.48,0.72,0.19,0.29,4.47, , , , , ,666.5,666.4,100.0,700.0, , , , , ,, , 
483,2018-05-07 09:54:25,-0.38,0.09,-0.29,0.14,-0.73,-0.65,0.17,0.77,-0.19,-0.06,4.74, , , , , ,666.49,666.4,100.0,400.0, , , , , ,, , 
484,2018-05-07 09:54:28,-0.75,-0.11,-0.7,-0.1,-0.78,-0.99,-0.02,0.83,-0.55,-0.23,4.89, , , , , ,666.49,666.45,1900.0,900.0, , , , , ,, , 
485,2018-05-07 09:54:31,-0.87,-0.25,-0.79,-0.3,-0.78,-1.17,-0.17,0.99,-0.67,-0.29,5.16, , , , , ,666.49,666.45,1600.0,400.0, , , , , ,, , 
486,2018-05-07 09:54:34,-0.88,-0.29,-0.76,-0.22,-0.78,-1.16,-0.25,1.16,-0.72,-0.4,5.39, , , , , ,666.49,666.45,1600.0,400.0, , , , , ,, , 
487,2018-05-07 09:54:37,-0.85,-0.28,-0.68,-0.25,-0.72,-1.08,-0.15,1.32,-0.79,-0.43,5.52, , , , , ,666.49,666.45,500.0,400.0, , , , , ,, , 
488,2018-05-07 09:54:40,-0.91,-0.29,-0.75,-0.16,-0.39,-1.2,-0.2,1.78,-0.77,-0.5,5.95, , , , , ,666.45,666.1,100.0,200.0, , , , , ,, , 
489,2018-05-07 09:54:43,-0.94,-0.29,-0.81,-0.24,-0.34,-1.17,-0.17,1.85,-0.86,-0.45,6.13, , , , , ,666.45,666.1,100.0,200.0, , , , , ,, , 
490,2018-05-07 09:54:46,-0.84,-0.15,-0.76,-0.17,-0.28,-1.02,-0.07,1.92,-0.73,-0.22,6.42, , , , , ,666.45,666.1,1100.0,400.0, , , , , ,, , 
491,2018-05-07 09:54:49,-0.78,-0.1,-0.74,-0.29,-0.18,-0.93,-0.03,2.04,-0.66,0.02,6.7, , , , , ,666.4,666.1,500.0,500.0, , , , , ,, , 
492,2018-05-07 09:54:52,-0.9,-0.14,-0.88,-0.31,-0.05,-1.08,-0.15,2.02,-0.74,0.04,6.92, , , , , ,666.4,666.1,1200.0,300.0, , , , , ,, , 
493,2018-05-07 09:54:55,-1.0,-0.31,-0.91,-0.48,0.4,-1.13,-0.32,2.35,-0.95,-0.13,7.41, , , , , ,666.05,666.0,100.0,100.0, , , , , ,, , 
494,2018-05-07 09:54:58,-1.1,-0.37,-0.95,-0.49,0.54,-1.33,-0.4,2.36,-1.02,-0.23,7.71, , , , , ,666.05,666.0,700.0,100.0, , , , , ,, , 
495,2018-05-07 09:55:01,-1.06,-0.32,-0.91,-0.48,0.62,-1.33,-0.26,2.39,-0.94,-0.22,8.0, , , , , ,666.05,666.0,200.0,200.0, , , , , ,, , 
496,2018-05-07 09:55:04,-0.88,-0.13,-0.79,-0.25,0.67,-1.12,-0.15,2.46,-0.73,0.0,8.31, , , , , ,666.05,666.0,400.0,400.0, , , , , ,, , 
497,2018-05-07 09:55:07,-0.96,-0.22,-0.93,-0.38,0.8,-1.15,-0.21,2.54,-0.78,-0.08,8.61, , , , , ,666.04,666.0,600.0,200.0, , , , , ,, , 
498,2018-05-07 09:55:10,-0.94,-0.23,-0.81,-0.38,0.92,-1.26,-0.25,2.5,-0.74,-0.05,8.71, , , , , ,666.04,666.02,800.0,100.0, , , , , ,, , 
499,2018-05-07 09:55:13,-0.07,0.58,0.15,0.57,1.08,-0.34,0.87,2.48,-0.03,0.3,8.85, , , , , ,666.03,666.0,100.0,21100.0, , , , , ,, , 
500,2018-05-07 09:55:16,-0.05,0.45,-0.16,0.2,1.31,-0.47,0.56,2.62,0.46,0.6,9.04, , , , , ,666.03,665.88,700.0,500.0, , , , , ,, , 
501,2018-05-07 09:55:19,-0.36,0.06,-0.6,-0.14,1.4,-0.49,-0.05,2.63,0.03,0.36,8.89, , , , , ,666.03,665.89,100.0,600.0, , , , , ,, , 
502,2018-05-07 09:55:22,-0.39,0.2,-0.54,0.12,1.46,-0.55,0.17,2.67,-0.1,0.32,8.63, , , , , ,666.04,665.89,100.0,2000.0, , , , , ,, , 
503,2018-05-07 09:55:25,-0.26,0.27,-0.34,-0.01,1.53,-0.62,0.32,2.73,0.2,0.5,8.41, , , , , ,666.0,665.88,900.0,1800.0, , , , , ,, , 
504,2018-05-07 09:55:28,-0.42,0.2,-0.55,-0.08,1.62,-0.73,0.13,2.63,0.01,0.55,8.33, , , , , ,666.0,665.89,400.0,900.0, , , , , ,, , 
505,2018-05-07 09:55:31,-0.27,0.3,-0.38,0.01,1.76,-0.79,0.22,2.56,0.37,0.66,8.36, , , , , ,666.02,665.89,2000.0,1100.0, , , , , ,, , 
506,2018-05-07 09:55:34,-0.25,0.32,-0.34,0.08,1.93,-0.83,0.31,2.53,0.43,0.56,8.55, , , , , ,666.02,665.89,800.0,500.0, , , , , ,, , 
507,2018-05-07 09:55:37,-0.05,0.47,-0.08,0.19,2.11,-0.61,0.63,2.52,0.55,0.59,8.71, , , , , ,666.0,665.89,200.0,700.0, , , , , ,, , 
508,2018-05-07 09:55:40,0.01,0.58,-0.11,0.18,2.06,-0.55,0.73,2.28,0.7,0.84,8.48, , , , , ,666.1,666.07,400.0,400.0, , , , , ,, , 
509,2018-05-07 09:55:43,0.14,0.72,-0.06,0.38,2.14,-0.25,0.81,2.25,0.71,0.99,8.57, , , , , ,666.1,666.07,200.0,200.0, , , , , ,, , 
510,2018-05-07 09:55:46,0.18,0.8,-0.04,0.55,2.22,-0.19,0.86,2.22,0.77,1.0,8.54, , , , , ,666.09,666.07,100.0,300.0, , , , , ,, , 
511,2018-05-07 09:55:49,0.24,0.83,-0.01,0.54,2.27,-0.11,1.01,2.36,0.85,0.95,8.52, , , , , ,666.1,666.09,400.0,200.0, , , , , ,, , 
512,2018-05-07 09:55:52,0.37,1.05,0.0,0.7,2.0,0.1,1.29,2.28,1.01,1.16,8.25, , , , , ,666.39,666.13,100.0,300.0, , , , , ,, , 
513,2018-05-07 09:55:55,0.59,1.26,0.1,0.87,1.76,0.6,1.43,2.21,1.05,1.49,8.0, , , , , ,666.45,666.39,400.0,200.0, , , , , ,, , 
514,2018-05-07 09:55:58,0.74,1.41,0.23,0.96,1.8,0.89,1.75,2.28,1.09,1.52,8.04,500.0,666.4,666.4,200.0,212.0,666.4,666.39,200.0,200.0, , , ,2018-05-07 09:55:58.742000,2018-05-07 09:56:01.920000,, , 
515,2018-05-07 09:56:01,0.87,1.58,0.35,1.13,1.76,1.14,1.91,2.08,1.1,1.69,7.97, , , , , ,666.49,666.4,100.0,300.0, , , , , ,, , 
516,2018-05-07 09:56:04,1.1,1.71,0.73,1.16,1.75,1.36,1.97,1.89,1.22,2.0,7.89,500.0,666.5,666.5,500.0,712.0,666.5,666.48,100.0,100.0, , , ,2018-05-07 09:56:04.645000,2018-05-07 09:56:06.485000,, , 
517,2018-05-07 09:56:07,1.24,1.73,0.81,1.32,1.75,1.6,1.96,1.68,1.3,1.9,7.91,500.0,666.6,666.6,500.0,1212.0,666.6,666.49,100.0,1000.0, , , ,2018-05-07 09:56:07.714000,2018-05-07 09:56:09.016000,, , 
518,2018-05-07 09:56:10,1.29,1.71,1.0,1.41,1.46,1.52,1.91,1.44,1.37,1.81,7.75,500.0,666.75,666.75,500.0,1712.0,666.75,666.7,200.0,6200.0, , , ,2018-05-07 09:56:10.695000,2018-05-07 09:56:12.566000,, , 
519,2018-05-07 09:56:13,1.31,1.8,0.97,1.55,1.29,1.45,2.08,1.31,1.52,1.78,7.75,500.0,666.86,666.86,300.0,2012.0,666.86,666.75,600.0,100.0, , , ,2018-05-07 09:56:13.710000,2018-05-07 09:56:17.003000,, , 
520,2018-05-07 09:56:16,1.27,1.79,0.93,1.56,1.25,1.35,2.06,1.2,1.52,1.75,7.72, , , , , ,666.89,666.86,100.0,1100.0, , , , , ,, , 
521,2018-05-07 09:56:19,1.32,1.79,1.08,1.61,1.19,1.51,2.02,1.1,1.37,1.74,7.62,400.0,666.94,666.94,100.0,2112.0,666.94,666.89,100.0,200.0, , , ,2018-05-07 09:56:19.666000,2018-05-07 09:56:23.042000,, , 
522,2018-05-07 09:56:22,1.33,1.76,1.15,1.72,1.17,1.58,2.0,1.08,1.27,1.58,7.47, , , , , ,666.98,666.96,100.0,200.0, , , , , ,, , 
523,2018-05-07 09:56:25,1.16,1.57,0.98,1.6,1.18,1.33,1.78,1.17,1.16,1.31,7.41,300.0,666.98,666.98,300.0,2412.0,666.98,666.96,1000.0,2300.0, , , ,2018-05-07 09:56:25.648000,2018-05-07 09:56:26.255000,, , 
524,2018-05-07 09:56:28,1.16,1.65,1.05,1.74,1.06,1.33,1.73,1.23,1.09,1.48,7.43, , , , , ,667.0,666.98,500.0,4500.0, , , , , ,, , 
525,2018-05-07 09:56:31,1.2,1.63,1.13,1.65,0.73,1.42,1.68,1.09,1.03,1.57,7.26, , , , , ,667.3,667.03,400.0,400.0, , , , , ,, , 
526,2018-05-07 09:56:34,1.04,1.4,1.02,1.51,0.36,1.33,1.41,0.83,0.77,1.27,7.02, , , , , ,667.48,667.3,100.0,400.0, , , , , ,, , 
527,2018-05-07 09:56:37,1.01,1.49,1.01,1.62,0.32,1.26,1.5,0.89,0.75,1.36,7.11, , , , , ,667.48,667.35,100.0,100.0, , , , , ,, , 
528,2018-05-07 09:56:40,1.15,1.8,1.14,1.99,0.27,1.43,1.71,1.03,0.87,1.71,7.06, , , , , ,667.5,667.36,338.0,1000.0, , , , , ,, , 
529,2018-05-07 09:56:43,1.08,1.73,1.09,1.98,-0.04,1.42,1.62,0.93,0.74,1.58,6.8, , , , , ,667.66,667.56,300.0,200.0, , , , , ,, , 
530,2018-05-07 09:56:46,0.89,1.51,0.97,1.9,-0.04,1.06,1.44,1.06,0.64,1.2,6.86, , , , , ,667.6,667.57,59.0,300.0, , , , , ,, , 
531,2018-05-07 09:56:49,0.74,1.35,0.71,1.75,0.08,0.9,1.5,1.07,0.62,0.79,6.78, , , , , ,667.66,667.56,100.0,3641.0, , , , , ,, , 
532,2018-05-07 09:56:52,0.59,1.37,0.47,1.74,0.23,0.77,1.42,1.06,0.52,0.97,6.76, , , , , ,667.68,667.57,700.0,100.0, , , , , ,, , 
533,2018-05-07 09:56:55,0.51,1.12,0.53,1.63,0.49,0.75,1.21,1.21,0.24,0.52,6.9, , , , , ,667.57,667.56,200.0,3641.0, , , , , ,, , 
534,2018-05-07 09:56:58,0.5,1.11,0.54,1.52,0.52,0.77,1.27,1.38,0.19,0.55,6.88, , , , , ,667.57,667.56,100.0,3641.0, , , , , ,, , 
535,2018-05-07 09:57:01,0.43,0.98,0.45,1.36,0.32,0.71,1.13,1.59,0.14,0.45,6.87, , , , , ,667.65,667.6,100.0,100.0, , , , , ,, , 
536,2018-05-07 09:57:04,0.21,0.7,0.22,1.05,0.05,0.32,0.78,1.74,0.08,0.27,6.83, , , , , ,667.77,667.66,100.0,200.0, , , , , ,, , 
537,2018-05-07 09:57:07,0.16,0.6,0.24,0.91,-0.11,0.28,0.63,1.97,-0.03,0.26,6.79, , , , , ,667.79,667.68,100.0,800.0, , , , , ,, , 
538,2018-05-07 09:57:10,-0.09,0.41,-0.04,0.8,-0.11,0.09,0.33,2.1,-0.31,0.1,6.81, , , , , ,667.77,667.75,100.0,300.0, , , , , ,, , 
539,2018-05-07 09:57:13,-0.28,0.16,-0.09,0.59,0.14,-0.22,0.08,2.45,-0.54,-0.2,7.06, , , , , ,667.61,667.56,500.0,2041.0, , , , , ,, , 
540,2018-05-07 09:57:16,-0.38,0.17,-0.26,0.64,0.14,-0.25,0.14,2.57,-0.62,-0.28,7.0, , , , , ,667.61,667.56,200.0,2041.0, , , , , ,, , 
541,2018-05-07 09:57:19,0.01,0.4,0.19,1.0,-0.36,0.15,0.46,2.18,-0.3,-0.27,6.53, , , , , ,668.0,667.79,10000.0,100.0, , , , , ,, , 
542,2018-05-07 09:57:22,0.18,0.59,0.32,1.05,-0.13,0.27,0.7,2.47,-0.04,0.02,6.72, , , , , ,667.79,667.77,500.0,800.0, , , , , ,, , 
543,2018-05-07 09:57:25,0.19,0.55,0.26,0.97,0.04,0.23,0.73,2.81,0.07,-0.03,6.81, , , , , ,667.79,667.66,600.0,100.0, , , , , ,, , 
544,2018-05-07 09:57:28,-0.04,0.41,0.08,0.89,0.27,0.04,0.44,3.15,-0.22,-0.09,7.01, , , , , ,667.66,667.61,200.0,100.0, , , , , ,, , 
545,2018-05-07 09:57:31,-0.07,0.64,0.01,1.19,0.39,0.12,0.56,3.4,-0.34,0.17,7.04, , , , , ,667.66,667.61,100.0,900.0, , , , , ,, , 
546,2018-05-07 09:57:34,0.22,0.86,0.3,1.27,0.46,0.28,0.7,3.64,0.07,0.62,7.04, , , , , ,667.66,667.61,600.0,1400.0, , , , , ,, , 
547,2018-05-07 09:57:37,0.17,0.88,0.3,1.13,0.55,0.1,0.85,3.76,0.1,0.67,7.06, , , , , ,667.66,667.61,500.0,1000.0, , , , , ,, , 
548,2018-05-07 09:57:40,-0.13,0.54,0.04,0.81,0.79,-0.2,0.42,3.96,-0.25,0.4,7.16, , , , , ,667.61,667.56,500.0,800.0, , , , , ,, , 
549,2018-05-07 09:57:43,-0.5,0.08,-0.35,0.21,1.0,-0.43,0.05,4.2,-0.72,-0.01,7.19, , , , , ,667.57,667.56,500.0,500.0, , , , , ,, , 
550,2018-05-07 09:57:46,-0.38,0.14,-0.25,0.32,1.09,-0.3,0.07,4.48,-0.58,0.02,7.2, , , , , ,667.57,667.56,300.0,100.0, , , , , ,, , 
551,2018-05-07 09:57:49,-0.28,0.21,-0.25,0.2,1.19,-0.26,0.21,4.77,-0.34,0.21,7.27, , , , , ,667.56,667.5,900.0,2200.0, , , , , ,, , 
552,2018-05-07 09:57:52,-0.1,0.51,-0.08,0.75,0.48,-0.03,0.4,4.27,-0.18,0.37,6.52, , , , , ,668.02,668.0,200.0,3500.0, , , , , ,, , 
553,2018-05-07 09:57:55,0.26,0.83,0.22,1.16,0.54,0.24,0.76,4.41,0.33,0.57,6.49, , , , , ,668.02,668.0,400.0,2500.0, , , , , ,, , 
554,2018-05-07 09:57:58,0.23,0.98,0.04,1.18,0.71,0.22,0.8,4.71,0.43,0.96,6.47, , , , , ,668.02,668.0,200.0,1300.0, , , , , ,, , 
555,2018-05-07 09:58:01,0.17,0.93,0.23,1.08,1.6,-0.04,0.77,5.6,0.34,0.95,7.04, , , , , ,667.66,667.57,400.0,200.0, , , , , ,, , 
556,2018-05-07 09:58:04,0.08,0.83,0.01,0.98,1.75,-0.07,0.73,5.77,0.3,0.78,6.9, , , , , ,667.75,667.66,1000.0,200.0, , , , , ,, , 
557,2018-05-07 09:58:07,0.01,0.49,-0.07,0.58,2.08,-0.2,0.41,6.13,0.28,0.47,6.99, , , , , ,667.75,667.57,800.0,200.0, , , , , ,, , 
558,2018-05-07 09:58:10,-0.18,0.34,-0.33,0.29,2.23,-0.4,0.38,6.23,0.19,0.35,6.97, , , , , ,667.75,667.6,2300.0,100.0, , , , , ,, , 
559,2018-05-07 09:58:13,-0.45,0.03,-0.64,-0.18,2.27,-0.71,0.11,6.3,0.02,0.16,6.91, , , , , ,667.75,667.66,1600.0,100.0, , , , , ,, , 
560,2018-05-07 09:58:16,-0.25,0.35,-0.42,0.31,2.43,-0.48,0.43,6.44,0.15,0.31,6.94, , , , , ,667.85,667.5,400.0,100.0, , , , , ,, , 
561,2018-05-07 09:58:19,-0.03,0.52,-0.22,0.39,2.56,-0.21,0.45,6.36,0.35,0.7,6.96, , , , , ,668.0,667.28,400.0,200.0, , , , , ,, , 
562,2018-05-07 09:58:22,-0.03,0.38,-0.35,0.26,2.77,-0.16,0.34,6.19,0.43,0.55,7.04, , , , , ,667.66,667.5,200.0,600.0, , , , , ,, , 
563,2018-05-07 09:58:25,-0.17,0.53,-0.37,0.32,2.58,-0.35,0.53,5.48,0.2,0.73,6.58, , , , , ,668.16,667.6,200.0,6960.0, , , , , ,, , 
564,2018-05-07 09:58:28,-0.12,0.47,-0.25,0.39,2.75,-0.28,0.43,5.38,0.18,0.6,6.61, , , , , ,668.0,667.8,800.0,1300.0, , , , , ,, , 
565,2018-05-07 09:58:31,-0.09,0.36,-0.33,0.44,3.01,-0.34,0.34,5.42,0.41,0.31,6.67, , , , , ,667.99,667.8,100.0,1200.0, , , , , ,, , 
566,2018-05-07 09:58:34,0.17,0.75,-0.06,0.81,3.25,-0.04,0.7,5.62,0.6,0.75,6.73, , , , , ,667.99,667.8,100.0,2700.0, , , , , ,, , 
567,2018-05-07 09:58:37,0.42,1.11,0.25,1.32,3.09,0.34,1.14,5.48,0.66,0.88,6.48, , , , , ,668.16,668.0,35.0,9200.0, , , , , ,, , 
568,2018-05-07 09:58:40,0.62,1.15,0.48,1.35,3.12,0.52,1.31,5.37,0.86,0.8,6.33, , , , , ,668.3,668.0,500.0,10065.0, , , , , ,, , 
569,2018-05-07 09:58:43,0.87,1.34,0.48,1.45,3.01,0.99,1.6,5.17,1.15,0.97,5.96, , , , , ,668.39,668.3,200.0,100.0, , , , , ,, , 
570,2018-05-07 09:58:46,0.92,1.32,0.61,1.43,3.3,0.99,1.64,5.12,1.17,0.88,5.88, , , , , ,668.39,668.3,100.0,100.0, , , , , ,, , 
571,2018-05-07 09:58:49,0.81,1.37,0.47,1.43,3.56,0.91,1.67,5.14,1.05,1.02,5.84, , , , , ,668.43,668.24,300.0,100.0, , , , , ,, , 
572,2018-05-07 09:58:52,0.8,1.26,0.63,1.27,3.88,0.82,1.62,5.21,0.95,0.91,5.92, , , , , ,668.3,668.25,100.0,600.0, , , , , ,, , 
573,2018-05-07 09:58:55,0.91,1.19,0.6,1.26,3.86,1.09,1.44,5.06,1.04,0.85,5.75, , , , , ,668.5,668.25,500.0,700.0, , , , , ,, , 
574,2018-05-07 09:58:58,0.81,0.97,0.53,1.14,3.96,1.09,1.28,4.86,0.82,0.5,5.54, , , , , ,668.52,668.5,200.0,200.0, , , , , ,, , 
575,2018-05-07 09:59:01,0.64,1.23,0.32,1.38,3.85,0.8,1.23,4.46,0.79,1.08,5.11, , , , , ,669.0,668.55,5300.0,100.0, , , , , ,, , 
576,2018-05-07 09:59:04,0.85,1.61,0.62,1.77,3.71,0.95,1.58,4.0,0.96,1.48,4.53, , , , , ,669.15,669.0,100.0,2053.0, , , , , ,, , 
577,2018-05-07 09:59:07,1.22,2.0,1.03,2.23,3.89,1.3,1.87,3.98,1.32,1.9,4.25, , , , , ,669.16,669.15,300.0,100.0, , , , , ,, , 
578,2018-05-07 09:59:10,1.41,1.98,1.26,2.17,3.95,1.53,1.89,4.04,1.43,1.86,4.04, , , , , ,669.22,669.16,300.0,2200.0, , , , , ,, , 
579,2018-05-07 09:59:13,1.32,1.91,1.27,2.31,4.0,1.48,1.68,4.1,1.21,1.73,3.84, , , , , ,669.3,669.16,500.0,800.0, , , , , ,, , 
580,2018-05-07 09:59:16,1.03,1.8,1.04,2.13,3.99,1.19,1.82,4.06,0.86,1.45,3.66, , , , , ,669.31,669.3,100.0,200.0, , , , , ,, , 
581,2018-05-07 09:59:19,1.05,1.66,1.0,2.08,3.61,1.13,1.45,3.77,1.0,1.46,3.4, , , , , ,669.62,669.31,100.0,100.0, , , , , ,, , 
582,2018-05-07 09:59:22,0.84,1.38,0.84,1.7,3.45,0.82,1.37,3.81,0.88,1.05,3.44, , , , , ,669.5,669.31,700.0,500.0, , , , , ,, , 
583,2018-05-07 09:59:25,0.51,1.19,0.4,1.56,2.98,0.55,0.95,3.54,0.59,1.06,3.25, , , , , ,669.77,669.31,100.0,400.0, , , , , ,, , 
584,2018-05-07 09:59:28,0.15,0.95,0.31,1.36,2.23,0.23,0.97,2.91,-0.1,0.5,2.6, , , , , ,670.0,669.99,20400.0,200.0, , , , , ,, , 
585,2018-05-07 09:59:31,0.41,1.08,0.52,1.58,2.27,0.41,0.65,3.01,0.3,1.02,2.6, , , , , ,670.0,669.99,7900.0,2100.0, , , , , ,, , 
586,2018-05-07 09:59:34,1.24,1.8,1.31,2.55,2.31,1.3,1.34,2.95,1.12,1.51,2.51, , , , , ,670.15,670.05,1000.0,8300.0, , , , , ,, , 
587,2018-05-07 09:59:37,1.26,1.86,1.33,2.43,2.34,1.28,1.27,2.96,1.18,1.88,2.54, , , , , ,670.2,670.15,100.0,3700.0, , , , , ,, , 
588,2018-05-07 09:59:40,1.15,1.88,1.28,2.36,2.13,1.06,1.42,2.74,1.1,1.87,2.43, , , , , ,670.43,670.19,100.0,8100.0, , , , , ,, , 
589,2018-05-07 09:59:43,1.1,1.69,1.25,2.31,2.16,0.86,1.02,2.69,1.2,1.74,2.51, , , , , ,670.5,670.2,500.0,2000.0, , , , , ,, , 
590,2018-05-07 09:59:46,0.89,1.5,0.83,2.05,1.71,0.92,1.03,2.3,0.93,1.41,2.26, , , , , ,670.66,670.57,100.0,100.0, , , , , ,, , 
591,2018-05-07 09:59:49,0.53,1.21,0.68,1.79,1.23,0.39,0.68,1.77,0.53,1.15,1.82, , , , , ,670.99,670.9,600.0,6400.0, , , , , ,, , 
592,2018-05-07 09:59:52,0.48,1.12,0.7,1.66,1.22,0.3,0.8,1.77,0.43,0.89,1.92, , , , , ,670.99,670.9,200.0,7800.0, , , , , ,, , 
593,2018-05-07 09:59:55,0.52,1.15,0.74,1.71,1.21,0.18,0.81,1.83,0.62,0.94,2.04, , , , , ,670.99,670.9,100.0,7900.0, , , , , ,, , 
594,2018-05-07 09:59:58,0.35,0.97,0.42,1.43,1.14,0.07,0.64,1.74,0.55,0.85,2.05, , , , , ,671.0,670.99,4300.0,300.0, , , , , ,, , 
595,2018-05-07 10:00:01,0.05,0.92,0.14,1.35,0.05,-0.21,0.47,0.71,0.23,0.95,1.14, , , , , ,671.76,671.7,300.0,2300.0, , , , , ,, , 
596,2018-05-07 10:00:04,0.05,0.89,0.29,1.17,0.03,-0.26,0.6,0.81,0.11,0.91,1.28, , , , , ,671.76,671.7,100.0,5100.0, , , , , ,, , 
597,2018-05-07 10:00:07,0.01,0.73,0.23,1.16,0.05,-0.51,0.19,0.73,0.32,0.84,1.34, , , , , ,671.86,671.7,1300.0,3200.0, , , , , ,, , 
598,2018-05-07 10:00:10,-0.23,0.49,-0.19,1.02,0.17,-0.58,-0.02,0.79,0.06,0.47,1.52, , , , , ,671.86,671.7,1400.0,2500.0, , , , , ,, , 
599,2018-05-07 10:00:13,-0.29,0.49,-0.16,0.95,-0.11,-0.72,-0.06,0.39,0.01,0.59,1.22, , , , , ,672.08,672.0,100.0,900.0, , , , , ,, , 
600,2018-05-07 10:00:16,-0.16,0.68,-0.07,1.09,-0.02,-0.55,0.1,0.32,0.14,0.84,1.3, , , , , ,672.08,672.0,200.0,1700.0, , , , , ,, , 
601,2018-05-07 10:00:19,-0.07,0.59,0.08,0.99,-0.07,-0.72,-0.03,0.32,0.44,0.81,1.37, , , , , ,672.08,672.0,200.0,400.0, , , , , ,, , 
602,2018-05-07 10:00:22,-0.29,0.29,-0.34,0.7,0.81,-0.84,-0.21,1.28,0.32,0.39,2.33, , , , , ,671.82,671.0,200.0,4300.0, , , , , ,, , 
603,2018-05-07 10:00:25,-0.63,0.14,-0.7,0.45,0.83,-0.9,-0.17,1.38,-0.28,0.14,2.44, , , , , ,671.7,671.0,100.0,3100.0, , , , , ,, , 
604,2018-05-07 10:00:28,-0.59,0.18,-0.49,0.39,0.88,-0.91,-0.03,1.44,-0.36,0.18,2.46, , , , , ,671.7,671.01,100.0,300.0, , , , , ,, , 
605,2018-05-07 10:00:31,-0.75,-0.05,-1.02,-0.01,0.24,-1.07,-0.28,0.73,-0.15,0.14,1.77, , , , , ,671.94,671.76,3600.0,100.0, , , , , ,, , 
606,2018-05-07 10:00:34,-0.94,-0.33,-1.22,-0.34,0.82,-1.05,-0.55,1.21,-0.54,-0.11,2.31,-2400.0,671.92,671.92,-100.0,2312.0,671.94,671.1,3200.0,100.0, , , ,2018-05-07 10:00:34.705000,2018-05-07 10:00:38.159000,, , 
607,2018-05-07 10:00:37,-0.8,-0.29,-0.93,-0.29,0.43,-1.05,-0.5,0.71,-0.42,-0.08,1.85, , , , , ,671.92,671.82,2300.0,1900.0, , , , , ,, , 
608,2018-05-07 10:00:40,-0.74,-0.21,-0.98,-0.23,0.61,-0.99,-0.48,0.94,-0.24,0.06,2.13, , , , , ,671.77,671.7,200.0,5409.0, , , , , ,, , 
609,2018-05-07 10:00:43,-0.64,-0.1,-1.08,-0.2,0.5,-1.04,-0.31,0.81,0.19,0.22,2.12, , , , , ,671.94,671.7,800.0,3509.0, , , , , ,, , 
610,2018-05-07 10:00:46,-0.58,0.02,-1.08,-0.23,0.59,-0.94,-0.18,0.91,0.29,0.48,2.34, , , , , ,671.82,671.7,500.0,809.0, , , , , ,, , 
611,2018-05-07 10:00:49,-0.59,0.04,-1.08,-0.29,0.57,-0.9,-0.33,0.94,0.2,0.75,2.52, , , , , ,671.8,671.7,300.0,909.0, , , , , ,, , 
612,2018-05-07 10:00:52,-0.59,-0.07,-1.01,-0.34,0.57,-0.85,-0.46,0.92,0.1,0.61,2.65, , , , , ,671.8,671.7,1200.0,609.0, , , , , ,, , 
613,2018-05-07 10:00:55,-0.47,0.09,-0.98,-0.27,0.57,-0.93,-0.27,0.83,0.51,0.81,2.7, , , , , ,671.8,671.77,900.0,800.0, , , , , ,, , 
614,2018-05-07 10:00:58,-0.41,0.03,-0.9,-0.34,0.62,-0.8,-0.25,0.87,0.47,0.68,2.83, , , , , ,671.79,671.7,100.0,2600.0, , , , , ,, , 
615,2018-05-07 10:01:01,-0.41,-0.05,-0.9,-0.4,0.7,-0.75,-0.32,0.84,0.42,0.57,2.91, , , , , ,671.79,671.7,600.0,1500.0, , , , , ,, , 
616,2018-05-07 10:01:04,-0.59,-0.26,-1.11,-0.64,0.76,-0.87,-0.54,0.81,0.21,0.39,2.76, , , , , ,671.84,671.7,300.0,200.0, , , , , ,, , 
617,2018-05-07 10:01:07,-0.6,-0.19,-1.13,-0.57,0.8,-1.04,-0.39,0.89,0.37,0.4,2.88, , , , , ,671.77,671.7,100.0,500.0, , , , , ,, , 
618,2018-05-07 10:01:10,-0.16,0.28,-0.5,-0.02,0.43,-0.63,-0.04,0.47,0.64,0.88,2.37, , , , , ,672.03,672.0,100.0,2700.0, , , , , ,, , 
619,2018-05-07 10:01:13,0.23,0.99,-0.19,0.36,0.39,-0.17,0.56,0.41,1.05,2.04,2.2, , , , , ,672.08,672.0,300.0,9800.0, , , , , ,, , 
620,2018-05-07 10:01:16,0.27,1.03,-0.21,0.28,0.24,-0.08,0.43,0.32,1.09,2.37,2.35, , , , , ,672.1,672.08,100.0,300.0, , , , , ,, , 
621,2018-05-07 10:01:19,0.11,0.76,-0.35,0.15,0.45,-0.47,0.11,0.5,1.15,2.03,2.6, , , , , ,672.1,671.8,100.0,100.0, , , , , ,, , 
622,2018-05-07 10:01:22,-0.29,0.34,-0.79,-0.11,0.57,-0.67,-0.15,0.6,0.58,1.28,2.67, , , , , ,671.97,671.8,800.0,600.0, , , , , ,, , 
623,2018-05-07 10:01:25,-0.3,0.42,-0.67,-0.17,0.56,-0.69,-0.03,0.56,0.47,1.46,2.78, , , , , ,672.0,671.8,300.0,600.0, , , , , ,, , 
624,2018-05-07 10:01:28,-0.3,0.35,-0.77,-0.03,0.62,-0.81,-0.12,0.61,0.67,1.19,2.76, , , , , ,672.0,671.8,300.0,700.0, , , , , ,, , 
625,2018-05-07 10:01:31,-0.02,0.38,-0.36,-0.01,0.36,-0.71,0.0,0.37,1.01,1.14,2.25, , , , , ,672.2,672.0,100.0,9100.0, , , , , ,, , 
626,2018-05-07 10:01:34,-0.04,0.5,-0.44,0.1,0.27,-0.55,0.16,0.36,0.87,1.22,2.33, , , , , ,672.3,672.0,5200.0,8200.0, , , , , ,, , 
627,2018-05-07 10:01:37,0.29,1.07,-0.07,0.46,0.29,-0.16,0.77,0.39,1.11,1.96,2.34, , , , , ,672.3,672.0,1000.0,5700.0, , , , , ,, , 
628,2018-05-07 10:01:40,0.45,1.35,0.16,0.86,0.18,-0.08,1.09,0.2,1.28,2.11,2.22, , , , , ,672.39,672.1,100.0,100.0, , , , , ,, , 
629,2018-05-07 10:01:43,0.57,1.28,0.18,0.76,0.48,-0.06,0.78,0.43,1.6,2.3,2.71, , , , , ,672.08,672.0,1100.0,5100.0, , , , , ,, , 
630,2018-05-07 10:01:46,0.5,1.01,0.09,0.46,0.28,0.04,0.45,0.14,1.37,2.11,2.38, , , , , ,672.28,672.08,1400.0,900.0, , , , , ,, , 
631,2018-05-07 10:01:49,0.44,1.14,0.14,0.48,0.3,0.05,0.57,0.09,1.15,2.37,2.21, , , , , ,672.28,672.08,1700.0,200.0, , , , , ,, , 
632,2018-05-07 10:01:52,0.3,0.91,-0.01,0.43,0.33,-0.14,0.47,0.12,1.06,1.82,2.08, , , , , ,672.28,672.0,200.0,14800.0, , , , , ,, , 
633,2018-05-07 10:01:55,0.4,0.87,-0.05,0.46,0.46,-0.14,0.32,0.27,1.41,1.85,2.19, , , , , ,672.08,672.0,1300.0,14800.0, , , , , ,, , 
634,2018-05-07 10:01:58,0.27,0.55,0.02,0.37,0.0,-0.12,0.11,-0.17,0.92,1.19,1.9, , , , , ,672.38,672.28,100.0,100.0, , , , , ,, , 
635,2018-05-07 10:02:01,0.22,0.61,0.02,0.3,0.26,-0.11,0.25,0.08,0.74,1.29,2.34, , , , , ,672.28,672.0,100.0,14500.0, , , , , ,, , 
636,2018-05-07 10:02:04,0.2,0.46,0.01,0.28,-0.03,-0.15,0.17,-0.34,0.72,0.91,2.22, , , , , ,672.37,672.3,100.0,6600.0, , , , , ,, , 
637,2018-05-07 10:02:07,0.05,0.34,-0.35,0.12,0.04,-0.34,-0.0,-0.46,0.85,0.91,2.29, , , , , ,672.31,672.3,100.0,300.0, , , , , ,, , 
638,2018-05-07 10:02:10,-0.39,-0.08,-0.72,-0.29,0.03,-0.67,-0.39,-0.62,0.23,0.43,2.14, , , , , ,672.31,672.3,1600.0,600.0, , , , , ,, , 
639,2018-05-07 10:02:13,-0.49,0.07,-0.75,-0.39,0.04,-0.85,-0.3,-0.74,0.13,0.91,2.17, , , , , ,672.31,672.28,1400.0,400.0, , , , , ,, , 
640,2018-05-07 10:02:16,-0.53,-0.22,-0.9,-0.53,0.02,-0.86,-0.47,-0.79,0.16,0.34,2.24, , , , , ,672.3,672.28,1700.0,100.0, , , , , ,, , 
641,2018-05-07 10:02:19,-0.57,-0.21,-1.03,-0.5,0.23,-0.91,-0.55,-0.59,0.22,0.42,2.54, , , , , ,672.27,672.0,800.0,9000.0, , , , , ,, , 
642,2018-05-07 10:02:22,-0.4,-0.13,-0.73,-0.32,-0.01,-0.54,-0.49,-0.86,0.07,0.43,2.56, , , , , ,672.3,672.28,400.0,100.0, , , , , ,, , 
643,2018-05-07 10:02:25,-0.17,0.4,-0.56,0.04,-0.14,-0.3,-0.11,-0.98,0.37,1.26,2.5, , , , , ,672.44,672.3,1304.0,100.0, , , , , ,, , 
644,2018-05-07 10:02:28,-0.1,0.41,-0.44,-0.12,0.01,-0.5,-0.08,-0.83,0.64,1.42,2.59, , , , , ,672.31,672.3,1000.0,200.0, , , , , ,, , 
645,2018-05-07 10:02:31,0.22,0.65,-0.21,0.03,0.07,-0.26,0.03,-0.84,1.13,1.9,2.58, , , , , ,672.31,672.3,100.0,5100.0, , , , , ,, , 
646,2018-05-07 10:02:34,0.35,0.8,-0.09,0.14,0.03,0.07,0.46,-0.88,1.08,1.79,2.5, , , , , ,672.44,672.3,904.0,5200.0, , , , , ,, , 
647,2018-05-07 10:02:37,0.43,1.1,-0.03,0.28,0.09,0.09,0.79,-0.71,1.22,2.24,2.58, , , , , ,672.39,672.31,200.0,1600.0, , , , , ,, , 
648,2018-05-07 10:02:40,0.46,0.98,0.09,0.22,0.01,0.04,0.96,-0.64,1.26,1.76,2.57, , , , , ,672.43,672.31,100.0,1300.0, , , , , ,, , 
649,2018-05-07 10:02:43,0.45,0.71,0.02,0.22,-0.06,0.1,0.53,-0.49,1.25,1.39,2.6, , , , , ,672.42,672.31,200.0,800.0, , , , , ,, , 
650,2018-05-07 10:02:46,0.28,0.49,-0.21,0.16,-0.14,0.2,0.42,-0.36,0.84,0.89,2.59, , , , , ,672.43,672.31,100.0,2300.0, , , , , ,, , 
651,2018-05-07 10:02:49,-0.06,0.4,-0.6,-0.06,-0.2,-0.1,0.28,-0.3,0.52,0.97,2.58, , , , , ,672.43,672.31,1600.0,600.0, , , , , ,, , 
652,2018-05-07 10:02:52,-0.34,0.07,-0.67,-0.28,-0.28,-0.55,0.02,-0.27,0.19,0.46,2.52, , , , , ,672.43,672.39,1200.0,100.0, , , , , ,, , 
653,2018-05-07 10:02:55,-0.36,-0.03,-0.73,-0.37,-0.12,-0.61,-0.21,0.01,0.27,0.48,2.75, , , , , ,672.31,672.3,400.0,4398.0, , , , , ,, , 
654,2018-05-07 10:02:58,-0.56,-0.26,-0.97,-0.58,-0.13,-0.75,-0.53,0.1,0.03,0.34,2.81, , , , , ,672.31,672.3,1700.0,4398.0, , , , , ,, , 
655,2018-05-07 10:03:01,-0.64,-0.26,-1.07,-0.58,-0.17,-0.86,-0.59,0.28,0.02,0.39,2.88, , , , , ,672.31,672.3,1900.0,1598.0, , , , , ,, , 
656,2018-05-07 10:03:04,-0.64,-0.25,-0.97,-0.56,-0.33,-0.94,-0.53,0.39,-0.01,0.35,2.91, , , , , ,672.36,672.3,900.0,1298.0, , , , , ,, , 
657,2018-05-07 10:03:07,-0.33,0.01,-0.74,-0.43,-0.49,-0.69,-0.24,0.52,0.43,0.71,2.91, , , , , ,672.36,672.3,600.0,798.0, , , , , ,, , 
658,2018-05-07 10:03:10,-0.09,0.22,-0.5,-0.15,-0.7,-0.26,0.06,0.66,0.5,0.75,2.85, , , , , ,672.42,672.3,100.0,898.0, , , , , ,, , 
659,2018-05-07 10:03:13,0.04,0.41,-0.6,-0.11,-0.73,-0.18,0.2,0.84,0.91,1.13,2.95, , , , , ,672.3,672.28,200.0,200.0, , , , , ,, , 
660,2018-05-07 10:03:16,-0.07,0.28,-0.63,-0.17,-0.79,-0.33,0.19,0.93,0.76,0.82,3.03, , , , , ,672.3,672.28,1300.0,500.0, , , , , ,, , 
661,2018-05-07 10:03:19,0.12,0.49,-0.34,-0.02,-0.81,-0.21,0.31,1.01,0.91,1.19,3.12, , , , , ,672.3,672.27,2800.0,900.0, , , , , ,, , 
662,2018-05-07 10:03:22,0.12,0.43,-0.48,-0.03,-0.85,-0.04,0.27,1.04,0.9,1.05,3.21, , , , , ,672.3,672.27,3100.0,900.0, , , , , ,, , 
663,2018-05-07 10:03:25,0.3,0.8,-0.3,0.08,-0.85,0.07,0.91,1.04,1.14,1.4,3.2, , , , , ,672.31,672.26,500.0,200.0, , , , , ,, , 
664,2018-05-07 10:03:28,0.25,0.62,-0.34,0.0,-0.78,-0.1,0.56,1.1,1.2,1.28,3.19, , , , , ,672.27,672.26,100.0,400.0, , , , , ,, , 
665,2018-05-07 10:03:31,0.56,1.01,-0.01,0.22,-1.01,0.12,1.0,0.93,1.56,1.8,2.88, , , , , ,672.43,672.4,300.0,1298.0, , , , , ,, , 
666,2018-05-07 10:03:34,0.75,1.41,0.04,0.54,-0.98,0.65,1.54,0.95,1.57,2.16,2.9,100.0,672.48,672.48,100.0,2412.0,672.48,672.4,1400.0,1298.0, , , ,2018-05-07 10:03:34.727000,2018-05-07 10:03:35.521000,, , 
667,2018-05-07 10:03:37,0.8,1.59,0.14,0.49,-0.84,0.59,1.83,1.01,1.66,2.46,3.01, , , , , ,672.48,672.4,600.0,398.0, , , , , ,, , 
668,2018-05-07 10:03:40,0.68,1.23,0.1,0.41,-0.61,0.38,1.33,1.22,1.56,1.97,3.25, , , , , ,672.4,672.3,202.0,100.0, , , , , ,, , 
669,2018-05-07 10:03:43,0.57,0.95,-0.02,0.18,-0.37,0.14,0.89,1.42,1.58,1.78,3.49, , , , , ,672.31,672.26,700.0,400.0, , , , , ,, , 
670,2018-05-07 10:03:46,0.1,0.6,-0.52,0.02,-0.15,0.06,0.56,1.64,0.77,1.23,3.63, , , , , ,672.27,672.2,900.0,2000.0, , , , , ,, , 
671,2018-05-07 10:03:49,-0.12,0.47,-0.58,-0.11,-0.09,-0.19,0.43,1.8,0.42,1.08,3.79, , , , , ,672.26,672.2,200.0,2000.0, , , , , ,, , 
672,2018-05-07 10:03:52,-0.11,0.25,-0.58,-0.18,0.04,-0.06,0.18,1.97,0.32,0.75,3.97, , , , , ,672.21,672.2,500.0,2100.0, , , , , ,, , 
673,2018-05-07 10:03:55,-0.11,0.26,-0.62,-0.28,0.12,-0.13,0.06,2.03,0.42,1.0,4.09, , , , , ,672.26,672.2,2700.0,2100.0, , , , , ,, , 
674,2018-05-07 10:03:58,-0.32,0.03,-0.81,-0.41,0.23,-0.46,-0.2,2.13,0.3,0.72,4.22, , , , , ,672.23,672.2,500.0,2100.0, , , , , ,, , 
675,2018-05-07 10:04:01,-0.4,-0.06,-0.86,-0.49,0.41,-0.69,-0.42,2.21,0.34,0.73,4.25, , , , , ,672.23,672.2,200.0,1500.0, , , , , ,, , 
676,2018-05-07 10:04:04,-0.56,-0.11,-1.07,-0.48,0.73,-0.86,-0.46,2.27,0.25,0.6,4.46, , , , , ,672.2,672.0,3819.0,11700.0, , , , , ,, , 
677,2018-05-07 10:04:07,-0.92,-0.36,-1.49,-0.84,1.17,-1.25,-0.63,2.63,-0.03,0.4,4.79,-2400.0,671.98,671.98,-700.0,1712.0,672.0,671.8,4700.0,100.0, , , ,2018-05-07 10:04:07.702000,2018-05-07 10:04:11.088000,, , 
678,2018-05-07 10:04:10,-1.06,-0.45,-1.67,-0.81,1.51,-1.32,-0.75,2.71,-0.19,0.22,4.96,-1700.0,671.78,671.78,-700.0,1012.0,671.8,671.77,158.0,300.0, , , ,2018-05-07 10:04:11.088000,2018-05-07 10:04:14.104000,, , 
679,2018-05-07 10:04:13,-1.05,-0.47,-1.64,-0.82,1.61,-1.35,-0.77,2.6,-0.15,0.19,5.0,-1000.0,671.77,671.77,-497.0,515.0,671.78,671.77,1000.0,100.0, , , ,2018-05-07 10:04:14.104000,2018-05-07 10:04:17.321000,, , 
680,2018-05-07 10:04:16,-1.08,-0.29,-1.66,-0.64,1.75,-1.38,-0.52,2.88,-0.2,0.31,5.12, , , , , ,671.77,671.7,603.0,300.0, , , , , ,, , 
681,2018-05-07 10:04:19,-1.05,-0.24,-1.62,-0.64,1.85,-1.3,-0.46,2.94,-0.24,0.37,5.2, , , , , ,671.74,671.7,400.0,300.0, , , , , ,, , 
682,2018-05-07 10:04:22,-1.11,-0.24,-1.62,-0.57,1.88,-1.27,-0.45,2.92,-0.45,0.3,5.28, , , , , ,671.74,671.7,400.0,300.0, , , , , ,, , 
683,2018-05-07 10:04:25,-1.02,-0.26,-1.47,-0.43,1.96,-1.18,-0.67,3.12,-0.4,0.33,5.43, , , , , ,671.7,671.64,400.0,1700.0, , , , , ,, , 
684,2018-05-07 10:04:28,-0.99,-0.09,-1.27,-0.31,1.89,-1.21,-0.49,3.01,-0.48,0.53,5.39, , , , , ,671.77,671.7,1100.0,1400.0, , , , , ,, , 
685,2018-05-07 10:04:31,-0.74,0.13,-1.04,-0.28,1.77,-1.03,-0.35,2.63,-0.14,1.03,5.22, , , , , ,671.99,671.7,100.0,300.0, , , , , ,, , 
686,2018-05-07 10:04:34,-0.55,0.14,-0.88,-0.16,2.04,-0.81,-0.36,2.98,0.03,0.94,5.38, , , , , ,671.72,671.7,100.0,100.0, , , , , ,, , 
687,2018-05-07 10:04:37,-0.26,0.22,-0.76,-0.17,1.9,-0.71,-0.2,2.81,0.7,1.02,5.11, , , , , ,671.98,671.7,100.0,300.0, , , , , ,, , 
688,2018-05-07 10:04:40,0.06,0.59,-0.28,0.04,1.59,-0.63,0.6,2.43,1.1,1.14,4.64, , , , , ,672.2,672.0,4719.0,7300.0, , , , , ,, , 
689,2018-05-07 10:04:43,0.42,1.03,-0.09,0.25,1.69,-0.16,0.97,2.62,1.5,1.86,4.62, , , , , ,672.2,672.0,3319.0,5100.0, , , , , ,, , 
690,2018-05-07 10:04:46,0.22,0.72,-0.39,0.08,1.84,-0.17,0.52,2.5,1.21,1.58,4.63, , , , , ,672.2,672.0,3819.0,5000.0, , , , , ,, , 
691,2018-05-07 10:04:49,0.72,1.41,0.55,0.56,1.81,0.18,1.43,2.15,1.43,2.24,4.46,500.0,672.25,672.25,500.0,1015.0,672.25,672.2,500.0,11481.0, , , ,2018-05-07 10:04:49.749000,2018-05-07 10:04:50.498000,, , 
692,2018-05-07 10:04:52,0.96,2.08,0.87,1.06,1.9,0.35,2.25,1.92,1.65,2.93,4.48,500.0,672.3,672.3,500.0,1515.0,672.3,672.2,900.0,8500.0, , , ,2018-05-07 10:04:52.698000,2018-05-07 10:04:53.017000,, , 
693,2018-05-07 10:04:55,1.22,2.32,0.77,1.23,1.85,1.0,2.56,1.72,1.9,3.17,4.39,500.0,672.4,672.4,500.0,2015.0,672.4,672.3,302.0,1200.0, , , ,2018-05-07 10:04:55.744000,2018-05-07 10:04:57.063000,, , 
694,2018-05-07 10:04:58,1.34,2.24,0.87,1.16,1.8,1.24,2.61,1.73,1.92,2.94,4.35,400.0,672.47,672.47,400.0,2415.0,672.47,672.4,100.0,898.0, , , ,2018-05-07 10:04:58.733000,2018-05-07 10:05:01.107000,, , 
695,2018-05-07 10:05:01,1.48,2.39,0.94,1.18,1.86,1.26,2.66,1.88,2.23,3.35,4.49, , , , , ,672.5,672.4,4700.0,1398.0, , , , , ,, , 
696,2018-05-07 10:05:04,1.64,2.49,1.35,1.51,1.33,1.41,2.63,1.63,2.15,3.35,4.22, , , , , ,672.76,672.7,100.0,600.0, , , , , ,, , 
697,2018-05-07 10:05:07,1.73,2.56,1.59,1.76,1.37,1.57,2.57,1.64,2.03,3.36,4.32, , , , , ,672.8,672.7,100.0,3200.0, , , , , ,, , 
698,2018-05-07 10:05:10,1.6,2.29,1.53,1.64,1.2,1.47,2.59,1.4,1.8,2.64,4.33, , , , , ,672.9,672.7,400.0,1700.0, , , , , ,, , 
699,2018-05-07 10:05:13,1.17,2.01,1.1,1.54,0.88,0.92,2.29,1.23,1.49,2.19,4.26, , , , , ,672.95,672.9,300.0,300.0, , , , , ,, , 
700,2018-05-07 10:05:16,0.98,1.64,1.0,1.33,1.06,0.78,1.94,1.25,1.16,1.65,4.32, , , , , ,672.97,672.95,100.0,300.0, , , , , ,, , 
701,2018-05-07 10:05:19,0.81,1.32,0.79,1.12,1.08,0.74,1.68,1.29,0.91,1.15,4.45, , , , , ,672.98,672.97,500.0,100.0, , , , , ,, , 
702,2018-05-07 10:05:22,0.85,1.42,0.85,1.22,1.02,0.94,1.94,1.52,0.77,1.11,4.58, , , , , ,673.0,672.98,12500.0,300.0, , , , , ,, , 
703,2018-05-07 10:05:25,0.89,1.56,0.9,1.37,1.16,0.92,2.08,1.57,0.86,1.25,4.62, , , , , ,673.0,672.98,10100.0,300.0, , , , , ,, , 
704,2018-05-07 10:05:28,1.38,2.04,1.3,1.69,1.12,1.46,2.66,1.57,1.39,1.75,4.67, , , , , ,673.0,672.99,400.0,200.0, , , , , ,, , 
705,2018-05-07 10:05:31,1.68,2.28,1.56,1.98,0.83,1.62,2.69,1.48,1.85,2.17,4.67, , , , , ,673.1,673.0,300.0,1400.0, , , , , ,, , 
706,2018-05-07 10:05:34,1.57,2.04,1.41,1.69,0.89,1.62,2.57,1.39,1.69,1.86,4.68, , , , , ,673.13,673.1,100.0,1300.0, , , , , ,, , 
707,2018-05-07 10:05:37,1.39,2.08,1.11,1.72,0.87,1.35,2.54,1.41,1.7,1.99,4.71, , , , , ,673.15,673.13,100.0,200.0, , , , , ,, , 
708,2018-05-07 10:05:40,1.4,1.87,1.39,1.63,0.85,1.62,2.28,1.38,1.2,1.71,4.74, , , , , ,673.18,673.15,1600.0,300.0, , , , , ,, , 
709,2018-05-07 10:05:43,1.18,1.82,1.12,1.56,0.91,1.29,2.01,1.28,1.12,1.9,4.79, , , , , ,673.3,673.2,400.0,100.0, , , , , ,, , 
710,2018-05-07 10:05:46,1.21,1.85,1.2,1.6,0.57,1.52,2.03,1.05,0.92,1.91,4.75, , , , , ,673.5,673.3,500.0,700.0, , , , , ,, , 
711,2018-05-07 10:05:49,1.12,1.89,1.16,1.65,0.21,1.28,2.16,0.86,0.93,1.84,4.73, , , , , ,673.56,673.5,200.0,900.0, , , , , ,, , 
712,2018-05-07 10:05:52,1.31,1.82,1.09,1.52,-0.07,1.66,2.17,0.77,1.18,1.79,4.78, , , , , ,673.6,673.56,100.0,200.0, , , , , ,, , 
713,2018-05-07 10:05:55,1.26,1.77,1.01,1.54,-0.14,1.65,2.09,0.8,1.11,1.68,4.74, , , , , ,673.65,673.56,1000.0,500.0, , , , , ,, , 
714,2018-05-07 10:05:58,1.21,1.72,0.73,1.44,-0.11,1.78,2.13,0.77,1.11,1.59,4.63, , , , , ,673.7,673.65,100.0,200.0, , , , , ,, , 
715,2018-05-07 10:06:01,0.98,1.65,0.79,1.36,-0.04,1.19,2.09,0.76,0.97,1.5,4.57, , , , , ,673.77,673.7,100.0,200.0, , , , , ,, , 
716,2018-05-07 10:06:04,0.99,1.35,0.73,1.14,0.07,1.48,1.67,0.74,0.74,1.25,4.54, , , , , ,673.8,673.77,400.0,100.0, , , , , ,, , 
717,2018-05-07 10:06:07,0.69,0.93,0.44,1.02,0.81,1.15,1.15,1.46,0.47,0.63,5.3, , , , , ,673.5,673.1,100.0,200.0, , , , , ,, , 
718,2018-05-07 10:06:10,0.29,0.68,0.18,0.82,-0.18,0.87,0.87,0.61,-0.17,0.35,4.53, , , , , ,673.88,673.85,500.0,100.0, , , , , ,, , 
719,2018-05-07 10:06:13,-0.03,0.37,0.05,0.67,0.41,0.26,0.51,1.18,-0.41,-0.06,5.14, , , , , ,673.85,673.1,200.0,200.0, , , , , ,, , 
720,2018-05-07 10:06:16,-0.21,0.23,-0.02,0.54,0.53,-0.0,0.37,1.32,-0.61,-0.23,5.28, , , , , ,673.77,673.1,500.0,200.0, , , , , ,, , 
721,2018-05-07 10:06:19,-0.44,0.13,-0.27,0.41,-0.12,-0.39,0.23,0.69,-0.65,-0.27,4.62, , , , , ,673.95,673.89,100.0,300.0, , , , , ,, , 
722,2018-05-07 10:06:22,-0.32,0.13,-0.2,0.35,0.07,-0.2,0.18,0.71,-0.55,-0.12,4.58, , , , , ,673.97,673.95,200.0,100.0, , , , , ,, , 
723,2018-05-07 10:06:25,-0.29,0.32,-0.08,0.63,0.97,-0.25,0.45,1.55,-0.54,-0.11,5.43, , , , , ,673.77,673.02,600.0,100.0, , , , , ,, , 
724,2018-05-07 10:06:28,-0.48,0.21,-0.3,0.51,0.4,-0.44,0.3,0.93,-0.69,-0.17,4.87, , , , , ,673.8,673.77,1500.0,700.0, , , , , ,, , 
725,2018-05-07 10:06:31,-0.6,-0.01,-0.56,0.24,0.25,-0.52,0.06,0.72,-0.71,-0.33,4.76, , , , , ,673.98,673.77,300.0,800.0, , , , , ,, , 
726,2018-05-07 10:06:34,-0.53,0.04,-0.45,0.3,0.98,-0.38,0.11,1.48,-0.75,-0.27,5.5, , , , , ,673.78,673.01,200.0,100.0, , , , , ,, , 
727,2018-05-07 10:06:37,-0.58,0.0,-0.58,0.22,0.43,-0.64,0.07,0.99,-0.51,-0.28,4.95, , , , , ,673.8,673.78,900.0,400.0, , , , , ,, , 
728,2018-05-07 10:06:40,-0.67,-0.17,-0.76,-0.0,0.37,-0.69,-0.19,1.03,-0.56,-0.31,4.88, , , , , ,673.89,673.8,100.0,300.0, , , , , ,, , 
