tick_time,bid,ask,bid 20,ask 20,la 20,bid 40,ask 40,la 40,bid 100,ask 100,la 100,volume_ma,volume_ema,order,price,avePrice,trans,net,profit,profit_rate,askp0,bidp0,askv0,bidv0,is_mocked,order_time,exchange_time,orderSide,new_order_status,reason,order_status,earn,cost,order_local_time,exchange_local_time
09:30:16, , , , ,-0.74, , ,-1.59, , ,0.27,700,600.0, , , , , , , ,719.49,719.0,100.0,100.0, , , ,, , , , , , , 
09:30:19, , , , ,-0.32, , ,-1.0, , ,0.59,2623,595.0, , , , , , , ,718.97,718.9,80.0,400.0, , , ,, , , , , , , 
09:30:22, , , , ,-0.85, , ,-1.36, , ,-0.1,2623,591.0, , , , , , , ,719.49,719.11,100.0,320.0, , , ,, , , , , , , 
09:30:25, , , , ,-1.46, , ,-1.73, , ,-0.88,2623,588.0, , , , , , , ,719.88,719.49,100.0,100.0, , , ,, , , , , , , 
09:30:28, , , , ,-2.04, , ,-1.89, , ,-1.47,2623,590.0, , , , , , , ,719.99,719.88,100.0,100.0, , , ,, , , , , , , 
09:30:31, , , , ,-2.13, , ,-1.88, , ,-1.73,2623,587.0, , , , , , , ,719.99,719.88,200.0,300.0, , , ,, , , , , , , 
09:30:34, , , , ,-1.88, , ,-1.59, , ,-1.52,2623,588.0, , , , , , , ,719.99,719.49,200.0,100.0, , , ,, , , , , , , 
09:30:37, , , , ,-1.58, , ,-1.24, , ,-1.0,2623,585.0, , , , , , , ,719.9,719.11,500.0,469.0, , , ,, , , , , , , 
09:30:40, , , , ,-0.97, , ,-0.58, , ,-0.18,2623,588.0, , , , , , , ,719.11,719.0,131.0,400.0, , , ,, , , , , , , 
09:30:43, , , , ,-1.56, , ,-0.97, , ,-0.72,2623,590.0, , , , , , , ,719.9,719.0,131.0,100.0, , , ,, , , , , , , 
09:30:46, , , , ,-1.91, , ,-1.15, , ,-1.25,2623,586.0, , , , , , , ,719.9,719.49,131.0,300.0, , , ,, , , , , , , 
09:30:49, , , , ,-2.04, , ,-1.01, , ,-1.43,2623,588.0, , , , , , , ,719.92,719.49,100.0,100.0, , , ,, , , , , , , 
09:30:52, , , , ,-1.39, , ,-0.36, , ,-1.12,2623,585.0, , , , , , , ,719.49,719.0,2400.0,51.0, , , ,, , , , , , , 
09:30:55, , , , ,-1.5, , ,-0.34, , ,-1.21,2623,585.0, , , , , , , ,719.49,719.0,1900.0,51.0, , , ,, , , , , , , 
09:30:58, , , , ,-1.22, , ,0.07, , ,-0.95,2623,587.0, , , , , , , ,718.97,718.91,59.0,600.0, , , ,, , , , , , , 
09:31:01, , , , ,-1.26, , ,0.04, , ,-1.04,2623,582.0, , , , , , , ,719.0,718.91,100.0,584.0, , , ,, , , , , , , 
09:31:04, , , , ,-1.44, , ,-0.01, , ,-1.0,2623,586.0, , , , , , , ,719.11,718.89,100.0,184.0, , , ,, , , , , , , 
09:31:07, , , , ,-1.71, , ,-0.28, , ,-1.25,2623,590.0, , , , , , , ,719.48,718.89,300.0,100.0, , , ,, , , , , , , 
09:31:10, , , , ,-1.15, , ,0.32, , ,-0.52,2623,591.0, , , , , , , ,719.48,718.1,400.0,2562.0, , , ,, , , , , , , 
09:31:13, , , , ,-0.82, , ,0.78, , ,-0.18,2623,586.0, , , , , , , ,719.0,718.1,300.0,2562.0, , , ,, , , , , , , 
09:31:16,-0.62,0.31,-1.22,-0.28,-0.9,-0.73,0.24,0.63,0.08,0.98,-0.32,2623,588.0, , , , , , , ,719.4,718.1,100.0,2362.0, , , ,, , , , , , , 
09:31:19,-0.92,-0.03,-1.27,-0.71,-0.74,-1.05,0.02,0.88,-0.43,0.59,-0.31,2623,594.0, , , , , , , ,719.4,718.1,200.0,1362.0, , , ,, , , , , , , 
09:31:22,-0.83,-0.03,-1.38,-0.59,-0.61,-0.83,0.01,1.07,-0.28,0.48,-0.26,2623,592.0, , , , , , , ,719.4,718.13,100.0,100.0, , , ,, , , , , , , 
09:31:25,-1.11,-0.43,-1.47,-1.29,-0.07,-1.3,-0.29,1.67,-0.54,0.29,0.18,2623,595.0, , , , , , , ,718.88,718.1,100.0,462.0, , , ,, , , , , , , 
09:31:28,-1.48,-0.72,-1.88,-1.49,0.07,-1.77,-0.8,1.81,-0.8,0.13,0.12,2623,606.0, , , , , , , ,719.0,718.05,3600.0,861.0, , , ,, , , , , , , 
09:31:31,-1.46,-0.73,-1.75,-1.37,0.72,-1.71,-0.76,2.65,-0.94,-0.05,0.91,2623,606.0, , , , , , , ,718.09,718.05,100.0,700.0, , , ,, , , , , , , 
09:31:34,-1.65,-0.86,-2.11,-1.58,0.1,-1.94,-0.9,2.38,-0.9,-0.1,0.29,2623,609.0,-500.0,718.05,718.05,-500.0,-500.0, ,-2.49,718.99,718.05,100.0,500.0, ,2018-05-28 09:31:34,2018-05-28 09:31:34.597000,, , ,FILLED, , ,2018-05-28 09:31:34.597000,2018-05-28 09:31:35.796000
09:31:37,-1.74,-0.93,-1.98,-1.54,0.23,-2.03,-1.03,2.51,-1.22,-0.2,0.54,2623,610.0,-300.0,718.01,718.023,-300.0,-800.0, ,-2.35,718.88,718.01,1000.0,300.0, ,2018-05-28 09:31:37,2018-05-28 09:31:37.654000,, , ,FILLED, , ,2018-05-28 09:31:37.655000,2018-05-28 09:31:38.764000
09:31:40,-1.42,-0.66,-1.64,-1.06,0.28,-1.78,-0.82,2.79,-0.85,-0.1,0.62,2623,616.0, , , , , , , ,718.88,718.0,300.0,1300.0, , , ,, , , , , , , 
09:31:43,-1.32,-0.55,-1.41,-0.85,1.01,-1.77,-0.64,3.92,-0.79,-0.15,1.38,2623,616.0, , , , , , , ,718.05,718.0,100.0,840.0, , , ,, , , , , , , 
09:31:46,-1.59,-0.69,-1.62,-1.11,0.67,-2.12,-0.74,3.79,-1.03,-0.22,1.19,2623,619.0, , , , , , , ,718.78,718.0,300.0,440.0, , , ,, , , , , , , 
09:31:49,-1.36,-0.43,-1.35,-0.54,0.75,-1.69,-0.78,4.39,-1.05,0.05,1.48,2623,615.0, , , , , , , ,718.78,718.1,800.0,53.0, , , ,, , , , , , , 
09:31:52,-0.94,-0.1,-1.02,-0.19,1.27,-1.15,-0.37,5.33,-0.67,0.28,2.33,2623,616.0, , , , , , , ,718.1,718.05,1602.0,1453.0, , , ,, , , , , , , 
09:31:55,-0.75,-0.02,-1.06,-0.2,1.28,-0.72,-0.27,5.37,-0.46,0.4,2.9,2623,617.0, , , , , , , ,718.1,718.05,1502.0,1153.0, , , ,, , , , , , , 
09:31:58,-0.73,-0.09,-0.97,-0.26,1.27,-0.66,-0.32,5.41,-0.56,0.32,3.38,2623,623.0, , , , , , , ,718.1,718.05,1602.0,153.0, , , ,, , , , , , , 
09:32:01,-0.72,0.07,-0.85,-0.09,1.33,-0.76,-0.13,5.51,-0.54,0.42,3.89,2623,621.0, , , , , , , ,718.05,718.0,100.0,693.0, , , ,, , , , , , , 
09:32:04,-0.63,-0.06,-0.87,-0.31,1.35,-0.49,-0.17,5.53,-0.54,0.29,4.37,2623,627.0, , , , , , , ,718.05,718.0,400.0,63.0, , , ,, , , , , , , 
09:32:07,-0.71,-0.22,-1.05,-0.48,1.72,-0.59,-0.47,5.94,-0.5,0.28,4.72,2623,625.0, , , , , , , ,718.0,717.5,200.0,300.0, , , ,, , , , , , , 
09:32:10,-0.82,-0.13,-1.01,-0.26,1.4,-0.85,-0.39,5.59,-0.61,0.26,4.19,2623,630.0, , , , , , , ,718.02,718.0,100.0,249.0, , , ,, , , , , , , 
09:32:13,-0.72,-0.04,-0.76,-0.12,1.46,-0.85,-0.36,5.55,-0.57,0.36,3.94,2623,629.0, , , , , , , ,718.1,718.02,739.0,100.0, , , ,, , , , , , , 
09:32:16,-0.55,0.08,-0.58,0.03,1.64,-0.58,-0.26,5.33,-0.51,0.48,3.79,2623,640.0, , , , , , , ,718.05,718.0,239.0,49.0, , , ,, , , , , , , 
09:32:19,-0.56,0.27,-0.42,0.2,1.51,-0.67,-0.04,4.67,-0.59,0.64,3.37,2623,645.0, , , , , , , ,718.5,718.1,500.0,600.0, , , ,, , , , , , , 
09:32:22,-0.4,0.35,-0.09,0.34,1.48,-0.56,0.02,4.15,-0.55,0.69,3.14,2623,649.0, , , , , , , ,718.67,718.28,100.0,551.0, , , ,, , , , , , , 
09:32:25,-0.22,0.67,0.02,0.78,1.67,-0.49,0.34,3.8,-0.18,0.88,3.09,2623,653.0, , , , , , , ,718.7,718.28,3200.0,451.0, , , ,, , , , , , , 
09:32:28,0.41,1.33,0.53,1.2,1.86,0.38,1.5,3.77,0.31,1.29,3.19,2623,672.0,800.0,718.3,0.0,0.0,-800.0, , ,718.7,718.28,800.0,200.0, ,2018-05-28 09:32:28,2018-05-28 09:32:28.607000,, , ,CANCELED, , ,2018-05-28 09:32:28.607000,2018-05-28 09:32:32.079000
09:32:31,0.42,1.67,0.56,1.58,1.56,0.34,1.86,3.42,0.36,1.56,2.83,2623,681.0,800.0,718.79,718.79,800.0,0.0,-1276.48,-2.22,718.93,718.77,100.0,100.0, ,2018-05-28 09:32:31,2018-05-28 09:32:32.080000,, , ,FILLED,573806.521388981,575082.9986191511,2018-05-28 09:32:32.080000,2018-05-28 09:32:34.770000
09:32:34,0.42,1.44,0.32,1.28,2.39,0.52,1.66,3.97,0.4,1.39,3.43,2623,696.0, , , , , , , ,718.93,718.1,1900.0,1200.0, , , ,, , , , , , , 
09:32:37,0.06,0.89,0.22,1.18,2.42,-0.16,1.0,3.66,0.11,0.5,3.55,2623,692.0, , , , , , , ,718.93,718.1,1900.0,1100.0, , , ,, , , , , , , 
09:32:40,0.04,1.18,0.1,1.14,2.61,-0.09,1.61,3.2,0.11,0.79,3.49,2623,696.0, , , , , , , ,718.93,718.2,900.0,100.0, , , ,, , , , , , , 
09:32:43,0.06,1.22,0.03,0.99,2.62,-0.04,1.62,2.15,0.2,1.05,2.89,2623,701.0, , , , , , , ,718.99,718.93,200.0,100.0, , , ,, , , , , , , 
09:32:46,0.32,0.97,0.24,0.9,2.99,0.21,1.04,1.67,0.5,0.95,2.78,1005,696.0, , , , , , , ,719.0,718.93,8300.0,100.0, , , ,, , , , , , , 
09:32:49,0.51,1.29,0.31,1.22,3.62,0.33,1.63,1.5,0.89,1.01,2.65,996,695.0, , , , , , , ,719.0,718.99,8300.0,100.0, , , ,, , , , , , , 
09:32:52,0.73,1.55,0.36,1.25,4.05,0.77,2.04,1.77,1.07,1.36,2.55,1011,698.0, , , , , , , ,719.0,718.99,7500.0,586.0, , , ,, , , , , , , 
09:32:55,0.48,1.46,0.36,1.2,4.08,0.45,1.82,1.87,0.63,1.35,2.42,1015,694.0, , , , , , , ,719.0,718.99,7500.0,286.0, , , ,, , , , , , , 
09:32:58,0.56,1.24,0.29,1.1,4.12,0.79,1.43,2.04,0.59,1.19,2.35,1054,711.0, , , , , , , ,719.0,718.99,5400.0,109.0, , , ,, , , , , , , 
09:33:01,0.71,1.4,0.49,1.26,4.2,0.73,1.64,2.33,0.9,1.29,2.33,1077,712.0, , , , , , , ,719.0,718.93,5191.0,100.0, , , ,, , , , , , , 
09:33:04,1.26,1.88,0.97,1.66,4.21,1.3,2.27,1.96,1.49,1.72,2.27,1253,756.0,600.0,719.0,719.0,600.0,600.0, ,-1.27,719.0,718.93,191.0,400.0, ,2018-05-28 09:33:04,2018-05-28 09:33:04.634000,, , ,FILLED, , ,2018-05-28 09:33:04.634000,2018-05-28 09:33:07.688000
09:33:07,1.17,1.95,1.01,1.61,4.12,1.05,2.45,1.5,1.45,1.8,2.24,1323,765.0, , , , , , , ,719.1,719.0,100.0,609.0, , , ,, , , , , , , 
09:33:10,1.09,1.57,0.83,1.24,4.27,0.9,1.93,1.33,1.54,1.54,2.16,1312,768.0, , , , , , , ,718.99,718.93,91.0,300.0, , , ,, , , , , , , 
09:33:13,0.89,1.61,0.75,1.27,4.12,0.49,2.08,0.67,1.45,1.48,1.78,1231,766.0, , , , , , , ,719.15,719.02,200.0,600.0, , , ,, , , , , , , 
09:33:16,0.82,1.53,0.65,1.15,3.52,0.47,2.12,0.17,1.35,1.31,1.25,1256,765.0, , , , , , , ,719.4,719.24,800.0,900.0, , , ,, , , , , , , 
09:33:19,0.76,1.64,0.76,1.34,3.08,0.21,2.22,-0.11,1.32,1.35,0.76,1215,768.0, , , , , , , ,719.48,719.4,900.0,2100.0, , , ,, , , , , , , 
09:33:22,1.22,1.77,1.1,1.56,2.46,0.95,2.12,-0.63,1.62,1.63,0.32,1237,771.0, , , , , , , ,719.88,719.49,100.0,200.0, , , ,, , , , , , , 
09:33:25,0.86,1.77,0.7,1.46,2.13,0.52,2.18,-0.89,1.35,1.68,0.14,1218,768.0, , , , , , , ,719.9,719.48,300.0,349.0, , , ,, , , , , , , 
09:33:28,0.77,1.5,0.45,1.32,1.75,0.46,1.78,-1.48,1.41,1.42,-0.39,1190,776.0, , , , , , , ,719.98,719.9,531.0,100.0, , , ,, , , , , , , 
09:33:31,0.87,1.67,0.72,1.63,1.84,0.63,2.02,-1.81,1.25,1.37,-0.64,1235,775.0, , , , , , , ,720.0,719.98,1950.0,1569.0, , , ,, , , , , , , 
09:33:34,1.34,1.79,1.16,1.76,1.54,1.08,2.03,-2.23,1.77,1.57,-1.16,1286,789.0,600.0,720.5,720.5,549.0,1149.0, ,-0.77,720.5,720.01,100.0,100.0, ,2018-05-28 09:33:34,2018-05-28 09:33:34.647000,, , ,CANCELED, , ,2018-05-28 09:33:34.647000,2018-05-28 09:33:38.081000
09:33:37,0.78,1.68,0.73,1.4,0.54,0.36,2.1,-2.73,1.25,1.55,-2.07,1231,787.0, , , , , , , ,721.0,720.5,1200.0,151.0, , , ,, , , , , , , 
09:33:40,0.57,1.45,0.52,1.5,1.19,0.22,1.65,-1.5,0.97,1.19,-1.09,1173,788.0, , , , , , , ,720.01,720.0,200.0,100.0, , , ,, , , , , , , 
09:33:43,0.77,1.68,0.75,1.68,-0.34,0.24,2.01,-2.52,1.32,1.36,-2.36,1223,790.0, , , , , , , ,721.0,720.5,500.0,1800.0, , , ,, , , , , , , 
09:33:46,0.2,0.99,-0.06,0.91,-2.33,-0.07,1.17,-4.24,0.72,0.88,-4.11,1248,792.0, , , , , , , ,721.88,721.82,100.0,300.0, , , ,, , , , , , , 
09:33:49,0.04,1.02,0.11,0.98,-2.46,-0.44,1.21,-4.39,0.47,0.86,-4.11,1149,788.0, , , , , , , ,721.88,721.82,100.0,400.0, , , ,, , , , , , , 
09:33:52,0.13,1.17,0.37,1.3,-2.31,-0.27,1.26,-4.86,0.28,0.95,-4.46,1165,786.0, , , , , , , ,721.97,721.91,200.0,500.0, , , ,, , , , , , , 
09:33:55,-0.04,1.08,0.3,1.23,-2.26,-0.56,1.29,-4.98,0.13,0.73,-4.52,1188,781.0, , , , , , , ,721.98,721.97,100.0,100.0, , , ,, , , , , , , 
09:33:58,0.04,0.75,0.41,1.0,-2.06,-0.23,0.84,-5.12,-0.06,0.4,-4.42,1059,775.0, , , , , , , ,722.0,721.91,300.0,500.0, , , ,, , , , , , , 
09:34:01,-0.07,0.71,0.13,0.8,-1.83,-0.12,1.01,-5.21,-0.22,0.31,-4.44,1079,776.0, , , , , , , ,722.05,721.88,1000.0,100.0, , , ,, , , , , , , 
09:34:04,-0.19,0.5,-0.22,0.68,-2.29,-0.26,0.59,-5.19,-0.1,0.23,-4.45,1040,773.0, , , , , , , ,722.05,722.0,1100.0,1300.0, , , ,, , , , , , , 
09:34:07,-0.3,0.3,-0.35,0.4,-2.63,-0.32,0.42,-5.19,-0.22,0.07,-4.44,1071,773.0, , , , , , , ,722.05,722.0,1200.0,600.0, , , ,, , , , , , , 
09:34:10,-0.42,0.19,-0.57,0.37,-2.92,-0.38,0.29,-5.0,-0.3,-0.09,-4.43,1024,774.0, , , , , , , ,722.05,722.0,800.0,752.0, , , ,, , , , , , , 
09:34:13,-0.49,0.11,-0.49,0.24,-3.41,-0.45,0.23,-5.0,-0.52,-0.14,-4.2,1036,774.0, , , , , , , ,722.05,722.0,600.0,252.0, , , ,, , , , , , , 
09:34:16,-0.57,-0.04,-0.57,0.12,-3.7,-0.67,0.02,-4.97,-0.45,-0.27,-4.08,1024,783.0, , , , , , , ,722.13,722.09,1700.0,200.0, , , ,, , , , , , , 
09:34:19,-0.56,0.05,-0.47,0.32,-2.62,-0.84,0.21,-3.78,-0.37,-0.38,-2.67,1058,784.0, , , , , , , ,722.0,720.5,100.0,1752.0, , , ,, , , , , , , 
09:34:22,-0.71,0.08,-0.85,0.05,-2.8,-0.83,0.52,-3.71,-0.45,-0.33,-2.45,1070,788.0, , , , , , , ,722.0,720.5,4600.0,1752.0, , , ,, , , , , , , 
09:34:25,-1.23,-0.46,-1.31,-0.35,-2.97,-1.39,-0.43,-3.58,-0.98,-0.6,-2.38,1065,781.0,-1100.0,721.88,721.88,-600.0,549.0, ,0.91,721.9,720.5,2300.0,1752.0, ,2018-05-28 09:34:25,2018-05-28 09:34:25.783000,, , ,CANCELED, , ,2018-05-28 09:34:25.783000,2018-05-28 09:34:29.041000
09:34:28,-1.3,-0.4,-1.4,-0.15,-3.21,-1.45,-0.24,-3.57,-1.03,-0.81,-2.37,1030,788.0,-500.0,721.86,721.86,-100.0,449.0, ,1.07,721.88,720.5,500.0,1752.0, ,2018-05-28 09:34:28,2018-05-28 09:34:29.042000,, , ,CANCELED, , ,2018-05-28 09:34:29.042000,2018-05-28 09:34:32.086000
09:34:31,-1.32,-0.34,-1.39,-0.1,-3.45,-1.59,-0.19,-3.41,-0.99,-0.73,-2.18,1052,781.0,-400.0,721.84,721.84,-400.0,49.0,1527.84,1.85,721.86,720.5,400.0,1752.0, ,2018-05-28 09:34:31,2018-05-28 09:34:32.087000,, , ,FILLED,828555.6852274819,827027.8412011866,2018-05-28 09:34:32.087000,2018-05-28 09:34:34.743000
09:34:34,-1.72,-0.57,-1.74,-0.42,-4.21,-1.87,-0.47,-4.11,-1.54,-0.83,-2.91,1021,788.0, , , , , , , ,721.87,721.5,500.0,300.0, , , ,, , , , , , , 
09:34:37,-1.76,-0.8,-1.8,-0.68,-3.62,-1.76,-0.85,-3.55,-1.74,-0.87,-2.51,1083,791.0,-500.0,721.0,721.0,-352.0,-303.0, , ,721.8,721.0,2017.0,400.0, ,2018-05-28 09:34:37,2018-05-28 09:34:37.694000,, , ,CANCELED, , ,2018-05-28 09:34:37.694000,2018-05-28 09:34:41.173000
09:34:40,-1.3,-0.32,-0.87,0.11,-1.93,-1.32,-0.39,-1.98,-1.7,-0.69,-0.99,1071,801.0, , , , , , , ,720.5,720.12,900.0,200.0, , , ,, , , , , , , 
09:34:43,-0.85,-0.09,-1.02,0.09,-1.55,-0.5,-0.03,-1.44,-1.02,-0.34,-0.62,1160,802.0, , , , , , , ,720.09,720.01,50.0,200.0, , , ,, , , , , , , 
09:34:46,-0.86,-0.01,-0.94,-0.08,-2.03,-0.72,0.08,-1.4,-0.93,-0.05,-0.7,1084,798.0, , , , , , , ,720.5,720.01,150.0,200.0, , , ,, , , , , , , 
09:34:49,-0.94,0.06,-0.88,0.25,-1.92,-0.72,0.23,-0.79,-1.22,-0.29,-0.52,1047,794.0, , , , , , , ,720.12,720.0,100.0,200.0, , , ,, , , , , , , 
09:34:52,-0.89,0.13,-1.14,0.23,-2.1,-0.44,0.43,-0.28,-1.08,-0.27,-0.02,1041,795.0, , , , , , , ,720.0,719.9,50.0,100.0, , , ,, , , , , , , 
09:34:55,-1.38,-0.01,-1.44,-0.12,-3.37,-1.42,0.47,-0.9,-1.27,-0.39,-1.02,1145,793.0, , , , , , , ,721.0,720.6,100.0,50.0, , , ,, , , , , , , 
09:34:58,-1.26,-0.08,-1.27,-0.21,-3.18,-1.44,0.19,-0.07,-1.06,-0.22,-0.67,1018,786.0, , , , , , , ,720.6,720.5,50.0,300.0, , , ,, , , , , , , 
09:35:01,-1.04,0.12,-0.76,0.43,-3.25,-1.27,0.24,0.38,-1.1,-0.32,-0.59,1023,779.0, , , , , , , ,720.6,720.5,50.0,200.0, , , ,, , , , , , , 
09:35:04,-0.98,0.07,-1.01,0.26,-3.29,-0.94,0.22,0.7,-1.01,-0.29,-0.99,869,779.0, , , , , , , ,721.3,720.01,200.0,650.0, , , ,, , , , , , , 
09:35:07,-0.9,-0.03,-0.5,0.38,-2.04,-1.31,0.07,1.94,-0.89,-0.54,-0.08,954,784.0, , , , , , , ,720.0,719.49,4160.0,100.0, , , ,, , , , , , , 
09:35:10,-0.89,0.02,-0.51,0.54,-1.57,-1.17,0.0,2.03,-1.01,-0.47,0.02,944,781.0, , , , , , , ,719.98,719.13,400.0,200.0, , , ,, , , , , , , 
09:35:13,-1.23,-0.18,-0.89,0.1,-1.83,-1.57,-0.2,1.6,-1.22,-0.46,-0.31,840,776.0, , , , , , , ,719.97,719.5,1100.0,100.0, , , ,, , , , , , , 
09:35:16,-1.34,-0.27,-1.04,0.17,-1.0,-1.56,-0.43,2.09,-1.42,-0.54,0.22,849,771.0, , , , , , , ,719.47,719.0,47.0,800.0, , , ,, , , , , , , 
09:35:19,-0.94,-0.18,-0.75,0.19,-0.98,-0.87,-0.19,2.07,-1.19,-0.55,0.31,861,767.0, , , , , , , ,719.46,719.0,1200.0,553.0, , , ,, , , , , , , 
09:35:22,-1.19,-0.13,-1.05,0.11,-0.92,-1.28,-0.12,2.08,-1.24,-0.39,0.4,783,762.0, , , , , , , ,719.46,719.0,1300.0,553.0, , , ,, , , , , , , 
09:35:25,-1.28,-0.4,-0.91,-0.02,-0.85,-1.48,-0.42,2.06,-1.46,-0.78,0.56,918,756.0, , , , , , , ,719.46,719.0,1400.0,453.0, , , ,, , , , , , , 
09:35:28,-1.16,-0.29,-1.01,0.18,0.12,-1.07,-0.36,3.15,-1.41,-0.69,1.61,947,786.0, , , , , , , ,719.0,718.05,100.0,153.0, , , ,, , , , , , , 
09:35:31,-1.37,-0.57,-1.08,-0.33,0.31,-1.62,-0.52,3.31,-1.4,-0.86,1.53,1255,782.0, , , , , , , ,719.0,718.01,200.0,53.0, , , ,, , , , , , , 
09:35:34,-1.54,-0.59,-1.17,-0.29,0.31,-1.98,-0.71,3.46,-1.47,-0.77,1.53,950,777.0, , , , , , , ,719.0,718.0,100.0,453.0, , , ,, , , , , , , 
09:35:37,-1.35,-0.46,-0.99,-0.18,-0.32,-1.65,-0.53,2.79,-1.4,-0.68,0.72,897,776.0, , , , , , , ,719.13,719.0,100.0,700.0, , , ,, , , , , , , 
09:35:40,-1.22,-0.34,-0.92,0.0,-0.25,-1.37,-0.39,2.79,-1.37,-0.63,0.84,850,775.0, , , , , , , ,719.13,719.0,200.0,151.0, , , ,, , , , , , , 
09:35:43,-1.19,-0.13,-0.72,0.1,-0.06,-1.44,0.06,2.75,-1.42,-0.55,0.96,816,767.0, , , , , , , ,719.13,719.0,200.0,151.0, , , ,, , , , , , , 
09:35:46,-0.87,0.22,-0.3,0.54,0.99,-1.12,0.49,3.38,-1.2,-0.35,1.72,838,764.0, , , , , , , ,719.0,718.08,449.0,100.0, , , ,, , , , , , , 
09:35:49,-0.87,0.06,-0.48,0.32,1.38,-0.97,0.27,3.33,-1.16,-0.42,1.65,847,765.0, , , , , , , ,719.0,718.02,1949.0,393.0, , , ,, , , , , , , 
09:35:52,-0.95,-0.08,-0.42,0.37,1.6,-0.99,-0.19,3.1,-1.42,-0.4,1.2,785,762.0, , , , , , , ,719.0,718.19,2049.0,93.0, , , ,, , , , , , , 
09:35:55,-0.85,-0.09,-0.36,0.25,2.87,-0.88,-0.07,3.68,-1.3,-0.46,1.56,863,759.0, , , , , , , ,718.19,718.0,7.0,453.0, , , ,, , , , , , , 
09:35:58,-0.89,-0.03,-0.52,0.19,3.06,-0.97,-0.03,3.32,-1.18,-0.26,1.15,756,752.0, , , , , , , ,718.55,718.06,307.0,200.0, , , ,, , , , , , , 
09:36:01,-0.88,0.01,-0.43,0.22,3.87,-1.0,0.14,3.62,-1.22,-0.31,1.62,860,748.0, , , , , , , ,718.06,718.03,300.0,1000.0, , , ,, , , , , , , 
09:36:04,-0.84,0.01,-0.44,0.42,3.87,-0.86,0.07,3.09,-1.21,-0.47,1.47,714,744.0, , , , , , , ,718.57,718.19,700.0,100.0, , , ,, , , , , , , 
09:36:07,-0.74,0.21,-0.37,0.59,3.83,-0.82,0.4,3.17,-1.04,-0.35,1.78,750,745.0, , , , , , , ,718.57,718.2,300.0,200.0, , , ,, , , , , , , 
09:36:10,-0.7,0.38,-0.35,0.71,3.76,-0.79,0.65,3.06,-0.96,-0.21,1.96,760,745.0, , , , , , , ,718.57,718.06,100.0,100.0, , , ,, , , , , , , 
09:36:13,-0.96,0.17,-0.62,0.37,3.2,-1.14,0.48,2.46,-1.14,-0.33,1.47,740,740.0, , , , , , , ,718.99,718.2,200.0,100.0, , , ,, , , , , , , 
09:36:16,-0.95,0.09,-0.5,0.46,3.28,-1.06,0.18,2.54,-1.27,-0.37,1.63,681,737.0, , , , , , , ,718.57,718.2,2200.0,300.0, , , ,, , , , , , , 
09:36:19,-0.93,0.16,-0.45,0.57,2.69,-1.05,0.32,1.68,-1.3,-0.39,0.96,718,740.0, , , , , , , ,718.99,718.57,1800.0,200.0, , , ,, , , , , , , 
09:36:22,-0.99,0.25,-0.45,0.71,3.32,-1.17,0.47,2.19,-1.34,-0.43,1.39,679,736.0, , , , , , , ,718.57,718.12,300.0,200.0, , , ,, , , , , , , 
09:36:25,-0.96,0.31,-0.48,0.84,2.69,-1.06,0.45,1.41,-1.34,-0.36,0.66,662,733.0, , , , , , , ,718.99,718.57,1800.0,400.0, , , ,, , , , , , , 
09:36:28,-0.97,0.31,-0.47,0.8,3.11,-0.95,0.38,1.54,-1.49,-0.27,0.86,723,733.0, , , , , , , ,718.99,718.12,1800.0,100.0, , , ,, , , , , , , 
09:36:31,-0.82,0.4,-0.45,0.92,2.93,-0.6,0.52,1.05,-1.4,-0.24,0.46,684,730.0, , , , , , , ,718.99,718.57,1700.0,747.0, , , ,, , , , , , , 
09:36:34,-0.96,0.32,-0.6,0.88,3.06,-0.89,0.44,0.89,-1.4,-0.37,0.46,697,727.0, , , , , , , ,718.99,718.57,1500.0,647.0, , , ,, , , , , , , 
09:36:37,-1.04,0.18,-0.62,0.66,3.18,-0.99,0.33,0.66,-1.5,-0.45,0.5,711,728.0, , , , , , , ,718.99,718.57,1000.0,347.0, , , ,, , , , , , , 
09:36:40,-1.01,0.17,-0.58,0.75,2.88,-0.95,0.24,0.31,-1.49,-0.46,0.26,742,734.0, , , , , , , ,719.0,718.99,3849.0,300.0, , , ,, , , , , , , 
09:36:43,-0.65,0.63,-0.46,0.98,2.84,-0.44,1.0,0.08,-1.06,-0.1,0.27,944,760.0, , , , , , , ,719.0,718.99,849.0,900.0, , , ,, , , , , , , 
09:36:46,-0.05,1.23,0.04,1.46,2.32,0.26,1.67,-0.56,-0.46,0.57,-0.08,894,763.0, , , , , , , ,719.46,719.13,1200.0,80.0, , , ,, , , , , , , 
09:36:49,0.48,1.48,-0.19,1.42,1.65,0.94,2.06,-1.15,0.7,0.96,-0.64,897,759.0,400.0,719.48,0.0,0.0,-303.0, , ,719.97,719.46,900.0,7800.0, ,2018-05-28 09:36:49,2018-05-28 09:36:49.643000,, , ,CANCELED, , ,2018-05-28 09:36:49.643000,2018-05-28 09:36:53.455000
09:36:52,0.51,1.46,0.05,1.14,1.18,0.55,2.07,-1.75,0.92,1.19,-1.0,848,766.0,400.0,719.99,0.0,0.0,-303.0, , ,719.99,719.97,400.0,3900.0, ,2018-05-28 09:36:52,2018-05-28 09:36:53.456000,, , ,CANCELED, , ,2018-05-28 09:36:53.456000,2018-05-28 09:36:56.500000
09:36:55,0.78,1.71,0.04,1.53,1.02,0.91,2.0,-1.77,1.38,1.59,-0.98,1083,791.0,400.0,720.0,0.0,0.0,-303.0, , ,720.0,719.99,2860.0,2800.0, ,2018-05-28 09:36:55,2018-05-28 09:36:56.501000,, , ,CANCELED, , ,2018-05-28 09:36:56.501000,2018-05-28 09:36:59.538000
09:36:58,0.29,1.62,-0.39,1.57,-0.34,0.29,1.5,-3.01,0.97,1.8,-2.35,1357,869.0,400.0,720.92,0.0,0.0,-303.0, , ,720.97,720.9,100.0,100.0, ,2018-05-28 09:36:58,2018-05-28 09:36:59.538000,, , ,CANCELED, , ,2018-05-28 09:36:59.538000,2018-05-28 09:37:02.577000
09:37:01,-0.28,1.22,-0.84,1.04,-0.63,0.28,0.99,-3.24,-0.3,1.64,-2.72,1432,866.0, , , , , , , ,721.2,721.0,800.0,200.0, , , ,, , , , , , , 
09:37:04,-0.54,0.87,-0.71,0.73,-0.9,-0.02,0.82,-3.38,-0.89,1.05,-3.08,1389,868.0, , , , , , , ,721.3,721.2,600.0,2200.0, , , ,, , , , , , , 
09:37:07,-0.37,1.06,-0.7,1.07,-0.96,0.19,1.26,-3.5,-0.61,0.85,-3.21,1450,874.0, , , , , , , ,721.4,721.3,200.0,600.0, , , ,, , , , , , , 
09:37:10,-0.5,0.89,-0.48,0.75,-0.46,-0.15,1.25,-2.8,-0.87,0.68,-2.5,1457,893.0, , , , , , , ,721.0,720.7,2600.0,100.0, , , ,, , , , , , , 
09:37:13,-0.65,0.67,-0.56,0.61,-0.34,-0.23,0.96,-2.24,-1.15,0.43,-2.23,1456,905.0, , , , , , , ,721.0,720.22,800.0,100.0, , , ,, , , , , , , 
09:37:16,-0.78,0.37,-0.92,0.23,-0.74,-0.31,0.93,-2.21,-1.12,-0.05,-2.34,1526,924.0, , , , , , , ,721.0,720.5,3100.0,200.0, , , ,, , , , , , , 
09:37:19,-0.75,0.04,-0.9,-0.25,-1.06,-0.39,0.54,-1.99,-0.96,-0.17,-2.55,1498,916.0, , , , , , , ,721.0,720.51,3100.0,600.0, , , ,, , , , , , , 
09:37:22,-0.84,-0.02,-1.08,0.07,-1.16,-0.36,0.29,-1.76,-1.08,-0.42,-2.77,1416,910.0, , , , , , , ,721.0,720.51,3200.0,400.0, , , ,, , , , , , , 
09:37:25,-0.88,-0.1,-1.11,-0.15,-1.2,-0.47,0.18,-1.62,-1.06,-0.34,-2.65,1462,931.0, , , , , , , ,721.0,720.31,1800.0,200.0, , , ,, , , , , , , 
09:37:28,-0.65,-0.19,-0.94,-0.33,-1.43,-0.52,0.18,-1.67,-0.48,-0.41,-2.86,1496,941.0, , , , , , , ,721.08,720.31,300.0,140.0, , , ,, , , , , , , 
09:37:31,-0.36,-0.04,-0.95,-0.17,-2.08,-0.44,0.06,-1.98,0.31,-0.01,-3.35,1491,935.0, , , , , , , ,721.08,721.0,200.0,300.0, , , ,, , , , , , , 
09:37:34,-0.1,-0.0,-0.82,-0.25,-2.4,-0.11,0.07,-2.17,0.62,0.18,-3.5,1555,945.0, , , , , , , ,721.3,721.0,700.0,700.0, , , ,, , , , , , , 
09:37:37,-0.17,0.2,-0.74,0.12,-2.48,-0.07,0.15,-2.02,0.3,0.33,-3.37,1435,938.0, , , , , , , ,721.07,721.02,100.0,200.0, , , ,, , , , , , , 
09:37:40,-0.47,-0.06,-1.0,-0.29,-2.52,-0.36,0.13,-2.0,-0.05,-0.02,-3.35,1387,936.0, , , , , , , ,721.07,721.0,2200.0,600.0, , , ,, , , , , , , 
09:37:43,-0.58,-0.17,-0.94,-0.38,-2.75,-0.31,0.12,-2.0,-0.48,-0.24,-3.57,1328,928.0, , , , , , , ,721.07,721.0,2200.0,500.0, , , ,, , , , , , , 
09:37:46,-0.36,-0.06,-0.92,-0.39,-2.97,-0.19,0.31,-1.79,0.02,-0.09,-3.85,1290,923.0, , , , , , , ,721.07,721.0,2100.0,300.0, , , ,, , , , , , , 
09:37:49,-0.57,-0.09,-1.01,-0.3,-2.6,-0.29,0.17,-1.49,-0.41,-0.13,-3.85,1257,920.0, , , , , , , ,721.0,720.52,35.0,100.0, , , ,, , , , , , , 
09:37:52,-0.51,-0.16,-1.0,-0.31,-2.83,-0.17,0.09,-1.14,-0.35,-0.25,-4.22,1197,912.0, , , , , , , ,720.99,720.52,100.0,100.0, , , ,, , , , , , , 
09:37:55,-0.42,0.03,-0.83,-0.2,-2.83,-0.03,0.26,-0.96,-0.39,0.04,-4.18,1429,905.0, , , , , , , ,721.0,720.52,200.0,100.0, , , ,, , , , , , , 
09:37:58,-0.36,0.01,-0.87,-0.26,-2.63,-0.13,0.19,-0.83,-0.1,0.1,-4.08,1126,901.0, , , , , , , ,720.8,720.52,700.0,100.0, , , ,, , , , , , , 
09:38:01,-0.39,0.06,-0.85,-0.26,-2.52,-0.1,0.29,-0.63,-0.22,0.13,-3.92,1087,896.0, , , , , , , ,720.8,720.36,649.0,400.0, , , ,, , , , , , , 
09:38:04,-0.4,0.06,-0.95,-0.07,-2.45,-0.23,0.19,-0.89,-0.0,0.06,-3.71,1098,893.0, , , , , , , ,720.8,720.36,249.0,400.0, , , ,, , , , , , , 
09:38:07,-0.59,0.02,-0.94,-0.0,-2.44,-0.43,0.01,-1.24,-0.4,0.04,-3.71,1054,886.0, , , , , , , ,720.8,720.36,349.0,400.0, , , ,, , , , , , , 
09:38:10,-0.75,-0.13,-1.03,-0.15,-2.86,-0.66,-0.14,-1.84,-0.57,-0.08,-4.2,999,886.0, , , , , , , ,720.99,720.8,200.0,51.0, , , ,, , , , , , , 
09:38:13,-0.7,-0.01,-0.94,0.2,-1.39,-0.55,-0.08,-0.66,-0.6,-0.15,-3.02,1095,898.0, , , , , , , ,720.0,719.99,5028.0,1600.0, , , ,, , , , , , , 
09:38:16,-1.14,-0.2,-1.42,-0.03,-1.15,-0.88,-0.31,-0.82,-1.11,-0.26,-3.11,1170,907.0, , , , , , , ,720.0,719.97,4828.0,400.0, , , ,, , , , , , , 
09:38:19,-1.22,-0.38,-1.41,-0.0,-0.93,-1.05,-0.54,-0.74,-1.2,-0.59,-3.18,1091,899.0, , , , , , , ,720.0,719.97,4828.0,400.0, , , ,, , , , , , , 
09:38:22,-1.2,-0.36,-1.28,0.02,-0.69,-0.9,-0.47,-0.65,-1.41,-0.64,-3.03,1045,891.0, , , , , , , ,720.0,719.97,4728.0,400.0, , , ,, , , , , , , 
09:38:25,-0.99,-0.19,-1.09,0.08,-0.33,-0.69,-0.03,-0.13,-1.2,-0.63,-2.32,1008,890.0, , , , , , , ,719.94,719.5,2.0,100.0, , , ,, , , , , , , 
09:38:28,-0.97,-0.11,-1.2,0.19,0.02,-0.6,-0.09,0.29,-1.1,-0.42,-1.77,1076,899.0, , , , , , , ,719.95,719.0,900.0,600.0, , , ,, , , , , , , 
09:38:31,-0.86,0.06,-0.85,0.24,0.19,-0.57,0.05,0.18,-1.17,-0.12,-1.52,1039,894.0, , , , , , , ,719.95,719.0,500.0,600.0, , , ,, , , , , , , 
09:38:34,-0.63,0.26,-0.77,0.35,0.16,-0.32,0.33,0.17,-0.81,0.09,-1.14,1041,887.0, , , , , , , ,719.95,719.0,400.0,600.0, , , ,, , , , , , , 
09:38:37,-0.58,0.38,-0.63,0.35,0.48,-0.17,0.66,0.47,-0.93,0.12,-0.39,1006,882.0, , , , , , , ,719.5,719.0,100.0,400.0, , , ,, , , , , , , 
09:38:40,-0.64,0.39,-0.89,0.42,1.06,-0.3,0.65,1.17,-0.72,0.1,0.72,956,879.0, , , , , , , ,719.0,718.66,150.0,200.0, , , ,, , , , , , , 
09:38:43,-0.76,0.29,-0.8,0.31,0.39,-0.46,0.56,0.61,-1.01,0.01,-0.12,985,882.0, , , , , , , ,719.97,718.66,50.0,200.0, , , ,, , , , , , , 
09:38:46,-0.57,0.26,-0.57,0.46,1.32,-0.29,0.38,1.36,-0.87,-0.07,1.06,1017,879.0, , , , , , , ,719.0,718.6,1900.0,400.0, , , ,, , , , , , , 
09:38:49,-0.2,0.58,-0.33,0.65,1.5,0.12,1.07,1.52,-0.4,0.02,1.61,917,870.0, , , , , , , ,718.61,718.6,100.0,400.0, , , ,, , , , , , , 
09:38:52,-0.55,0.67,-0.85,0.61,1.54,-0.19,1.17,0.88,-0.62,0.22,1.48,891,863.0, , , , , , , ,719.0,718.66,100.0,100.0, , , ,, , , , , , , 
09:38:55,-0.52,0.48,-0.59,0.46,2.0,-0.09,0.85,0.82,-0.88,0.14,2.58,880,855.0, , , , , , , ,718.66,718.6,200.0,551.0, , , ,, , , , , , , 
09:38:58,-0.52,0.5,-0.55,0.64,1.76,-0.04,0.75,0.46,-0.97,0.12,2.4,842,850.0, , , , , , , ,719.0,718.6,4900.0,451.0, , , ,, , , , , , , 
09:39:01,-0.28,0.54,-0.1,0.54,1.85,0.13,0.89,0.57,-0.89,0.19,2.57,801,842.0, , , , , , , ,719.0,718.6,5000.0,1351.0, , , ,, , , , , , , 
09:39:04,-0.32,0.58,-0.17,0.64,1.54,0.07,0.73,0.84,-0.87,0.37,2.7,804,835.0, , , , , , , ,719.0,718.66,4900.0,100.0, , , ,, , , , , , , 
09:39:07,-0.08,0.68,0.11,0.64,1.2,0.28,0.88,1.16,-0.62,0.52,2.5,817,829.0, , , , , , , ,719.0,718.66,4800.0,300.0, , , ,, , , , , , , 
09:39:10,-0.03,0.73,0.11,0.75,1.01,0.46,0.83,1.23,-0.65,0.61,2.29,950,824.0, , , , , , , ,719.0,718.68,4500.0,100.0, , , ,, , , , , , , 
09:39:13,0.02,0.81,0.17,0.86,0.95,0.39,0.94,1.14,-0.5,0.64,2.12,746,818.0, , , , , , , ,719.0,718.66,4800.0,500.0, , , ,, , , , , , , 
09:39:16,0.13,1.0,0.25,1.24,-0.12,0.36,0.97,0.1,-0.23,0.79,1.05,932,864.0, , , , , , , ,719.97,719.0,1950.0,2800.0, , , ,, , , , , , , 
09:39:19,0.0,0.92,-0.14,1.27,-0.04,0.29,0.88,-0.02,-0.13,0.62,1.23,1000,860.0, , , , , , , ,719.97,719.0,1950.0,2600.0, , , ,, , , , , , , 
09:39:22,0.06,0.85,-0.14,1.15,0.04,0.39,0.95,-0.2,-0.06,0.45,1.42,1094,851.0, , , , , , , ,719.97,719.0,1950.0,2800.0, , , ,, , , , , , , 
09:39:25,-0.36,0.55,-0.45,0.88,0.21,0.07,0.74,-0.32,-0.72,0.04,1.42,1458,843.0, , , , , , , ,719.97,719.0,1950.0,2700.0, , , ,, , , , , , , 
09:39:28,-0.43,0.71,-0.29,1.04,0.28,-0.12,0.87,-0.43,-0.89,0.23,1.42,839,848.0, , , , , , , ,719.97,719.0,750.0,2800.0, , , ,, , , , , , , 
09:39:31,-0.09,1.08,-0.06,1.07,0.17,0.08,1.33,-0.53,-0.3,0.83,1.42,880,848.0, , , , , , , ,719.97,719.0,50.0,2500.0, , , ,, , , , , , , 
09:39:34,-0.22,0.81,-0.19,0.7,-0.53,0.07,1.14,-1.21,-0.55,0.58,0.91,929,851.0, , , , , , , ,719.99,719.97,100.0,350.0, , , ,, , , , , , , 
09:39:37,-0.33,0.8,-0.11,0.84,0.28,-0.23,1.04,-0.34,-0.65,0.52,1.71,1070,859.0, , , , , , , ,719.77,719.01,100.0,200.0, , , ,, , , , , , , 
09:39:40,-0.15,1.0,0.05,0.95,0.23,0.0,1.25,-0.46,-0.51,0.79,1.55,1013,859.0, , , , , , , ,720.0,719.01,2080.0,100.0, , , ,, , , , , , , 
09:39:43,-0.26,0.74,-0.16,0.73,0.35,-0.07,0.89,-0.43,-0.55,0.59,1.56,1071,861.0, , , , , , , ,720.0,719.0,1280.0,1761.0, , , ,, , , , , , , 
09:39:46,-0.44,0.51,-0.39,0.38,-0.3,-0.08,0.76,-1.05,-0.86,0.39,0.71,817,852.0, , , , , , , ,720.0,719.99,1380.0,200.0, , , ,, , , , , , , 
09:39:49,-0.58,0.47,-0.56,0.37,-0.41,-0.24,0.69,-1.03,-0.95,0.34,0.74,806,845.0, , , , , , , ,720.0,719.99,1280.0,100.0, , , ,, , , , , , , 
09:39:52,-0.23,0.75,0.02,0.67,0.28,0.06,0.97,0.01,-0.76,0.61,1.78,999,841.0, , , , , , , ,719.5,719.01,300.0,100.0, , , ,, , , , , , , 
09:39:55,-0.28,0.63,-0.25,0.33,-1.78,-0.06,0.77,-1.69,-0.54,0.77,0.06,1039,866.0, , , , , , , ,721.0,720.0,1229.0,500.0, , , ,, , , , , , , 
09:39:58,-0.05,0.73,-0.46,0.15,-1.91,0.33,1.01,-1.75,-0.03,1.02,0.08,894,863.0, , , , , , , ,721.0,720.0,1129.0,100.0, , , ,, , , , , , , 
09:40:01,0.19,1.0,-0.16,0.72,-1.09,0.46,1.08,-1.2,0.26,1.2,0.79,1032,865.0, , , , , , , ,720.0,719.99,2700.0,412.0, , , ,, , , , , , , 
09:40:04,0.2,1.14,0.35,1.11,-0.1,0.33,1.27,-0.67,-0.09,1.06,1.48,895,864.0, , , , , , , ,720.0,719.02,2388.0,100.0, , , ,, , , , , , , 
09:40:07,-0.19,0.84,-0.27,0.68,-0.11,-0.09,0.91,-0.99,-0.22,0.94,1.15,894,855.0, , , , , , , ,719.99,719.5,100.0,100.0, , , ,, , , , , , , 
09:40:10,-0.53,0.71,-0.55,0.77,0.3,-0.32,0.67,-0.64,-0.73,0.7,1.48,823,849.0, , , , , , , ,719.99,719.02,100.0,300.0, , , ,, , , , , , , 
09:40:13,-0.26,0.66,-0.32,0.65,0.2,-0.14,0.73,-0.7,-0.32,0.61,1.49,825,844.0, , , , , , , ,719.9,719.11,400.0,100.0, , , ,, , , , , , , 
09:40:16,-0.6,0.35,-0.48,0.43,0.35,-0.5,0.31,-0.34,-0.81,0.32,1.77,819,839.0, , , , , , , ,719.5,719.11,300.0,100.0, , , ,, , , , , , , 
09:40:19,-0.85,0.15,-0.65,0.28,0.29,-0.65,0.1,-0.49,-1.27,0.07,1.83,765,835.0, , , , , , , ,719.5,719.03,200.0,100.0, , , ,, , , , , , , 
09:40:22,-0.85,0.08,-0.91,0.23,-0.57,-0.56,0.11,-1.38,-1.09,-0.11,1.14,756,830.0, , , , , , , ,719.9,719.6,100.0,300.0, , , ,, , , , , , , 
09:40:25,-0.98,0.04,-0.9,0.19,-0.69,-0.69,0.09,-1.39,-1.34,-0.16,1.13,751,823.0, , , , , , , ,719.9,719.6,100.0,200.0, , , ,, , , , , , , 
09:40:28,-0.97,0.04,-0.84,0.13,-0.81,-0.67,-0.0,-1.56,-1.41,-0.01,1.24,726,818.0, , , , , , , ,719.92,719.6,600.0,200.0, , , ,, , , , , , , 
09:40:31,-0.82,0.02,-0.69,0.17,-0.5,-0.66,-0.19,-1.17,-1.12,0.09,1.78,760,820.0, , , , , , , ,719.92,719.01,500.0,972.0, , , ,, , , , , , , 
09:40:34,-0.91,0.03,-0.73,0.11,-0.5,-0.68,-0.13,-1.17,-1.32,0.12,1.79,701,813.0, , , , , , , ,719.92,719.01,400.0,972.0, , , ,, , , , , , , 
09:40:37,-1.0,-0.03,-0.81,0.09,-0.79,-0.76,-0.15,-1.51,-1.43,-0.05,1.46,731,807.0, , , , , , , ,719.92,719.5,300.0,100.0, , , ,, , , , , , , 
09:40:40,-0.95,0.12,-0.67,0.17,-0.74,-0.74,0.05,-1.52,-1.45,0.12,1.33,802,800.0, , , , , , , ,719.92,719.5,300.0,100.0, , , ,, , , , , , , 
09:40:43,-0.86,0.15,-0.66,0.11,-0.85,-0.74,0.1,-1.85,-1.17,0.24,1.07,762,796.0, , , , , , , ,719.98,719.61,100.0,100.0, , , ,, , , , , , , 
09:40:46,-0.76,0.17,-0.54,0.21,-0.78,-0.57,0.1,-2.15,-1.17,0.2,0.95,603,789.0, , , , , , , ,719.99,719.61,2000.0,100.0, , , ,, , , , , , , 
09:40:49,-0.5,0.37,-0.37,0.39,-0.76,-0.35,0.43,-2.52,-0.79,0.3,0.63,598,785.0, , , , , , , ,719.99,719.61,1900.0,100.0, , , ,, , , , , , , 
09:40:52,-0.16,0.73,-0.05,0.61,-0.19,0.05,0.73,-2.35,-0.48,0.85,0.86,647,781.0, , , , , , , ,719.5,719.3,26.0,800.0, , , ,, , , , , , , 
09:40:55,-0.62,0.52,-0.48,0.4,0.64,-0.57,0.25,-1.5,-0.81,0.91,1.33,900,814.0, , , , , , , ,719.0,718.66,954.0,100.0, , , ,, , , , , , , 
09:40:58,-0.81,0.32,-0.51,0.29,0.57,-0.87,0.1,-1.54,-1.04,0.57,1.14,783,812.0, , , , , , , ,719.0,718.66,354.0,100.0, , , ,, , , , , , , 
09:41:01,-1.09,0.17,-0.83,0.24,-0.45,-1.04,0.04,-2.37,-1.41,0.23,0.26,756,808.0, , , , , , , ,719.92,719.0,100.0,146.0, , , ,, , , , , , , 
09:41:04,-1.28,0.07,-0.96,0.11,-0.94,-1.18,-0.06,-2.5,-1.69,0.15,-0.09,738,800.0, , , , , , , ,719.92,719.5,100.0,300.0, , , ,, , , , , , , 
09:41:07,-1.08,0.32,-0.94,0.34,-0.99,-0.88,0.13,-2.55,-1.42,0.51,-0.14,772,802.0, , , , , , , ,719.99,719.5,1000.0,400.0, , , ,, , , , , , , 
09:41:10,-0.75,0.49,-0.69,0.25,-0.98,-0.47,0.5,-2.6,-1.07,0.73,-0.13,786,794.0, , , , , , , ,719.99,719.5,1000.0,375.0, , , ,, , , , , , , 
09:41:13,-0.88,0.35,-0.77,0.09,-0.97,-0.52,0.29,-2.61,-1.34,0.67,-0.07,755,796.0, , , , , , , ,719.9,719.5,200.0,375.0, , , ,, , , , , , , 
09:41:16,-0.99,0.2,-0.52,0.22,-0.47,-0.66,0.31,-2.29,-1.78,0.07,0.34,700,793.0, , , , , , , ,719.5,719.3,4925.0,400.0, , , ,, , , , , , , 
09:41:19,-0.98,0.26,-0.72,0.16,-0.67,-0.76,0.33,-2.37,-1.46,0.3,0.24,712,791.0, , , , , , , ,719.48,719.3,500.0,400.0, , , ,, , , , , , , 
09:41:22,-1.09,-0.02,-0.78,0.03,-0.88,-0.87,0.1,-2.21,-1.61,-0.2,0.24,682,784.0, , , , , , , ,719.48,719.3,500.0,400.0, , , ,, , , , , , , 
09:41:25,-1.27,-0.2,-0.84,0.02,-0.6,-1.15,-0.24,-1.58,-1.82,-0.38,0.53,696,780.0, , , , , , , ,719.26,719.11,551.0,100.0, , , ,, , , , , , , 
09:41:28,-1.28,-0.28,-0.89,-0.08,-0.59,-1.27,-0.31,-1.19,-1.67,-0.43,0.54,641,773.0, , , , , , , ,719.11,719.01,300.0,100.0, , , ,, , , , , , , 
09:41:31,-1.28,-0.27,-1.01,-0.24,-0.6,-1.32,-0.33,-0.93,-1.52,-0.24,0.53,635,767.0, , , , , , , ,719.11,719.0,100.0,1046.0, , , ,, , , , , , , 
09:41:34,-1.14,-0.27,-0.86,-0.26,-0.7,-1.05,-0.31,-0.66,-1.51,-0.22,0.24,622,761.0, , , , , , , ,719.26,719.0,451.0,900.0, , , ,, , , , , , , 
09:41:37,-1.18,-0.18,-0.89,-0.02,-0.79,-0.96,-0.36,-0.3,-1.68,-0.17,-0.04,619,756.0, , , , , , , ,719.26,719.11,151.0,100.0, , , ,, , , , , , , 
09:41:40,-1.09,-0.06,-0.84,0.07,-0.79,-0.95,-0.24,0.24,-1.49,0.0,-0.05,596,751.0, , , , , , , ,719.26,719.11,51.0,181.0, , , ,, , , , , , , 
09:41:43,-0.92,0.06,-0.7,0.04,-1.05,-0.83,-0.13,0.02,-1.23,0.28,-0.14,981,745.0, , , , , , , ,719.3,719.13,51.0,100.0, , , ,, , , , , , , 
09:41:46,-0.88,0.07,-0.64,-0.01,-1.25,-0.81,-0.01,0.56,-1.19,0.25,0.01,580,742.0, , , , , , , ,719.3,719.01,151.0,181.0, , , ,, , , , , , , 
09:41:49,-0.85,0.08,-0.61,0.15,-1.95,-0.74,-0.07,0.52,-1.21,0.16,-0.23,530,737.0, , , , , , , ,719.48,719.3,400.0,49.0, , , ,, , , , , , , 
09:41:52,-0.76,0.19,-0.55,0.25,-2.13,-0.65,0.09,0.89,-1.07,0.24,0.18,552,737.0, , , , , , , ,719.5,719.0,5125.0,1030.0, , , ,, , , , , , , 
09:41:55,-0.81,0.03,-0.41,0.08,-2.08,-0.79,-0.0,1.72,-1.24,0.01,0.37,621,730.0, , , , , , , ,719.5,719.0,5125.0,1030.0, , , ,, , , , , , , 
09:41:58,-0.71,0.14,-0.48,0.28,-2.14,-0.68,0.09,1.76,-0.97,0.06,0.6,577,727.0, , , , , , , ,719.5,719.01,4825.0,100.0, , , ,, , , , , , , 
09:42:01,-0.51,0.36,-0.23,0.53,-2.01,-0.36,0.21,2.01,-0.94,0.33,0.91,592,722.0, , , , , , , ,719.3,719.1,100.0,1350.0, , , ,, , , , , , , 
09:42:04,-0.46,0.28,-0.26,0.34,-1.29,-0.41,0.02,2.7,-0.72,0.49,1.52,805,755.0, , , , , , , ,719.0,718.67,1420.0,200.0, , , ,, , , , , , , 
09:42:07,-0.65,0.06,-0.42,-0.03,-1.29,-0.63,-0.13,2.49,-0.9,0.33,1.6,788,763.0, , , , , , , ,719.0,718.67,100.0,200.0, , , ,, , , , , , , 
09:42:10,-0.86,0.07,-0.58,0.04,-1.92,-0.86,-0.13,1.71,-1.13,0.32,1.03,780,758.0, , , , , , , ,719.5,719.0,4525.0,100.0, , , ,, , , , , , , 
09:42:13,-0.78,-0.01,-0.56,-0.01,-2.0,-0.69,-0.14,1.54,-1.11,0.11,1.03,675,752.0, , , , , , , ,719.5,719.0,5025.0,221.0, , , ,, , , , , , , 
09:42:16,-0.91,-0.08,-0.54,0.1,-1.27,-1.01,-0.28,2.19,-1.19,-0.06,1.89,692,751.0, , , , , , , ,718.67,718.66,79.0,100.0, , , ,, , , , , , , 
09:42:19,-0.87,-0.12,-0.65,-0.03,-1.94,-1.03,-0.27,1.78,-0.91,-0.06,1.46,692,746.0, , , , , , , ,719.5,718.68,5125.0,21.0, , , ,, , , , , , , 
09:42:22,-0.96,-0.33,-0.69,-0.13,-1.17,-1.09,-0.44,2.59,-1.11,-0.42,2.24,887,739.0, , , , , , , ,718.67,718.62,179.0,100.0, , , ,, , , , , , , 
09:42:25,-0.91,-0.31,-0.6,-0.06,-0.81,-1.1,-0.36,2.62,-1.04,-0.51,2.41,649,734.0, , , , , , , ,718.66,718.6,1500.0,699.0, , , ,, , , , , , , 
09:42:28,-1.09,-0.5,-0.89,-0.33,-0.6,-1.42,-0.68,2.61,-0.96,-0.5,2.52,660,727.0, , , , , , , ,718.66,718.6,1500.0,699.0, , , ,, , , , , , , 
09:42:31,-1.24,-0.58,-1.01,-0.52,-0.34,-1.53,-0.57,2.61,-1.18,-0.65,2.53,620,722.0, , , , , , , ,718.66,718.6,3500.0,699.0, , , ,, , , , , , , 
09:42:34,-1.27,-0.6,-0.95,-0.54,0.07,-1.48,-0.49,2.81,-1.37,-0.76,2.56,537,716.0, , , , , , , ,718.62,718.6,200.0,999.0, , , ,, , , , , , , 
09:42:37,-0.87,-0.21,-0.53,-0.2,0.47,-1.0,-0.12,2.75,-1.09,-0.33,2.53,573,716.0, , , , , , , ,718.67,718.6,79.0,999.0, , , ,, , , , , , , 
09:42:40,-0.89,-0.25,-0.62,-0.22,1.04,-0.8,-0.31,2.79,-1.26,-0.23,2.56,579,715.0, , , , , , , ,718.62,718.6,4079.0,599.0, , , ,, , , , , , , 
09:42:43,-1.03,-0.35,-0.83,-0.33,0.86,-1.03,-0.37,2.8,-1.25,-0.36,2.41,560,709.0, , , , , , , ,718.62,718.6,4079.0,499.0, , , ,, , , , , , , 
09:42:46,-1.37,-0.38,-1.22,-0.12,2.17,-1.55,-0.58,3.5,-1.33,-0.44,3.12,785,750.0, , , , , , , ,718.0,717.99,201.0,100.0, , , ,, , , , , , , 
09:42:49,-1.06,-0.36,-1.12,-0.27,2.71,-1.26,-0.43,3.79,-0.79,-0.36,3.21,770,748.0, , , , , , , ,718.57,717.05,1.0,100.0, , , ,, , , , , , , 
09:42:52,-1.08,-0.34,-1.06,0.03,3.29,-1.16,-0.55,4.2,-1.0,-0.49,3.46,729,743.0, , , , , , , ,718.0,717.05,100.0,100.0, , , ,, , , , , , , 
09:42:55,-1.09,-0.34,-1.05,-0.37,4.13,-1.14,-0.34,4.21,-1.08,-0.31,3.45,713,736.0, , , , , , , ,718.0,717.05,100.0,100.0, , , ,, , , , , , , 
09:42:58,-1.35,-0.42,-1.24,-0.44,3.3,-1.47,-0.4,3.35,-1.33,-0.41,2.56,741,730.0, , , , , , , ,718.3,718.0,100.0,100.0, , , ,, , , , , , , 
09:43:01,-1.44,-0.13,-1.57,-0.2,4.15,-1.46,0.08,4.04,-1.28,-0.27,3.23,675,730.0, , , , , , , ,718.29,717.05,1000.0,600.0, , , ,, , , , , , , 
09:43:04,-1.19,0.0,-1.17,0.0,4.33,-1.23,0.14,4.04,-1.15,-0.13,3.23,674,727.0, , , , , , , ,718.29,717.05,900.0,500.0, , , ,, , , , , , , 
09:43:07,-1.31,0.07,-1.31,-0.06,3.46,-1.21,0.23,3.38,-1.4,0.05,2.45,638,720.0, , , , , , , ,718.29,718.0,1000.0,100.0, , , ,, , , , , , , 
09:43:10,-1.33,0.07,-1.35,0.06,3.26,-1.22,0.19,3.38,-1.43,-0.03,2.33,661,718.0, , , , , , , ,718.29,718.0,900.0,54.0, , , ,, , , , , , , 
09:43:13,-0.78,0.48,-0.7,0.64,3.95,-0.72,0.66,4.25,-0.91,0.14,3.06,653,719.0, , , , , , , ,718.0,717.05,46.0,1200.0, , , ,, , , , , , , 
09:43:16,-0.51,0.52,-0.59,0.68,3.89,-0.56,0.41,4.37,-0.36,0.47,3.08,693,721.0, , , , , , , ,717.8,717.1,100.0,100.0, , , ,, , , , , , , 
09:43:19,-1.04,0.28,-1.0,0.41,3.48,-1.28,0.19,3.76,-0.84,0.26,2.52,671,715.0, , , , , , , ,717.95,717.8,100.0,151.0, , , ,, , , , , , , 
09:43:22,-1.02,0.32,-0.85,0.52,3.62,-1.14,0.21,3.7,-1.07,0.22,2.51,940,711.0, , , , , , , ,717.94,717.88,300.0,300.0, , , ,, , , , , , , 
09:43:25,-0.66,0.62,-0.5,0.74,3.54,-0.71,0.55,3.6,-0.77,0.56,2.46,686,715.0, , , , , , , ,718.0,717.94,1100.0,400.0, , , ,, , , , , , , 
09:43:28,-0.36,0.74,-0.31,0.85,2.87,-0.18,0.68,3.08,-0.59,0.69,1.81,775,734.0, , , , , , , ,718.59,718.3,100.0,300.0, , , ,, , , , , , , 
09:43:31,-0.28,0.92,-0.39,0.74,2.84,-0.16,1.04,3.18,-0.3,0.98,1.78,907,767.0, , , , , , , ,718.62,718.31,1179.0,200.0, , , ,, , , , , , , 
09:43:34,0.37,1.55,0.02,1.15,2.75,0.68,1.62,2.92,0.41,1.88,1.6,1037,778.0,400.0,718.66,0.0,0.0,-303.0, , ,718.66,718.64,300.0,800.0, ,2018-05-28 09:43:34,2018-05-28 09:43:34.629000,, , ,CANCELED, , ,2018-05-28 09:43:34.629000,2018-05-28 09:43:38.541000
09:43:37,0.3,1.64,-0.3,1.15,2.14,0.76,1.72,2.33,0.43,2.06,1.07,945,776.0,400.0,718.68,0.0,0.0,-303.0, , ,719.5,718.66,2500.0,1500.0, ,2018-05-28 09:43:37,2018-05-28 09:43:38.542000,, , ,CANCELED, , ,2018-05-28 09:43:38.542000,2018-05-28 09:43:41.118000
09:43:40,0.1,1.53,-0.23,0.75,1.29,0.24,1.96,1.35,0.28,1.89,0.31,1113,795.0, , , , , , , ,719.88,719.5,100.0,5400.0, , , ,, , , , , , , 
09:43:43,0.1,1.53,0.05,0.91,0.88,0.28,1.81,0.81,-0.03,1.88,-0.03,1027,788.0, , , , , , , ,720.0,719.98,500.0,400.0, , , ,, , , , , , , 
09:43:46,0.45,1.92,0.56,1.66,3.27,0.83,1.99,3.24,-0.04,2.11,2.42,1616,905.0,400.0,718.03,0.0,0.0,-303.0, , ,718.3,718.01,3979.0,500.0, ,2018-05-28 09:43:46,2018-05-28 09:43:46.671000,, , ,CANCELED, , ,2018-05-28 09:43:46.671000,2018-05-28 09:43:50.155000
09:43:49,-0.86,1.1,-0.96,0.53,0.18,-0.59,1.45,-0.2,-1.02,1.33,-0.81,1781,952.0, , , , , , , ,720.8,720.0,100.0,8721.0, , , ,, , , , , , , 
09:43:52,-1.14,0.59,-1.43,0.07,0.05,-0.78,0.83,-0.66,-1.2,0.87,-1.05,1730,944.0, , , , , , , ,720.98,720.01,200.0,600.0, , , ,, , , , , , , 
09:43:55,-0.95,0.75,-1.25,0.82,0.07,-0.81,0.75,-0.98,-0.8,0.69,-1.16,1635,937.0, , , , , , , ,720.99,720.01,600.0,600.0, , , ,, , , , , , , 
09:43:58,-1.03,1.43,-1.3,0.74,0.02,-0.48,1.5,-1.24,-1.3,2.04,-1.22,1591,933.0, , , , , , , ,720.99,720.1,300.0,500.0, , , ,, , , , , , , 
09:44:01,-1.08,0.82,-1.3,0.39,0.03,-0.44,0.31,-1.24,-1.51,1.77,-1.23,1549,930.0, , , , , , , ,720.99,720.1,300.0,51.0, , , ,, , , , , , , 
09:44:04,-1.23,0.73,-1.19,0.37,-0.59,-0.94,0.42,-1.88,-1.56,1.41,-1.84,1500,924.0, , , , , , , ,721.0,720.99,1329.0,1088.0, , , ,, , , , , , , 
09:44:07,-0.14,1.03,-0.57,0.81,-0.59,0.25,0.82,-1.88,-0.1,1.47,-1.85,1500,930.0, , , , , , , ,721.01,720.99,35.0,1388.0, , , ,, , , , , , , 
09:44:10,-0.19,1.1,-0.64,0.39,0.84,-0.13,0.75,-0.45,0.2,2.16,-0.41,1881,1011.0, , , , , , , ,720.0,719.94,21261.0,100.0, , , ,, , , , , , , 
09:44:13,-1.06,0.48,-1.2,0.25,0.84,-0.85,0.35,-0.44,-1.14,0.84,-0.51,1897,1019.0, , , , , , , ,720.0,719.94,24461.0,100.0, , , ,, , , , , , , 
09:44:16,-1.09,0.45,-1.24,0.65,0.12,-1.0,0.31,-1.17,-1.04,0.39,-1.36,3151,1280.0, , , , , , , ,720.99,720.0,661.0,100.0, , , ,, , , , , , , 
09:44:19,-0.21,0.68,-0.85,0.28,0.08,0.09,0.72,-1.32,0.13,1.03,-1.5,3033,1267.0, , , , , , , ,720.99,720.05,761.0,100.0, , , ,, , , , , , , 
09:44:22,-0.29,0.67,-0.92,0.05,0.09,0.26,0.6,-1.29,-0.22,1.37,-1.58,2902,1268.0, , , , , , , ,720.99,720.01,61.0,100.0, , , ,, , , , , , , 
09:44:25,-0.42,0.68,-0.74,0.1,0.07,-0.5,0.79,-1.31,-0.03,1.15,-1.56,2813,1259.0, , , , , , , ,721.0,720.02,61.0,100.0, , , ,, , , , , , , 
09:44:28,-0.61,0.47,-0.59,0.09,0.2,-0.49,0.69,-1.48,-0.73,0.61,-1.52,2699,1253.0, , , , , , , ,721.01,720.01,35.0,437.0, , , ,, , , , , , , 
09:44:31,-0.49,0.51,-0.24,0.45,0.35,-0.7,0.66,-1.48,-0.52,0.42,-1.4,2856,1240.0, , , , , , , ,720.99,720.01,300.0,437.0, , , ,, , , , , , , 
09:44:34,-0.37,0.7,-0.25,0.24,0.34,-0.4,0.77,-1.67,-0.45,1.1,-1.3,2576,1237.0, , , , , , , ,720.99,720.03,263.0,100.0, , , ,, , , , , , , 
09:44:37,-0.49,0.33,-0.59,0.11,-0.33,-0.63,0.58,-2.55,-0.25,0.31,-1.9,2386,1230.0, , , , , , , ,721.01,720.99,35.0,137.0, , , ,, , , , , , , 
09:44:40,-0.43,0.28,-0.46,0.15,0.3,-0.53,0.58,-1.81,-0.3,0.11,-1.03,2334,1232.0, , , , , , , ,720.9,720.0,100.0,6700.0, , , ,, , , , , , , 
09:44:43,-0.39,0.3,-0.36,0.37,0.07,-0.42,0.35,-1.95,-0.39,0.17,-1.11,2277,1224.0, , , , , , , ,720.99,720.05,263.0,500.0, , , ,, , , , , , , 
09:44:46,-0.36,0.2,-0.41,-0.01,-0.05,-0.31,0.21,-1.9,-0.36,0.4,-1.11,2162,1216.0, , , , , , , ,720.99,720.05,63.0,500.0, , , ,, , , , , , , 
09:44:49,-0.42,0.35,-0.45,0.28,-0.37,-0.4,0.3,-1.81,-0.4,0.48,-1.11,2099,1216.0, , , , , , , ,721.0,720.05,263.0,500.0, , , ,, , , , , , , 
09:44:52,-0.45,0.47,-0.43,0.25,-0.72,-0.46,0.59,-1.62,-0.46,0.57,-1.16,2042,1210.0, , , , , , , ,720.99,720.1,400.0,100.0, , , ,, , , , , , , 
09:44:55,-0.49,0.33,-0.5,0.24,-1.05,-0.49,0.47,-1.43,-0.47,0.26,-1.17,1940,1200.0, , , , , , , ,720.99,720.1,200.0,99.0, , , ,, , , , , , , 
09:44:58,-0.43,0.2,-0.43,-0.04,-1.28,-0.41,0.32,-1.23,-0.44,0.32,-1.21,1898,1195.0, , , , , , , ,720.99,720.15,200.0,400.0, , , ,, , , , , , , 
09:45:01,-0.45,0.14,-0.55,-0.03,-1.29,-0.48,0.33,-1.0,-0.34,0.13,-1.31,1851,1193.0, , , , , , , ,721.0,720.15,5263.0,300.0, , , ,, , , , , , , 
09:45:04,-0.53,0.09,-0.56,-0.03,-1.29,-0.52,0.22,-0.91,-0.51,0.08,-1.39,1822,1184.0, , , , , , , ,721.0,720.15,5263.0,56.0, , , ,, , , , , , , 
09:45:07,-0.7,0.06,-0.66,0.02,-1.27,-0.7,0.05,-0.79,-0.76,0.1,-1.37,1754,1177.0, , , , , , , ,720.97,720.15,3700.0,240.0, , , ,, , , , , , , 
09:45:10,-0.69,0.12,-0.67,-0.11,-1.31,-0.73,0.06,-0.83,-0.66,0.39,-1.42,1642,1167.0, , , , , , , ,720.97,720.21,3500.0,500.0, , , ,, , , , , , , 
09:45:13,-0.78,0.08,-0.74,-0.09,-1.29,-0.88,0.13,-0.81,-0.71,0.21,-1.32,1997,1169.0, , , , , , , ,720.94,720.21,1500.0,400.0, , , ,, , , , , , , 
09:45:16,-0.75,0.12,-0.69,-0.09,-1.28,-0.82,0.13,-0.77,-0.74,0.32,-1.35,1576,1158.0, , , , , , , ,720.94,720.21,1500.0,300.0, , , ,, , , , , , , 
09:45:19,-0.76,0.06,-0.67,-0.05,-1.4,-0.73,0.05,-0.6,-0.89,0.19,-1.44,1484,1147.0, , , , , , , ,720.94,720.21,1500.0,200.0, , , ,, , , , , , , 
09:45:22,-0.73,0.14,-0.67,0.04,-1.4,-0.65,0.1,-0.45,-0.87,0.28,-1.52,1410,1138.0, , , , , , , ,720.94,720.21,1300.0,191.0, , , ,, , , , , , , 
09:45:25,-0.78,0.07,-0.75,0.01,-1.36,-0.59,0.08,-0.26,-1.02,0.12,-1.57,1367,1130.0, , , , , , , ,720.94,720.16,1200.0,291.0, , , ,, , , , , , , 
09:45:28,-0.75,0.11,-0.73,0.02,-1.52,-0.6,0.17,-0.13,-0.91,0.14,-1.48,1350,1119.0, , , , , , , ,720.92,720.16,300.0,391.0, , , ,, , , , , , , 
09:45:31,-0.65,0.08,-0.53,-0.02,-2.1,-0.47,0.1,-0.69,-0.95,0.16,-2.0,1405,1136.0, , , , , , , ,720.96,720.94,500.0,2400.0, , , ,, , , , , , , 
09:45:34,-0.44,0.11,-0.43,-0.02,-2.28,-0.19,0.2,-0.7,-0.71,0.15,-1.96,1359,1135.0, , , , , , , ,720.96,720.94,500.0,1500.0, , , ,, , , , , , , 
09:45:37,-0.44,0.12,-0.47,0.1,-1.96,-0.26,0.18,-0.16,-0.59,0.07,-1.38,1433,1143.0, , , , , , , ,720.92,720.22,2450.0,100.0, , , ,, , , , , , , 
09:45:40,-0.65,0.14,-0.67,0.08,-1.98,-0.49,0.09,-0.16,-0.78,0.24,-1.45,1528,1159.0, , , , , , , ,720.92,720.22,1750.0,26.0, , , ,, , , , , , , 
09:45:43,-0.78,-0.06,-0.63,-0.12,-2.02,-0.67,-0.18,-0.32,-1.03,0.12,-1.53,1471,1149.0, , , , , , , ,720.92,720.22,1550.0,326.0, , , ,, , , , , , , 
09:45:46,-0.74,0.14,-0.72,0.02,-1.96,-0.61,0.15,-0.47,-0.89,0.24,-1.61,1414,1152.0, , , , , , , ,720.92,720.22,1550.0,700.0, , , ,, , , , , , , 
09:45:49,-0.51,0.48,-0.57,0.47,-1.38,-0.22,0.56,-0.14,-0.73,0.39,-1.21,1365,1141.0, , , , , , , ,720.22,720.21,100.0,600.0, , , ,, , , , , , , 
09:45:52,-0.6,0.57,-0.55,0.55,-0.38,-0.54,0.67,0.49,-0.71,0.49,-0.45,1911,1239.0, , , , , , , ,720.0,719.3,5243.0,100.0, , , ,, , , , , , , 
09:45:55,-1.01,0.09,-0.75,0.08,-0.18,-1.01,0.03,0.48,-1.27,0.16,-0.53,1941,1228.0, , , , , , , ,720.0,719.3,10143.0,400.0, , , ,, , , , , , , 
09:45:58,-1.06,0.09,-0.8,0.24,0.06,-1.0,0.08,0.48,-1.4,-0.04,-0.58,1972,1219.0, , , , , , , ,719.99,719.3,1000.0,300.0, , , ,, , , , , , , 
09:46:01,-0.99,-0.01,-0.73,-0.11,0.29,-0.91,0.14,0.48,-1.33,-0.06,-0.65,1730,1210.0, , , , , , , ,719.99,719.3,700.0,2100.0, , , ,, , , , , , , 
09:46:04,-0.9,0.18,-0.66,0.08,0.39,-0.86,0.39,0.47,-1.19,0.08,-0.7,1567,1201.0, , , , , , , ,719.99,719.3,600.0,1962.0, , , ,, , , , , , , 
09:46:07,-0.84,0.18,-0.54,0.12,0.48,-0.96,0.38,0.36,-1.03,0.06,-0.69,1655,1189.0, , , , , , , ,719.98,719.3,500.0,1962.0, , , ,, , , , , , , 
09:46:10,-0.93,0.33,-0.88,0.36,0.47,-1.06,0.41,0.22,-0.85,0.2,-0.72,1467,1195.0, , , , , , , ,719.98,719.33,700.0,200.0, , , ,, , , , , , , 
09:46:13,-0.85,0.18,-0.86,0.24,0.48,-0.93,0.3,0.11,-0.76,0.0,-0.71,2375,1187.0, , , , , , , ,719.98,719.31,1800.0,1300.0, , , ,, , , , , , , 
09:46:16,-0.9,0.07,-0.7,0.18,0.53,-1.12,-0.0,0.03,-0.86,0.04,-0.76,1749,1180.0, , , , , , , ,719.98,719.31,3600.0,1250.0, , , ,, , , , , , , 
09:46:19,-0.96,0.04,-0.58,-0.01,0.69,-1.43,0.08,0.05,-0.86,0.04,-0.82,1333,1184.0, , , , , , , ,719.98,719.31,3000.0,350.0, , , ,, , , , , , , 
09:46:22,-0.76,0.24,-0.52,0.38,1.29,-0.99,0.17,0.54,-0.77,0.17,-0.43,1271,1172.0, , , , , , , ,719.33,719.31,100.0,350.0, , , ,, , , , , , , 
09:46:25,-0.83,0.16,-0.55,0.15,0.99,-0.92,0.09,0.11,-1.03,0.23,-1.02,1251,1163.0, , , , , , , ,719.98,719.33,2900.0,100.0, , , ,, , , , , , , 
09:46:28,-1.03,0.18,-0.72,0.31,1.11,-1.3,-0.02,0.14,-1.06,0.24,-1.11,1215,1153.0, , , , , , , ,719.97,719.33,100.0,100.0, , , ,, , , , , , , 
09:46:31,-0.81,0.17,-0.42,0.27,1.81,-0.98,0.01,0.82,-1.02,0.22,-0.46,1433,1201.0, , , , , , , ,719.31,719.0,100.0,12.0, , , ,, , , , , , , 
09:46:34,-1.04,0.14,-0.74,0.26,1.64,-1.28,-0.04,0.73,-1.1,0.19,-0.72,1500,1197.0, , , , , , , ,719.31,719.23,3100.0,349.0, , , ,, , , , , , , 
09:46:37,-0.96,-0.01,-0.79,0.2,1.81,-0.92,-0.21,0.97,-1.17,-0.01,-0.5,2030,1190.0, , , , , , , ,719.31,718.99,3051.0,162.0, , , ,, , , , , , , 
09:46:40,-0.63,0.19,-0.4,0.38,1.93,-0.63,-0.14,1.18,-0.85,0.34,-0.16,1405,1184.0, , , , , , , ,719.23,718.9,88.0,1000.0, , , ,, , , , , , , 
09:46:43,-0.57,0.36,-0.32,0.42,1.72,-0.48,0.3,1.2,-0.91,0.36,-0.04,3292,1173.0, , , , , , , ,719.31,718.9,2777.0,1000.0, , , ,, , , , , , , 
09:46:46,-0.29,0.59,-0.29,0.53,1.5,-0.3,0.67,1.02,-0.27,0.58,-0.05,1077,1167.0, , , , , , , ,719.31,719.0,2777.0,1700.0, , , ,, , , , , , , 
09:46:49,-0.14,0.55,-0.17,0.57,1.13,0.02,0.65,0.71,-0.28,0.42,-0.26,1141,1156.0, , , , , , , ,719.31,719.3,2777.0,5400.0, , , ,, , , , , , , 
09:46:52,0.22,1.04,0.12,0.95,0.95,0.48,1.08,0.57,0.06,1.1,-0.43,1180,1178.0,400.0,719.33,0.0,0.0,-303.0, , ,719.33,719.31,200.0,7623.0, ,2018-05-28 09:46:52,2018-05-28 09:46:52.701000,, , ,CANCELED, , ,2018-05-28 09:46:52.701000,2018-05-28 09:46:56.202000
09:46:55,0.2,1.21,-0.13,1.01,0.38,0.55,1.3,-0.07,0.18,1.31,-0.98,1162,1169.0, , , , , , , ,719.97,719.47,100.0,100.0, , , ,, , , , , , , 
09:46:58,0.21,1.09,-0.02,0.88,0.37,0.34,0.93,-0.08,0.3,1.47,-0.79,1069,1160.0,400.0,719.49,719.49,400.0,97.0,229.69,0.91,719.98,719.47,2700.0,181.0, ,2018-05-28 09:46:58,2018-05-28 09:46:58.836000,, , ,FILLED,288051.2190347372,287821.52414230374,2018-05-28 09:46:58.836000,2018-05-28 09:47:00.418000
09:47:01,0.23,1.31,-0.18,0.99,0.01,0.43,1.24,-0.45,0.44,1.71,-0.98,1382,1206.0, , , , , , , ,719.99,719.98,500.0,1200.0, , , ,, , , , , , , 
09:47:04,0.1,1.26,-0.22,0.8,-0.02,0.13,1.1,-0.44,0.4,1.88,-0.81,1334,1203.0, , , , , , , ,720.0,719.98,6143.0,1200.0, , , ,, , , , , , , 
09:47:07,0.09,1.01,-0.22,0.79,-0.12,0.03,0.88,-0.44,0.46,1.35,-0.8,1440,1211.0, , , , , , , ,720.0,719.98,4443.0,900.0, , , ,, , , , , , , 
09:47:10,0.19,1.0,-0.07,0.94,-0.24,0.19,0.9,-0.44,0.46,1.14,-0.79,1353,1211.0, , , , , , , ,720.0,719.98,3643.0,700.0, , , ,, , , , , , , 
09:47:13,0.32,1.1,-0.03,0.99,-0.38,0.55,1.24,-0.54,0.44,1.06,-0.8,1298,1200.0, , , , , , , ,720.0,719.99,3543.0,751.0, , , ,, , , , , , , 
09:47:16,0.18,1.08,0.0,0.8,-0.46,0.31,1.17,-0.67,0.23,1.28,-0.81,1365,1201.0, , , , , , , ,720.0,719.99,3043.0,100.0, , , ,, , , , , , , 
09:47:19,0.09,1.04,-0.05,0.89,-0.59,0.24,1.09,-0.94,0.09,1.15,-0.97,1427,1223.0, , , , , , , ,720.22,720.0,200.0,1657.0, , , ,, , , , , , , 
09:47:22,0.16,1.05,0.09,0.86,-1.02,0.04,1.01,-1.51,0.34,1.27,-1.44,1415,1228.0, , , , , , , ,720.9,720.0,3605.0,1757.0, , , ,, , , , , , , 
09:47:25,0.28,1.05,0.09,0.66,-0.98,0.32,1.32,-1.47,0.41,1.16,-1.43,1403,1219.0, , , , , , , ,720.9,720.0,3305.0,1757.0, , , ,, , , , , , , 
09:47:28,0.09,1.07,-0.08,0.73,-0.97,0.16,1.24,-1.44,0.2,1.25,-1.44,1361,1207.0, , , , , , , ,720.9,720.0,3305.0,1757.0, , , ,, , , , , , , 
09:47:31,0.04,0.96,-0.11,0.7,-0.96,0.21,1.16,-1.31,0.02,1.02,-1.43,1305,1208.0, , , , , , , ,720.88,720.0,100.0,957.0, , , ,, , , , , , , 
09:47:34,-0.22,0.72,-0.15,0.65,-0.92,-0.03,0.8,-1.23,-0.48,0.7,-1.46,1300,1203.0, , , , , , , ,720.9,720.02,3105.0,200.0, , , ,, , , , , , , 
09:47:37,-0.21,0.65,-0.22,0.57,-0.83,0.16,0.87,-1.14,-0.56,0.5,-1.44,1236,1195.0, , , , , , , ,720.89,720.02,300.0,200.0, , , ,, , , , , , , 
09:47:40,-0.51,0.36,-0.32,0.32,-0.74,-0.28,0.51,-1.04,-0.91,0.27,-1.44,1282,1185.0, , , , , , , ,720.88,720.02,800.0,200.0, , , ,, , , , , , , 
09:47:43,-0.7,0.2,-0.51,0.32,-0.67,-0.51,0.27,-1.02,-1.09,0.01,-1.56,1127,1174.0, , , , , , , ,720.88,720.02,800.0,100.0, , , ,, , , , , , , 
09:47:46,-0.56,0.43,-0.15,0.61,-0.17,-0.6,0.57,-0.42,-0.93,0.12,-1.1,1222,1192.0, , , , , , , ,720.02,720.01,700.0,173.0, , , ,, , , , , , , 
09:47:49,-0.4,0.48,-0.21,0.69,-0.27,-0.29,0.72,-0.4,-0.69,0.04,-1.23,1193,1184.0, , , , , , , ,720.02,720.0,627.0,300.0, , , ,, , , , , , , 
09:47:52,-0.67,0.28,-0.51,0.39,-0.36,-0.65,0.46,-0.39,-0.85,-0.01,-1.34,1191,1181.0, , , , , , , ,720.0,719.99,6400.0,200.0, , , ,, , , , , , , 
09:47:55,-0.72,0.1,-0.52,0.11,-0.46,-0.68,0.46,-0.4,-0.95,-0.26,-1.33,1150,1177.0, , , , , , , ,720.0,719.98,6500.0,2062.0, , , ,, , , , , , , 
09:47:58,-0.73,0.23,-0.63,0.17,-0.46,-0.73,0.35,-0.4,-0.83,0.17,-1.33,1368,1176.0, , , , , , , ,720.0,719.98,5400.0,2262.0, , , ,, , , , , , , 
09:48:01,-0.77,0.19,-0.75,0.17,-0.46,-0.55,0.28,-0.49,-1.02,0.13,-1.32,1296,1190.0, , , , , , , ,720.0,719.98,4600.0,462.0, , , ,, , , , , , , 
09:48:04,-0.62,0.17,-0.62,0.2,-0.44,-0.6,0.2,-0.58,-0.62,0.09,-1.22,1320,1181.0, , , , , , , ,720.0,719.98,4400.0,362.0, , , ,, , , , , , , 
09:48:07,-0.62,0.16,-0.57,0.22,-0.4,-0.45,0.36,-0.54,-0.84,-0.11,-1.06,1365,1177.0, , , , , , , ,719.98,719.93,1538.0,100.0, , , ,, , , , , , , 
09:48:10,-0.43,0.29,-0.39,0.26,0.02,-0.13,0.53,-0.13,-0.78,0.07,-0.59,1234,1191.0, , , , , , , ,719.98,719.35,104.0,900.0, , , ,, , , , , , , 
09:48:13,-0.41,0.37,-0.39,0.33,-0.05,-0.1,0.64,-0.03,-0.74,0.13,-0.49,1279,1181.0, , , , , , , ,719.93,719.35,4.0,100.0, , , ,, , , , , , , 
09:48:16,-0.53,0.27,-0.51,0.4,-0.18,-0.29,0.39,-0.05,-0.78,0.01,-0.52,1195,1184.0, , , , , , , ,719.93,719.35,100.0,100.0, , , ,, , , , , , , 
09:48:19,-0.45,0.33,-0.38,0.32,-0.39,-0.26,0.56,-0.24,-0.71,0.11,-0.68,2006,1178.0, , , , , , , ,719.93,719.5,200.0,1400.0, , , ,, , , , , , , 
09:48:22,-0.4,0.36,-0.43,0.26,-0.54,-0.29,0.46,-0.37,-0.48,0.36,-0.72,1170,1185.0, , , , , , , ,719.99,719.5,200.0,500.0, , , ,, , , , , , , 
09:48:25,-0.28,0.44,-0.38,0.35,-0.5,-0.13,0.6,-0.45,-0.34,0.38,-0.74,1147,1176.0, , , , , , , ,719.99,719.5,200.0,200.0, , , ,, , , , , , , 
09:48:28,-0.27,0.43,-0.42,0.4,-0.46,-0.12,0.47,-0.37,-0.26,0.43,-0.7,1095,1164.0, , , , , , , ,719.99,719.5,200.0,700.0, , , ,, , , , , , , 
09:48:31,-0.0,0.64,-0.2,0.5,-0.34,0.1,0.8,-0.33,0.09,0.62,-0.69,1058,1154.0, , , , , , , ,719.99,719.5,100.0,600.0, , , ,, , , , , , , 
09:48:34,-0.11,0.63,-0.23,0.43,-0.24,-0.08,0.69,-0.28,-0.03,0.75,-0.69,989,1143.0, , , , , , , ,719.99,719.5,100.0,600.0, , , ,, , , , , , , 
09:48:37,-0.03,0.6,-0.23,0.5,-0.45,0.12,0.79,-0.52,0.03,0.53,-0.98,1125,1140.0, , , , , , , ,719.98,719.93,100.0,3355.0, , , ,, , , , , , , 
09:48:40,-0.01,0.73,-0.21,0.62,-0.37,0.11,0.67,-0.61,0.07,0.89,-1.02,1056,1147.0, , , , , , , ,720.0,719.93,1404.0,3055.0, , , ,, , , , , , , 
09:48:43,-0.03,0.87,-0.39,0.7,-0.39,0.22,0.88,-0.73,0.09,1.02,-1.06,1172,1168.0, , , , , , , ,720.0,719.99,804.0,100.0, , , ,, , , , , , , 
09:48:46,-0.02,0.85,-0.24,0.56,-0.33,0.14,0.75,-0.77,0.04,1.24,-1.02,1217,1158.0, , , , , , , ,719.99,719.93,100.0,455.0, , , ,, , , , , , , 
09:48:49,-0.04,0.67,0.01,0.55,0.1,0.13,0.7,-0.43,-0.26,0.76,-0.58,1066,1152.0, , , , , , , ,719.93,719.37,145.0,3100.0, , , ,, , , , , , , 
09:48:52,-0.06,0.5,0.07,0.5,0.08,0.08,0.5,-0.46,-0.33,0.5,-0.58,1061,1144.0, , , , , , , ,719.93,719.37,145.0,2700.0, , , ,, , , , , , , 
09:48:55,-0.2,0.47,-0.11,0.49,0.03,-0.06,0.49,-0.57,-0.43,0.43,-0.7,1020,1136.0, , , , , , , ,719.99,719.37,845.0,2600.0, , , ,, , , , , , , 
09:48:58,-0.09,0.6,-0.14,0.47,0.03,-0.1,0.37,-0.64,-0.02,0.95,-0.76,1460,1133.0, , , , , , , ,719.99,719.37,645.0,4000.0, , , ,, , , , , , , 
09:49:01,-0.21,0.47,-0.22,0.4,-0.02,-0.04,0.43,-0.66,-0.36,0.58,-0.78,1187,1161.0, , , , , , , ,719.93,719.37,200.0,300.0, , , ,, , , , , , , 
09:49:04,-0.4,0.19,-0.38,0.19,-0.09,-0.22,0.17,-0.69,-0.62,0.21,-0.83,1111,1150.0, , , , , , , ,719.9,719.37,100.0,300.0, , , ,, , , , , , , 
09:49:07,-0.51,0.16,-0.29,0.24,-0.2,-0.45,0.14,-0.8,-0.78,0.1,-0.95,1074,1140.0, , , , , , , ,719.93,719.5,100.0,200.0, , , ,, , , , , , , 
09:49:10,-0.58,0.2,-0.34,0.16,-0.14,-0.51,0.18,-0.74,-0.9,0.25,-0.92,1010,1133.0, , , , , , , ,719.95,719.4,1100.0,100.0, , , ,, , , , , , , 
09:49:13,-0.59,0.21,-0.3,0.21,-0.08,-0.54,0.36,-0.75,-0.94,0.07,-0.92,1018,1125.0, , , , , , , ,719.95,719.4,1100.0,100.0, , , ,, , , , , , , 
09:49:16,-0.3,0.15,-0.2,0.22,0.35,-0.37,0.16,-0.35,-0.32,0.05,-0.45,973,1122.0, , , , , , , ,719.37,719.33,500.0,3800.0, , , ,, , , , , , , 
09:49:19,-0.23,0.28,-0.08,0.35,0.26,-0.31,0.31,-0.42,-0.29,0.18,-0.49,1209,1116.0, , , , , , , ,719.37,719.34,100.0,2451.0, , , ,, , , , , , , 
09:49:22,-0.08,0.43,-0.07,0.41,0.17,-0.08,0.43,-0.48,-0.1,0.47,-0.53,922,1106.0, , , , , , , ,719.37,719.34,100.0,2551.0, , , ,, , , , , , , 
09:49:25,-0.17,0.57,-0.1,0.39,0.05,-0.06,0.59,-0.65,-0.34,0.73,-0.62,880,1096.0, , , , , , , ,719.4,719.37,200.0,100.0, , , ,, , , , , , , 
09:49:28,-0.03,0.69,-0.18,0.55,0.04,0.01,0.58,-0.83,0.07,0.94,-0.8,1280,1087.0, , , , , , , ,719.5,719.4,100.0,1900.0, , , ,, , , , , , , 
09:49:31,-0.01,0.65,-0.17,0.55,0.08,-0.02,0.62,-0.86,0.14,0.77,-0.84,849,1077.0, , , , , , , ,719.5,719.4,100.0,1800.0, , , ,, , , , , , , 
09:49:34,-0.08,0.62,-0.28,0.51,-0.21,-0.07,0.54,-1.3,0.1,0.81,-1.21,921,1071.0, , , , , , , ,719.99,719.4,1545.0,1800.0, , , ,, , , , , , , 
09:49:37,-0.08,0.68,-0.19,0.56,-0.16,-0.09,0.62,-1.25,0.03,0.85,-1.23,829,1062.0, , , , , , , ,719.99,719.4,1545.0,1700.0, , , ,, , , , , , , 
09:49:40,-0.37,0.45,-0.25,0.46,-0.22,-0.32,0.4,-1.02,-0.52,0.49,-1.2,796,1068.0, , , , , , , ,719.99,719.38,1545.0,100.0, , , ,, , , , , , , 
09:49:43,-0.5,0.38,-0.47,0.4,-0.38,-0.48,0.44,-0.92,-0.55,0.31,-1.28,905,1068.0, , , , , , , ,719.98,719.5,1100.0,100.0, , , ,, , , , , , , 
09:49:46,-0.5,0.37,-0.39,0.36,-0.47,-0.63,0.29,-0.86,-0.48,0.47,-1.28,1030,1057.0, , , , , , , ,719.98,719.5,1100.0,100.0, , , ,, , , , , , , 
09:49:49,-0.36,0.65,-0.25,0.56,-0.51,-0.3,0.61,-0.8,-0.52,0.78,-1.25,849,1046.0, , , , , , , ,719.9,719.5,100.0,199.0, , , ,, , , , , , , 
09:49:52,-0.47,0.64,-0.44,0.57,-0.53,-0.39,0.52,-0.95,-0.57,0.82,-1.25,704,1036.0, , , , , , , ,719.9,719.5,100.0,299.0, , , ,, , , , , , , 
09:49:55,-0.52,0.46,-0.45,0.53,-0.59,-0.47,0.55,-0.95,-0.62,0.31,-1.28,651,1026.0, , , , , , , ,719.9,719.5,100.0,299.0, , , ,, , , , , , , 
09:49:58,-0.44,0.39,-0.34,0.4,-0.67,-0.42,0.39,-0.76,-0.54,0.38,-1.29,723,1016.0, , , , , , , ,719.9,719.5,700.0,399.0, , , ,, , , , , , , 
09:50:01,-0.45,0.34,-0.27,0.35,-0.72,-0.44,0.5,-0.58,-0.64,0.16,-1.29,666,1010.0, , , , , , , ,719.9,719.5,2700.0,299.0, , , ,, , , , , , , 
09:50:04,-0.61,0.15,-0.32,0.33,-0.41,-0.59,0.19,-0.05,-0.92,-0.06,-1.0,634,1004.0, , , , , , , ,719.5,719.38,1.0,100.0, , , ,, , , , , , , 
09:50:07,-0.46,0.09,-0.22,0.22,-0.41,-0.57,0.28,-0.04,-0.58,-0.25,-1.06,595,994.0, , , , , , , ,719.5,719.38,101.0,51.0, , , ,, , , , , , , 
09:50:10,-0.59,0.07,-0.37,0.17,-0.78,-0.74,0.14,-0.38,-0.66,-0.1,-1.49,588,989.0, , , , , , , ,719.9,719.5,2300.0,86.0, , , ,, , , , , , , 
09:50:13,-0.64,0.17,-0.46,0.19,-0.79,-0.66,0.19,-0.38,-0.79,0.12,-1.53,786,980.0, , , , , , , ,719.9,719.5,2200.0,186.0, , , ,, , , , , , , 
09:50:16,-0.54,0.23,-0.32,0.29,-0.77,-0.39,0.15,-0.33,-0.91,0.26,-1.5,555,970.0, , , , , , , ,719.8,719.5,100.0,186.0, , , ,, , , , , , , 
09:50:19,-0.52,0.22,-0.32,0.35,-0.43,-0.4,0.3,0.07,-0.84,0.02,-1.11,623,970.0, , , , , , , ,719.38,719.34,100.0,2488.0, , , ,, , , , , , , 
09:50:22,-0.53,0.2,-0.43,0.26,-0.62,-0.47,0.21,-0.06,-0.68,0.15,-1.19,590,961.0, , , , , , , ,719.57,719.34,100.0,2488.0, , , ,, , , , , , , 
09:50:25,-0.55,0.11,-0.48,0.1,-0.74,-0.62,0.23,-0.05,-0.55,0.01,-1.17,638,960.0, , , , , , , ,719.57,719.34,100.0,1588.0, , , ,, , , , , , , 
09:50:28,-0.8,-0.21,-0.71,-0.13,-0.78,-0.73,-0.25,-0.01,-0.97,-0.25,-1.06,986,1002.0, , , , , , , ,719.5,719.33,100.0,488.0, , , ,, , , , , , , 
09:50:31,-1.1,-0.4,-0.72,-0.41,-1.04,-1.32,-0.33,-0.24,-1.24,-0.46,-1.23,770,993.0, , , , , , , ,719.79,719.38,1100.0,100.0, , , ,, , , , , , , 
09:50:34,-1.0,-0.35,-0.6,-0.32,-1.15,-1.28,-0.43,-0.24,-1.13,-0.3,-1.28,772,983.0, , , , , , , ,719.79,719.38,1100.0,100.0, , , ,, , , , , , , 
09:50:37,-1.04,-0.3,-0.71,-0.22,-1.1,-1.12,-0.36,-0.24,-1.28,-0.33,-1.34,885,974.0, , , , , , , ,719.79,719.38,1200.0,100.0, , , ,, , , , , , , 
09:50:40,-0.85,-0.28,-0.6,-0.18,-0.86,-0.77,-0.38,-0.22,-1.18,-0.29,-1.38,681,968.0, , , , , , , ,719.79,719.35,1100.0,397.0, , , ,, , , , , , , 
09:50:43,-0.76,-0.35,-0.53,-0.09,-0.4,-0.76,-0.37,-0.05,-0.99,-0.59,-1.15,752,958.0, , , , , , , ,719.38,719.35,300.0,397.0, , , ,, , , , , , , 
09:50:46,-0.75,-0.32,-0.48,-0.18,-0.3,-0.82,-0.38,-0.16,-0.96,-0.41,-1.11,760,970.0, , , , , , , ,719.35,719.33,2303.0,786.0, , , ,, , , , , , , 
09:50:49,-0.9,-0.41,-0.74,-0.43,-0.3,-0.93,-0.4,-0.3,-1.03,-0.42,-1.14,837,962.0, , , , , , , ,719.35,719.33,2203.0,686.0, , , ,, , , , , , , 
09:50:52,-0.91,-0.45,-0.67,-0.37,-0.42,-0.93,-0.5,-0.4,-1.13,-0.49,-1.12,772,971.0, , , , , , , ,719.33,719.3,300.0,4286.0, , , ,, , , , , , , 
09:50:55,-1.1,-0.58,-0.72,-0.54,-0.39,-1.1,-0.57,-0.37,-1.49,-0.63,-1.12,1011,1020.0, , , , , , , ,719.3,719.29,100.0,886.0, , , ,, , , , , , , 
09:50:58,-1.21,-0.63,-0.9,-0.5,0.02,-1.22,-0.71,-0.14,-1.5,-0.68,-0.94,1045,1023.0, , , , , , , ,719.28,719.0,400.0,6600.0, , , ,, , , , , , , 
09:51:01,-1.24,-0.73,-0.95,-0.69,0.19,-1.25,-0.8,-0.14,-1.54,-0.69,-0.94,1111,1037.0, , , , , , , ,719.28,719.0,100.0,4584.0, , , ,, , , , , , , 
09:51:04,-1.3,-0.77,-1.03,-0.72,0.37,-1.25,-0.78,-0.04,-1.62,-0.82,-0.95,1167,1037.0, , , , , , , ,719.28,719.0,100.0,3784.0, , , ,, , , , , , , 
09:51:07,-1.2,-0.74,-0.83,-0.59,0.38,-1.27,-0.76,0.07,-1.51,-0.87,-0.96,1213,1032.0, , , , , , , ,719.28,719.0,100.0,3584.0, , , ,, , , , , , , 
09:51:10,-1.15,-0.73,-0.81,-0.58,0.38,-1.27,-0.84,0.12,-1.37,-0.76,-1.0,1295,1028.0, , , , , , , ,719.29,719.0,1300.0,2984.0, , , ,, , , , , , , 
09:51:13,-1.26,-0.83,-0.9,-0.68,0.41,-1.33,-0.96,0.21,-1.54,-0.85,-1.06,1132,1043.0,-500.0,719.0,719.0,-500.0,-403.0, , ,719.26,719.0,100.0,533.0, ,2018-05-28 09:51:13,2018-05-28 09:51:13.697000,, , ,FILLED, , ,2018-05-28 09:51:13.697000,2018-05-28 09:51:14.949000
09:51:16,-1.44,-0.9,-1.03,-0.82,0.4,-1.59,-1.01,0.18,-1.68,-0.88,-1.15,1137,1039.0,-500.0,719.0,0.0,-0.0,-403.0, , ,719.26,719.0,2300.0,33.0, ,2018-05-28 09:51:16,2018-05-28 09:51:16.641000,, , ,CANCELED, , ,2018-05-28 09:51:16.641000,2018-05-28 09:51:20.071000
09:51:19,-1.41,-0.89,-0.85,-0.74,0.59,-1.73,-1.03,0.33,-1.64,-0.9,-1.04,1079,1030.0, , , , , , , ,719.0,718.98,2132.0,28.0, , , ,, , , , , , , 
09:51:22,-1.3,-0.85,-0.81,-0.69,0.62,-1.69,-1.0,0.35,-1.39,-0.85,-1.15,1029,1021.0, , , , , , , ,718.98,718.96,4772.0,100.0, , , ,, , , , , , , 
09:51:25,-1.36,-0.83,-0.96,-0.71,0.66,-1.61,-0.93,0.39,-1.5,-0.84,-1.21,1087,1024.0, , , , , , , ,718.98,718.9,4772.0,468.0, , , ,, , , , , , , 
09:51:28,-1.36,-0.68,-0.84,-0.49,0.89,-1.66,-0.7,0.65,-1.59,-0.84,-1.08,1315,1021.0, , , , , , , ,718.9,718.65,32.0,100.0, , , ,, , , , , , , 
09:51:31,-1.29,-0.63,-0.74,-0.54,0.95,-1.61,-0.6,0.73,-1.51,-0.76,-1.16,967,1012.0, , , , , , , ,718.8,718.65,32.0,100.0, , , ,, , , , , , , 
09:51:34,-1.25,-0.65,-0.83,-0.5,0.75,-1.55,-0.75,0.51,-1.36,-0.69,-1.44,1003,1018.0, , , , , , , ,718.96,718.8,200.0,300.0, , , ,, , , , , , , 
09:51:37,-1.17,-0.5,-0.84,-0.4,1.06,-1.41,-0.54,0.84,-1.24,-0.57,-1.24,1051,1022.0, , , , , , , ,718.8,718.5,1200.0,700.0, , , ,, , , , , , , 
09:51:40,-0.96,-0.2,-0.73,-0.09,0.7,-1.1,-0.28,0.44,-1.05,-0.23,-1.74,1086,1030.0, , , , , , , ,718.98,718.85,600.0,197.0, , , ,, , , , , , , 
09:51:43,-1.07,-0.18,-0.98,-0.14,-0.04,-1.24,-0.33,-0.17,-0.98,-0.07,-2.44,1240,1053.0, , , , , , , ,719.38,719.33,300.0,100.0, , , ,, , , , , , , 
09:51:46,-0.83,0.05,-0.88,0.1,-0.24,-0.93,-0.11,-0.22,-0.68,0.16,-2.58,1346,1079.0, , , , , , , ,719.8,718.98,3305.0,368.0, , , ,, , , , , , , 
09:51:49,-0.58,0.21,-0.45,0.27,0.41,-0.61,0.14,0.56,-0.68,0.21,-1.77,1299,1078.0, , , , , , , ,718.85,718.8,200.0,4668.0, , , ,, , , , , , , 
09:51:52,-0.36,0.37,-0.26,0.45,0.16,-0.47,0.39,0.44,-0.37,0.27,-1.9,1254,1070.0, , , , , , , ,718.98,718.85,200.0,500.0, , , ,, , , , , , , 
09:51:55,-0.36,0.48,-0.46,0.42,0.16,-0.49,0.4,0.38,-0.13,0.61,-1.85,1234,1065.0, , , , , , , ,718.98,718.85,100.0,2300.0, , , ,, , , , , , , 
09:51:58,-0.41,0.46,-0.4,0.49,-0.51,-0.58,0.34,-0.36,-0.24,0.53,-2.65,1174,1055.0, , , , , , , ,719.79,719.01,100.0,200.0, , , ,, , , , , , , 
09:52:01,-0.56,0.32,-0.65,0.21,-0.48,-0.62,0.3,-0.42,-0.41,0.44,-2.71,1196,1053.0, , , , , , , ,719.79,718.98,1100.0,500.0, , , ,, , , , , , , 
09:52:04,-0.64,0.26,-0.65,0.22,-0.42,-0.79,0.21,-0.53,-0.48,0.35,-2.83,1179,1054.0, , , , , , , ,719.79,719.04,1000.0,1500.0, , , ,, , , , , , , 
09:52:07,-0.58,0.3,-0.56,0.3,-0.33,-0.79,0.22,-0.54,-0.39,0.39,-3.02,1250,1045.0, , , , , , , ,719.79,719.05,800.0,600.0, , , ,, , , , , , , 
09:52:10,-0.52,0.38,-0.52,0.42,-0.26,-0.74,0.21,-0.56,-0.31,0.5,-2.98,1166,1039.0, , , , , , , ,719.79,719.06,600.0,199.0, , , ,, , , , , , , 
09:52:13,-0.4,0.61,-0.35,0.54,-0.19,-0.53,0.59,-0.56,-0.32,0.7,-2.99,1033,1030.0, , , , , , , ,719.77,719.07,300.0,400.0, , , ,, , , , , , , 
09:52:16,-0.49,0.47,-0.31,0.56,-0.22,-0.6,0.38,-0.55,-0.57,0.46,-3.09,1002,1023.0, , , , , , , ,719.77,719.07,300.0,100.0, , , ,, , , , , , , 
09:52:19,-0.64,0.18,-0.44,0.37,-0.24,-0.66,0.19,-0.56,-0.81,-0.02,-3.04,962,1014.0, , , , , , , ,719.77,719.04,300.0,1500.0, , , ,, , , , , , , 
09:52:22,-0.61,0.17,-0.32,0.41,-0.26,-0.71,0.18,-0.6,-0.81,-0.07,-3.07,959,1012.0, , , , , , , ,719.75,719.07,100.0,100.0, , , ,, , , , , , , 
09:52:25,-0.6,0.16,-0.38,0.31,-0.29,-0.71,0.17,-0.67,-0.71,-0.0,-3.06,933,1005.0, , , , , , , ,719.77,719.07,100.0,49.0, , , ,, , , , , , , 
09:52:28,-0.58,0.21,-0.35,0.32,-0.27,-0.59,0.2,-0.78,-0.79,0.13,-3.02,937,998.0, , , , , , , ,719.79,719.07,1500.0,49.0, , , ,, , , , , , , 
09:52:31,-0.52,0.2,-0.38,0.33,-0.21,-0.55,0.15,-0.77,-0.64,0.12,-2.88,902,989.0, , , , , , , ,719.75,719.04,400.0,1021.0, , , ,, , , , , , , 
09:52:34,-0.52,0.21,-0.28,0.34,-0.2,-0.48,0.16,-0.79,-0.79,0.11,-2.83,860,984.0, , , , , , , ,719.76,719.02,100.0,200.0, , , ,, , , , , , , 
09:52:37,-0.54,0.24,-0.29,0.3,-0.25,-0.52,0.18,-0.88,-0.81,0.24,-2.86,863,975.0, , , , , , , ,719.77,719.1,100.0,500.0, , , ,, , , , , , , 
09:52:40,-0.54,0.22,-0.3,0.27,-0.27,-0.5,0.17,-0.84,-0.83,0.23,-2.76,803,967.0, , , , , , , ,719.75,719.1,100.0,400.0, , , ,, , , , , , , 
09:52:43,-0.61,0.22,-0.34,0.3,-0.24,-0.6,0.16,-0.81,-0.9,0.19,-2.73,795,964.0, , , , , , , ,719.79,719.02,1100.0,100.0, , , ,, , , , , , , 
09:52:46,-0.5,0.25,-0.22,0.41,0.28,-0.38,0.19,-0.3,-0.89,0.16,-2.25,842,955.0, , , , , , , ,719.04,719.02,200.0,100.0, , , ,, , , , , , , 
09:52:49,-0.38,0.35,-0.17,0.46,0.28,-0.31,0.34,-0.32,-0.67,0.25,-2.29,736,945.0, , , , , , , ,719.04,719.02,200.0,100.0, , , ,, , , , , , , 
09:52:52,-0.54,0.53,-0.38,0.67,0.28,-0.43,0.51,-0.31,-0.81,0.4,-2.29,765,936.0, , , , , , , ,719.04,719.02,200.0,200.0, , , ,, , , , , , , 
09:52:55,-0.56,0.46,-0.4,0.6,0.21,-0.42,0.44,-0.34,-0.87,0.34,-2.34,1069,928.0, , , , , , , ,719.04,719.02,100.0,170.0, , , ,, , , , , , , 
09:52:58,-0.52,0.37,-0.25,0.54,0.14,-0.46,0.41,-0.36,-0.84,0.17,-2.24,639,921.0, , , , , , , ,719.04,719.02,2100.0,170.0, , , ,, , , , , , , 
09:53:01,-0.67,0.26,-0.48,0.46,0.05,-0.63,0.2,-0.39,-0.89,0.11,-2.28,614,914.0, , , , , , , ,719.06,719.04,700.0,100.0, , , ,, , , , , , , 
09:53:04,-0.66,0.22,-0.51,0.41,-0.02,-0.67,0.15,-0.46,-0.81,0.09,-2.33,621,910.0, , , , , , , ,719.06,719.04,500.0,1200.0, , , ,, , , , , , , 
09:53:07,-0.71,0.21,-0.49,0.3,-0.41,-0.67,0.16,-0.89,-0.97,0.16,-2.72,643,906.0, , , , , , , ,719.59,719.06,2100.0,1700.0, , , ,, , , , , , , 
09:53:10,-0.67,0.17,-0.51,0.24,-0.42,-0.59,0.2,-0.97,-0.91,0.07,-2.8,590,898.0, , , , , , , ,719.59,719.06,2100.0,700.0, , , ,, , , , , , , 
09:53:13,-0.55,0.16,-0.39,0.26,-0.32,-0.43,0.13,-0.9,-0.83,0.08,-2.67,734,889.0, , , , , , , ,719.4,719.09,400.0,100.0, , , ,, , , , , , , 
09:53:16,-0.54,0.19,-0.4,0.31,-0.31,-0.44,0.18,-0.94,-0.77,0.06,-2.66,554,881.0, , , , , , , ,719.4,719.09,400.0,100.0, , , ,, , , , , , , 
09:53:19,-0.62,0.13,-0.38,0.24,-0.32,-0.47,0.12,-0.94,-0.99,0.04,-2.62,672,874.0, , , , , , , ,719.4,719.06,400.0,800.0, , , ,, , , , , , , 
09:53:22,-0.62,0.13,-0.41,0.2,-0.31,-0.42,0.15,-0.83,-1.02,0.02,-2.54,1086,892.0, , , , , , , ,719.4,719.0,400.0,373.0, , , ,, , , , , , , 
09:53:25,-0.7,-0.03,-0.47,0.09,-0.4,-0.6,-0.07,-0.86,-1.05,-0.1,-2.63,683,883.0, , , , , , , ,719.4,719.06,400.0,100.0, , , ,, , , , , , , 
09:53:28,-0.75,-0.14,-0.5,0.1,-0.46,-0.71,-0.12,-0.76,-1.04,-0.38,-2.63,746,875.0, , , , , , , ,719.4,719.0,400.0,345.0, , , ,, , , , , , , 
09:53:31,-0.72,-0.07,-0.52,0.26,-0.68,-0.57,-0.02,-0.88,-1.08,-0.46,-2.85,660,877.0, , , , , , , ,719.6,719.06,100.0,400.0, , , ,, , , , , , , 
09:53:34,-0.63,0.09,-0.46,0.24,-0.56,-0.43,0.19,-0.78,-1.0,-0.15,-2.8,598,869.0, , , , , , , ,719.4,719.06,1400.0,300.0, , , ,, , , , , , , 
09:53:37,-0.66,0.07,-0.48,0.34,-0.59,-0.5,0.07,-0.84,-1.0,-0.19,-2.83,586,861.0, , , , , , , ,719.4,719.06,1400.0,300.0, , , ,, , , , , , , 
09:53:40,-0.57,0.13,-0.37,0.28,-0.56,-0.37,0.13,-0.91,-0.96,-0.04,-2.85,735,857.0, , , , , , , ,719.4,719.06,1100.0,151.0, , , ,, , , , , , , 
09:53:43,-0.53,0.14,-0.35,0.27,-0.57,-0.36,0.13,-0.96,-0.89,0.03,-2.89,553,848.0, , , , , , , ,719.4,719.06,1100.0,351.0, , , ,, , , , , , , 
09:53:46,-0.55,0.08,-0.36,0.3,-0.57,-0.36,0.15,-0.95,-0.92,-0.21,-2.9,537,849.0, , , , , , , ,719.4,719.05,1100.0,351.0, , , ,, , , , , , , 
09:53:49,-0.58,0.12,-0.55,0.28,-0.6,-0.29,0.1,-0.99,-0.9,-0.0,-2.93,517,841.0, , , , , , , ,719.4,719.08,1100.0,100.0, , , ,, , , , , , , 
09:53:52,-0.58,0.09,-0.46,0.2,-0.58,-0.4,0.14,-1.0,-0.87,-0.06,-2.93,604,836.0, , , , , , , ,719.4,719.06,1100.0,100.0, , , ,, , , , , , , 
09:53:55,-0.65,-0.0,-0.36,0.25,-0.62,-0.41,0.05,-1.04,-1.17,-0.31,-2.94,538,828.0, , , , , , , ,719.4,719.06,1200.0,51.0, , , ,, , , , , , , 
09:53:58,-0.58,0.02,-0.33,0.22,-0.35,-0.33,0.1,-0.79,-1.08,-0.25,-2.65,524,832.0, , , , , , , ,719.06,719.0,100.0,47.0, , , ,, , , , , , , 
09:54:01,-0.53,0.02,-0.35,0.25,-0.4,-0.34,-0.0,-0.82,-0.92,-0.18,-2.71,628,826.0, , , , , , , ,719.06,719.05,600.0,100.0, , , ,, , , , , , , 
09:54:04,-0.54,-0.08,-0.35,0.18,-0.43,-0.37,-0.0,-0.8,-0.89,-0.42,-2.67,592,819.0, , , , , , , ,719.06,719.0,900.0,47.0, , , ,, , , , , , , 
09:54:07,-0.62,-0.13,-0.35,0.2,-0.48,-0.39,-0.05,-0.8,-1.1,-0.55,-2.69,615,814.0, , , , , , , ,719.06,719.0,800.0,5.0, , , ,, , , , , , , 
09:54:10,-0.6,-0.16,-0.36,0.11,-0.54,-0.44,-0.02,-0.82,-1.0,-0.58,-2.71,710,807.0, , , , , , , ,719.06,718.98,800.0,405.0, , , ,, , , , , , , 
09:54:13,-0.69,-0.24,-0.43,0.1,-0.55,-0.55,-0.13,-0.88,-1.1,-0.69,-2.65,705,799.0, , , , , , , ,719.05,718.94,100.0,100.0, , , ,, , , , , , , 
09:54:16,-0.65,-0.23,-0.39,0.06,-0.65,-0.52,-0.07,-1.01,-1.06,-0.67,-2.68,477,792.0, , , , , , , ,719.06,719.0,800.0,100.0, , , ,, , , , , , , 
09:54:19,-0.63,-0.17,-0.34,0.05,-0.69,-0.47,-0.12,-1.13,-1.07,-0.45,-2.7,409,785.0, , , , , , , ,719.06,719.05,800.0,100.0, , , ,, , , , , , , 
09:54:22,-0.52,-0.07,-0.32,0.05,-0.45,-0.38,0.03,-1.08,-0.85,-0.3,-2.42,427,779.0, , , , , , , ,719.0,718.85,100.0,100.0, , , ,, , , , , , , 
09:54:25,-0.52,-0.08,-0.5,0.04,-0.39,-0.31,-0.04,-1.15,-0.74,-0.25,-2.31,373,771.0, , , , , , , ,718.94,718.85,700.0,188.0, , , ,, , , , , , , 
09:54:28,-0.54,-0.19,-0.43,-0.03,-0.31,-0.42,-0.11,-1.23,-0.79,-0.43,-2.21,431,765.0, , , , , , , ,718.94,718.81,700.0,88.0, , , ,, , , , , , , 
09:54:31,-0.59,-0.28,-0.41,-0.03,-0.14,-0.42,-0.17,-1.27,-0.92,-0.64,-2.04,456,761.0, , , , , , , ,718.81,718.8,95.0,1900.0, , , ,, , , , , , , 
09:54:34,-0.63,-0.24,-0.48,-0.13,-0.2,-0.56,-0.08,-1.33,-0.86,-0.52,-1.94,387,758.0, , , , , , , ,718.81,718.8,95.0,1400.0, , , ,, , , , , , , 
09:54:37,-0.75,-0.34,-0.64,-0.14,-0.26,-0.63,-0.22,-1.46,-0.96,-0.68,-1.91,393,751.0, , , , , , , ,718.81,718.8,195.0,1300.0, , , ,, , , , , , , 
09:54:40,-0.79,-0.38,-0.59,-0.17,-0.32,-0.69,-0.24,-1.58,-1.09,-0.72,-1.8,395,751.0, , , , , , , ,718.81,718.8,95.0,700.0, , , ,, , , , , , , 
09:54:43,-0.81,-0.4,-0.58,-0.12,-0.45,-0.76,-0.28,-1.77,-1.1,-0.79,-1.77,415,747.0, , , , , , , ,718.94,718.8,500.0,405.0, , , ,, , , , , , , 
09:54:46,-0.79,-0.36,-0.51,-0.13,-0.34,-0.76,-0.21,-1.75,-1.1,-0.73,-1.67,435,750.0, , , , , , , ,718.8,718.78,95.0,100.0, , , ,, , , , , , , 
09:54:49,-0.83,-0.37,-0.64,-0.05,-0.38,-0.78,-0.34,-1.73,-1.07,-0.72,-1.6,472,742.0, , , , , , , ,718.8,718.78,95.0,100.0, , , ,, , , , , , , 
09:54:52,-0.73,-0.28,-0.45,-0.11,-0.36,-0.68,-0.14,-1.7,-1.05,-0.57,-1.64,434,738.0, , , , , , , ,718.94,718.6,495.0,100.0, , , ,, , , , , , , 
09:54:55,-0.64,-0.26,-0.44,-0.04,-0.54,-0.58,-0.2,-1.8,-0.89,-0.55,-1.79,413,731.0, , , , , , , ,718.94,718.81,495.0,100.0, , , ,, , , , , , , 
09:54:58,-0.63,-0.18,-0.42,-0.04,-0.32,-0.59,-0.15,-1.67,-0.87,-0.35,-1.5,404,728.0, , , , , , , ,718.8,718.58,34.0,100.0, , , ,, , , , , , , 
09:55:01,-0.62,-0.19,-0.56,-0.02,-0.41,-0.52,-0.14,-1.85,-0.77,-0.41,-1.5,432,724.0, , , , , , , ,718.94,718.58,529.0,100.0, , , ,, , , , , , , 
09:55:04,-0.56,-0.11,-0.46,0.02,-0.42,-0.49,-0.13,-1.92,-0.73,-0.22,-1.34,385,717.0, , , , , , , ,718.94,718.58,529.0,200.0, , , ,, , , , , , , 
09:55:07,-0.56,-0.17,-0.34,0.04,-0.31,-0.52,-0.1,-1.99,-0.81,-0.45,-1.14,384,711.0, , , , , , , ,718.77,718.58,500.0,100.0, , , ,, , , , , , , 
09:55:10,-0.59,-0.1,-0.49,0.03,-0.16,-0.53,-0.14,-1.75,-0.76,-0.21,-0.9,433,709.0, , , , , , , ,718.58,718.5,100.0,197.0, , , ,, , , , , , , 
09:55:13,-0.66,-0.14,-0.6,0.02,-0.24,-0.62,-0.03,-1.77,-0.76,-0.4,-0.9,372,702.0, , , , , , , ,718.58,718.5,100.0,148.0, , , ,, , , , , , , 
09:55:16,-0.6,-0.14,-0.45,0.0,-0.48,-0.59,-0.1,-2.02,-0.75,-0.33,-1.04,356,696.0, , , , , , , ,718.8,718.5,700.0,148.0, , , ,, , , , , , , 
09:55:19,-0.62,-0.15,-0.47,0.01,-0.41,-0.63,-0.06,-1.84,-0.76,-0.38,-0.89,343,689.0, , , , , , , ,718.58,718.5,200.0,248.0, , , ,, , , , , , , 
09:55:22,-0.55,-0.07,-0.41,0.06,-0.5,-0.59,-0.11,-1.81,-0.66,-0.17,-0.88,381,690.0, , , , , , , ,718.58,718.43,100.0,300.0, , , ,, , , , , , , 
09:55:25,-0.59,0.02,-0.5,0.14,-0.88,-0.59,-0.02,-2.06,-0.68,-0.05,-1.23,387,686.0, , , , , , , ,718.8,718.6,400.0,200.0, , , ,, , , , , , , 
09:55:28,-0.55,0.09,-0.51,0.13,-0.98,-0.51,0.05,-2.02,-0.64,0.08,-1.33,373,679.0, , , , , , , ,718.8,718.6,400.0,200.0, , , ,, , , , , , , 
09:55:31,-0.4,0.12,-0.33,0.14,-1.12,-0.36,0.11,-1.92,-0.52,0.12,-1.48,393,674.0, , , , , , , ,718.8,718.6,300.0,100.0, , , ,, , , , , , , 
09:55:34,-0.41,0.14,-0.32,0.15,-1.19,-0.41,0.07,-1.88,-0.5,0.21,-1.52,378,667.0, , , , , , , ,718.8,718.6,300.0,100.0, , , ,, , , , , , , 
09:55:37,-0.34,0.17,-0.23,0.18,-1.11,-0.32,0.15,-1.64,-0.47,0.17,-1.42,353,664.0, , , , , , , ,718.6,718.51,200.0,400.0, , , ,, , , , , , , 
09:55:40,-0.25,0.15,-0.16,0.17,-1.21,-0.19,0.13,-1.52,-0.41,0.15,-1.39,333,657.0, , , , , , , ,718.55,718.51,100.0,400.0, , , ,, , , , , , , 
09:55:40, , , , ,-1.29, , ,-1.52, , ,-1.34,329,650.0, , , , , , , ,718.55,718.51,100.0,400.0,1, , ,, , , , , , , 
09:55:46,-0.28,0.21,-0.21,0.16,-1.42,-0.2,0.21,-1.59,-0.42,0.25,-1.36,340,646.0, , , , , , , ,718.6,718.51,300.0,200.0, , , ,, , , , , , , 
09:55:49,-0.33,0.23,-0.24,0.16,-1.4,-0.28,0.33,-1.63,-0.48,0.19,-1.21,521,640.0, , , , , , , ,718.6,718.51,300.0,200.0, , , ,, , , , , , , 
09:55:52,-0.29,0.21,-0.18,0.17,-1.25,-0.24,0.22,-1.48,-0.47,0.25,-1.01,319,639.0, , , , , , , ,718.46,718.43,100.0,500.0, , , ,, , , , , , , 
09:55:55,-0.41,0.16,-0.28,0.07,-1.26,-0.44,0.22,-1.59,-0.5,0.18,-1.03,344,639.0, , , , , , , ,718.55,718.43,2000.0,100.0, , , ,, , , , , , , 
09:55:58,-0.52,-0.01,-0.33,-0.01,-1.33,-0.62,-0.02,-1.44,-0.61,0.0,-0.94,417,634.0, , , , , , , ,718.5,718.41,2000.0,3080.0, , , ,, , , , , , , 
09:56:01,-0.6,-0.09,-0.46,-0.1,-1.42,-0.71,-0.11,-1.46,-0.63,-0.06,-0.99,324,628.0, , , , , , , ,718.5,718.41,5000.0,3080.0, , , ,, , , , , , , 
09:56:04,-0.58,-0.09,-0.38,-0.11,-1.49,-0.72,-0.03,-1.51,-0.64,-0.14,-1.02,313,622.0, , , , , , , ,718.5,718.41,5000.0,3080.0, , , ,, , , , , , , 
09:56:07,-0.67,-0.19,-0.41,-0.17,-1.67,-0.8,-0.1,-1.5,-0.81,-0.31,-1.11,489,648.0, , , , , , , ,718.5,718.4,5000.0,2880.0, , , ,, , , , , , , 
09:56:10,-0.68,-0.16,-0.43,-0.07,-1.62,-0.7,-0.24,-1.59,-0.92,-0.18,-1.21,460,647.0, , , , , , , ,718.5,718.4,4600.0,2880.0, , , ,, , , , , , , 
09:56:13,-0.69,-0.26,-0.52,-0.09,-1.5,-0.72,-0.34,-1.43,-0.83,-0.35,-1.16,660,670.0, , , , , , , ,718.4,718.3,1020.0,100.0, , , ,, , , , , , , 
09:56:16,-0.86,-0.35,-0.69,-0.16,-1.41,-0.83,-0.43,-1.21,-1.06,-0.47,-1.05,658,682.0, , , , , , , ,718.4,718.01,1020.0,1200.0, , , ,, , , , , , , 
09:56:19,-0.99,-0.4,-0.77,-0.2,-1.38,-1.12,-0.51,-1.19,-1.07,-0.47,-1.11,653,675.0, , , , , , , ,718.4,718.01,1020.0,1300.0, , , ,, , , , , , , 
09:56:22,-1.0,-0.41,-0.91,-0.23,-1.4,-1.02,-0.59,-1.17,-1.07,-0.43,-1.17,646,676.0, , , , , , , ,718.4,718.01,820.0,800.0, , , ,, , , , , , , 
09:56:25,-1.02,-0.47,-0.92,-0.27,-1.04,-1.02,-0.61,-0.88,-1.1,-0.52,-0.86,817,691.0, , , , , , , ,718.0,717.94,3300.0,100.0, , , ,, , , , , , , 
09:56:28,-1.08,-0.52,-1.1,-0.33,-0.9,-1.15,-0.74,-0.83,-1.0,-0.49,-0.77,760,695.0, , , , , , , ,718.0,717.8,2800.0,400.0, , , ,, , , , , , , 
09:56:31,-0.97,-0.46,-0.91,-0.29,-0.82,-1.06,-0.57,-0.87,-0.93,-0.51,-0.77,739,692.0, , , , , , , ,717.99,717.82,100.0,100.0, , , ,, , , , , , , 
09:56:34,-1.09,-0.52,-0.91,-0.39,-0.62,-1.18,-0.59,-0.8,-1.17,-0.59,-0.61,731,686.0, , , , , , , ,717.82,717.77,200.0,100.0, , , ,, , , , , , , 
09:56:37,-0.98,-0.5,-0.95,-0.31,-0.58,-1.11,-0.63,-0.83,-0.89,-0.56,-0.61,683,680.0, , , , , , , ,717.82,717.77,200.0,53.0, , , ,, , , , , , , 
09:56:40,-0.9,-0.38,-0.93,-0.3,-0.14,-1.03,-0.45,-0.49,-0.76,-0.39,-0.27,696,683.0, , , , , , , ,717.77,717.3,100.0,453.0, , , ,, , , , , , , 
09:56:43,-0.74,-0.18,-0.71,-0.17,-0.14,-0.74,-0.11,-0.54,-0.76,-0.26,-0.29,679,677.0, , , , , , , ,717.77,717.3,1300.0,453.0, , , ,, , , , , , , 
09:56:46,-0.71,-0.16,-0.73,-0.14,-0.16,-0.73,-0.23,-0.55,-0.68,-0.11,-0.3,665,673.0, , , , , , , ,717.77,717.3,1200.0,353.0, , , ,, , , , , , , 
09:56:49,-0.74,-0.22,-0.74,-0.16,-0.21,-0.7,-0.28,-0.56,-0.79,-0.22,-0.31,652,668.0, , , , , , , ,717.77,717.3,1300.0,303.0, , , ,, , , , , , , 
09:56:52,-0.6,-0.07,-0.67,-0.04,-0.28,-0.59,-0.14,-0.65,-0.55,-0.05,-0.36,615,662.0, , , , , , , ,717.77,717.4,100.0,100.0, , , ,, , , , , , , 
09:56:55,-0.43,0.14,-0.42,0.09,-0.28,-0.49,0.19,-0.6,-0.39,0.13,-0.29,624,659.0, , , , , , , ,717.77,717.33,200.0,300.0, , , ,, , , , , , , 
09:56:58,-0.38,0.15,-0.39,0.16,-0.34,-0.45,0.15,-0.76,-0.31,0.14,-0.43,647,659.0, , , , , , , ,718.0,717.33,2100.0,100.0, , , ,, , , , , , , 
09:57:01,-0.39,0.31,-0.35,0.55,0.33,-0.44,0.24,-0.09,-0.38,0.13,0.2,718,670.0, , , , , , , ,717.3,717.05,100.0,703.0, , , ,, , , , , , , 
09:57:04,-0.27,0.39,-0.38,0.45,0.03,-0.3,0.52,-0.33,-0.12,0.19,-0.09,661,664.0, , , , , , , ,717.4,717.3,200.0,100.0, , , ,, , , , , , , 
09:57:07,-0.25,0.37,-0.25,0.35,0.02,-0.43,0.49,-0.35,-0.08,0.26,-0.15,687,657.0, , , , , , , ,717.4,717.3,1000.0,100.0, , , ,, , , , , , , 
09:57:10,-0.2,0.38,-0.31,0.45,0.27,-0.26,0.47,-0.06,-0.04,0.22,0.13,652,655.0, , , , , , , ,717.18,717.05,200.0,703.0, , , ,, , , , , , , 
09:57:13,-0.1,0.36,-0.2,0.37,0.0,-0.1,0.42,-0.33,0.0,0.28,-0.16,726,659.0, , , , , , , ,717.4,717.25,300.0,100.0, , , ,, , , , , , , 
09:57:16,-0.21,0.31,-0.27,0.26,0.08,-0.3,0.42,-0.24,-0.06,0.24,-0.1,637,656.0, , , , , , , ,717.3,717.25,100.0,100.0, , , ,, , , , , , , 
09:57:19,-0.3,0.24,-0.26,0.25,0.39,-0.45,0.26,0.06,-0.19,0.21,0.17,724,667.0, , , , , , , ,717.1,717.05,1800.0,603.0, , , ,, , , , , , , 
09:57:22,-0.01,0.5,-0.11,0.48,0.27,0.04,0.71,0.01,0.04,0.3,0.02,864,699.0, , , , , , , ,717.25,717.1,100.0,3100.0, , , ,, , , , , , , 
09:57:25,-0.08,0.37,-0.17,0.39,0.09,-0.13,0.47,-0.05,0.04,0.27,-0.12,892,699.0, , , , , , , ,717.3,717.25,100.0,100.0, , , ,, , , , , , , 
09:57:28,-0.18,0.33,-0.17,0.32,-0.06,-0.33,0.39,-0.09,-0.05,0.27,-0.23,865,696.0, , , , , , , ,717.4,717.3,100.0,100.0, , , ,, , , , , , , 
09:57:31,-0.02,0.43,-0.01,0.46,0.1,-0.12,0.52,0.18,0.06,0.31,-0.04,918,712.0, , , , , , , ,717.3,717.12,2500.0,2900.0, , , ,, , , , , , , 
09:57:34,-0.05,0.48,-0.09,0.4,-0.32,-0.16,0.62,-0.05,0.09,0.41,-0.36,1195,767.0, , , , , , , ,717.77,717.12,500.0,900.0, , , ,, , , , , , , 
09:57:37,-0.19,0.32,-0.2,0.31,-0.28,-0.3,0.38,0.05,-0.07,0.28,-0.3,1181,761.0, , , , , , , ,717.5,717.3,3000.0,400.0, , , ,, , , , , , , 
09:57:40,-0.18,0.3,-0.19,0.28,-0.38,-0.15,0.37,0.09,-0.19,0.25,-0.38,1127,760.0, , , , , , , ,717.5,717.4,3100.0,100.0, , , ,, , , , , , , 
09:57:43,-0.06,0.33,-0.11,0.41,-0.42,-0.14,0.33,0.21,0.07,0.27,-0.38,1110,758.0, , , , , , , ,717.5,717.4,2600.0,100.0, , , ,, , , , , , , 
09:57:46,-0.09,0.41,-0.2,0.39,-0.44,-0.17,0.42,0.21,0.09,0.41,-0.4,1167,773.0, , , , , , , ,717.5,717.4,2400.0,100.0, , , ,, , , , , , , 
09:57:49,-0.05,0.38,-0.12,0.39,-0.25,-0.04,0.37,0.46,0.02,0.38,-0.21,1190,768.0, , , , , , , ,717.5,717.12,2300.0,400.0, , , ,, , , , , , , 
09:57:52,-0.02,0.43,-0.14,0.41,-0.29,0.04,0.54,0.38,0.03,0.32,-0.24,1112,763.0, , , , , , , ,717.5,717.15,2000.0,100.0, , , ,, , , , , , , 
09:57:55,-0.09,0.42,-0.31,0.43,-0.46,-0.06,0.44,0.2,0.11,0.38,-0.42,1193,786.0, , , , , , , ,717.5,717.4,1900.0,200.0, , , ,, , , , , , , 
09:57:58,-0.09,0.44,-0.12,0.42,-0.25,-0.14,0.54,0.43,-0.02,0.36,-0.22,1169,781.0, , , , , , , ,717.5,717.11,1900.0,100.0, , , ,, , , , , , , 
09:58:01,-0.21,0.34,-0.3,0.28,-0.68,-0.16,0.45,0.12,-0.17,0.29,-0.63,1230,799.0, , , , , , , ,717.69,717.5,3300.0,100.0, , , ,, , , , , , , 
09:58:04,-0.06,0.39,-0.07,0.42,-0.24,0.01,0.44,0.71,-0.13,0.31,-0.24,1214,793.0, , , , , , , ,717.4,717.17,800.0,100.0, , , ,, , , , , , , 
09:58:07,0.14,0.55,0.17,0.6,-0.29,0.17,0.62,0.78,0.07,0.44,-0.32,1148,789.0, , , , , , , ,717.4,717.2,800.0,100.0, , , ,, , , , , , , 
09:58:10,0.08,0.53,0.06,0.54,-0.3,0.15,0.64,0.84,0.05,0.42,-0.4,1111,784.0, , , , , , , ,717.4,717.19,600.0,98.0, , , ,, , , , , , , 
09:58:13,0.06,0.48,0.05,0.46,-0.36,0.09,0.53,0.77,0.03,0.45,-0.56,1083,776.0, , , , , , , ,717.4,717.3,600.0,600.0, , , ,, , , , , , , 
09:58:16,0.09,0.5,0.02,0.43,-0.35,0.16,0.56,0.77,0.1,0.5,-0.58,1011,768.0, , , , , , , ,717.4,717.3,600.0,600.0, , , ,, , , , , , , 
09:58:19,0.06,0.48,0.0,0.46,-0.33,0.08,0.49,0.77,0.11,0.5,-0.61,1009,761.0, , , , , , , ,717.4,717.3,500.0,600.0, , , ,, , , , , , , 
09:58:22,0.07,0.5,-0.01,0.42,-0.23,0.09,0.52,0.73,0.12,0.55,-0.62,996,758.0, , , , , , , ,717.4,717.3,100.0,600.0, , , ,, , , , , , , 
09:58:25,0.08,0.5,-0.0,0.46,-0.24,0.1,0.45,0.55,0.12,0.59,-0.78,953,757.0, , , , , , , ,717.43,717.4,400.0,200.0, , , ,, , , , , , , 
09:58:28,0.05,0.42,-0.0,0.32,0.08,0.08,0.47,0.72,0.08,0.48,-0.58,912,752.0, , , , , , , ,717.25,717.2,100.0,300.0, , , ,, , , , , , , 
09:58:31,-0.13,0.24,-0.17,0.23,0.15,-0.13,0.25,0.58,-0.1,0.25,-0.65,892,748.0, , , , , , , ,717.25,717.2,100.0,100.0, , , ,, , , , , , , 
09:58:34,-0.19,0.23,-0.16,0.19,0.22,-0.25,0.22,0.49,-0.17,0.27,-0.73,1124,746.0, , , , , , , ,717.3,717.2,100.0,100.0, , , ,, , , , , , , 
09:58:37,-0.31,0.09,-0.15,0.12,0.39,-0.35,0.05,0.52,-0.44,0.1,-0.61,899,746.0, , , , , , , ,717.17,717.15,200.0,100.0, , , ,, , , , , , , 
09:58:40,-0.28,0.06,-0.23,0.11,0.48,-0.25,0.03,0.51,-0.35,0.04,-0.62,1055,740.0, , , , , , , ,717.19,717.14,902.0,100.0, , , ,, , , , , , , 
09:58:43,-0.31,0.08,-0.33,0.09,0.62,-0.26,0.07,0.58,-0.33,0.08,-0.6,963,740.0, , , , , , , ,717.19,717.11,502.0,21.0, , , ,, , , , , , , 
09:58:46,-0.31,0.09,-0.32,0.05,0.65,-0.34,0.07,0.62,-0.26,0.14,-0.57,779,734.0, , , , , , , ,717.15,717.11,911.0,21.0, , , ,, , , , , , , 
09:58:49,-0.43,-0.05,-0.48,-0.1,0.73,-0.37,-0.11,0.79,-0.44,0.05,-0.56,822,730.0, , , , , , , ,717.13,717.1,200.0,21.0, , , ,, , , , , , , 
09:58:52,-0.41,-0.02,-0.42,-0.05,0.64,-0.41,-0.06,0.81,-0.4,0.06,-0.6,950,734.0, , , , , , , ,717.15,717.12,211.0,75.0, , , ,, , , , , , , 
09:58:55,-0.32,0.06,-0.34,0.03,0.68,-0.3,0.04,0.9,-0.31,0.12,-0.62,927,748.0, , , , , , , ,717.15,717.06,3400.0,1196.0, , , ,, , , , , , , 
09:58:58,-0.33,0.09,-0.38,0.04,0.7,-0.35,0.03,0.93,-0.25,0.21,-0.6,947,764.0, , , , , , , ,717.15,717.08,2000.0,100.0, , , ,, , , , , , , 
09:59:01,-0.16,0.2,-0.2,0.15,0.76,-0.1,0.08,0.84,-0.17,0.37,-0.78,939,768.0, , , , , , , ,717.15,717.13,900.0,171.0, , , ,, , , , , , , 
09:59:04,-0.21,0.14,-0.26,0.06,0.99,-0.18,0.09,0.9,-0.19,0.27,-0.91,923,766.0, , , , , , , ,717.1,717.06,3000.0,260.0, , , ,, , , , , , , 
09:59:07,-0.21,0.19,-0.19,0.17,1.06,-0.11,0.12,0.78,-0.33,0.28,-1.02,1086,785.0, , , , , , , ,717.1,717.09,500.0,100.0, , , ,, , , , , , , 
09:59:10,-0.26,0.22,-0.39,0.07,1.16,-0.12,0.21,0.71,-0.29,0.37,-1.2,1092,802.0, , , , , , , ,717.12,717.02,100.0,42.0, , , ,, , , , , , , 
09:59:13,-0.38,0.1,-0.42,0.02,1.17,-0.28,0.03,0.64,-0.44,0.24,-1.29,1108,804.0, , , , , , , ,717.12,717.0,100.0,3842.0, , , ,, , , , , , , 
09:59:16,-0.35,0.12,-0.36,0.07,1.08,-0.22,0.07,0.44,-0.46,0.22,-1.44,1261,839.0, , , , , , , ,717.15,717.11,2207.0,1800.0, , , ,, , , , , , , 
09:59:19,-0.38,0.1,-0.37,-0.01,1.08,-0.25,0.05,0.39,-0.51,0.26,-1.55,1294,850.0, , , , , , , ,717.15,717.11,1207.0,1100.0, , , ,, , , , , , , 
09:59:22,-0.3,0.17,-0.32,0.1,1.04,-0.24,0.1,0.32,-0.33,0.32,-1.55,1298,850.0, , , , , , , ,717.15,717.11,407.0,2300.0, , , ,, , , , , , , 
09:59:25,-0.13,0.26,-0.17,0.2,0.65,-0.12,0.13,0.02,-0.09,0.45,-1.71,1326,855.0, , , , , , , ,717.5,717.19,6000.0,100.0, , , ,, , , , , , , 
09:59:28,-0.12,0.32,-0.2,0.24,0.56,-0.13,0.2,0.0,-0.02,0.52,-1.6,1360,849.0, , , , , , , ,717.5,717.19,5900.0,181.0, , , ,, , , , , , , 
09:59:31,-0.06,0.43,-0.11,0.42,0.44,0.0,0.28,0.04,-0.08,0.6,-1.47,1217,851.0, , , , , , , ,717.5,717.15,5900.0,581.0, , , ,, , , , , , , 
09:59:34,0.04,0.54,0.07,0.6,0.39,0.06,0.39,0.04,-0.0,0.61,-1.57,1208,853.0, , , , , , , ,717.5,717.15,4800.0,581.0, , , ,, , , , , , , 
09:59:37,0.05,0.76,-0.13,0.9,-0.14,0.08,0.55,-0.39,0.21,0.83,-2.15,1501,906.0, , , , , , , ,717.77,717.5,200.0,100.0, , , ,, , , , , , , 
09:59:40,0.18,0.74,0.13,0.78,0.1,0.28,0.52,-0.17,0.13,0.92,-2.05,1487,899.0,500.0,717.17,0.0,0.0,-403.0, , ,717.77,717.15,100.0,281.0, ,2018-05-28 09:59:40,2018-05-28 09:59:40.652000,, , ,CANCELED, , ,2018-05-28 09:59:40.652000,2018-05-28 09:59:44.274000
09:59:43,0.19,0.8,0.05,0.9,-0.09,0.38,0.64,-0.43,0.15,0.88,-2.42,1374,892.0,500.0,717.52,717.52,100.0,-303.0, ,0.62,717.77,717.5,100.0,500.0, ,2018-05-28 09:59:43,2018-05-28 09:59:44.274000,, , ,CANCELED, , ,2018-05-28 09:59:44.274000,2018-05-28 09:59:47.307000
09:59:46,0.19,0.74,0.06,0.78,-0.1,0.23,0.54,-0.46,0.28,0.88,-2.54,1423,884.0,400.0,717.54,717.54,400.0,97.0,308.8,0.86,717.77,717.52,600.0,400.0, ,2018-05-28 09:59:46,2018-05-28 09:59:47.307000,, , ,FILLED,359108.615728581,358799.8185293959,2018-05-28 09:59:47.307000,2018-05-28 09:59:49.161000
09:59:49,0.03,0.6,-0.07,0.67,0.07,0.1,0.47,-0.45,0.05,0.67,-2.68,1568,885.0, , , , , , , ,717.77,717.5,600.0,300.0, , , ,, , , , , , , 
09:59:52,0.01,0.55,0.03,0.6,0.11,0.05,0.47,-0.43,-0.05,0.57,-2.71,1274,881.0, , , , , , , ,717.77,717.5,400.0,100.0, , , ,, , , , , , , 
09:59:55,0.09,0.54,0.08,0.63,0.4,0.21,0.5,-0.17,-0.01,0.49,-2.6,1202,874.0, , , , , , , ,717.77,717.15,300.0,1081.0, , , ,, , , , , , , 
09:59:58,0.13,0.56,0.12,0.6,0.2,0.17,0.5,-0.4,0.11,0.57,-2.91,1308,868.0, , , , , , , ,717.77,717.51,100.0,100.0, , , ,, , , , , , , 
10:00:01,0.01,0.46,0.05,0.5,0.01,-0.01,0.39,-0.58,-0.02,0.5,-3.1,1553,860.0, , , , , , , ,717.77,717.7,500.0,99.0, , , ,, , , , , , , 
10:00:04,0.06,0.58,0.19,0.61,-0.25,-0.0,0.53,-0.85,-0.0,0.59,-3.46,1094,866.0, , , , , , , ,718.0,717.8,6655.0,7200.0, , , ,, , , , , , , 
10:00:07,0.21,0.61,0.25,0.65,-0.34,0.3,0.55,-0.92,0.08,0.62,-3.57,1087,858.0, , , , , , , ,718.0,717.8,6655.0,7100.0, , , ,, , , , , , , 
10:00:10,0.22,0.63,0.23,0.7,-0.43,0.24,0.54,-0.97,0.18,0.66,-3.64,1065,856.0, , , , , , , ,718.0,717.8,5955.0,7200.0, , , ,, , , , , , , 
10:00:13,0.26,0.73,0.26,0.78,-0.53,0.3,0.66,-0.96,0.21,0.75,-3.65,1158,849.0, , , , , , , ,718.0,717.8,5755.0,7200.0, , , ,, , , , , , , 
10:00:16,0.16,0.69,0.2,0.7,-0.62,0.17,0.63,-0.96,0.11,0.73,-3.6,956,842.0, , , , , , , ,717.99,717.8,400.0,7200.0, , , ,, , , , , , , 
10:00:19,0.08,0.63,0.14,0.73,-0.71,0.1,0.62,-1.0,-0.02,0.55,-3.58,981,847.0, , , , , , , ,718.0,717.84,5655.0,200.0, , , ,, , , , , , , 
10:00:22,-0.1,0.42,0.08,0.5,-0.75,-0.28,0.38,-0.98,-0.11,0.37,-3.5,1442,897.0, , , , , , , ,718.0,717.8,4955.0,1551.0, , , ,, , , , , , , 
10:00:25,-0.53,0.09,-0.2,0.03,-0.6,-0.54,0.09,-0.83,-0.85,0.14,-3.19,1252,907.0, , , , , , , ,717.8,717.77,5049.0,500.0, , , ,, , , , , , , 
10:00:28,-0.8,-0.1,-0.42,0.18,-0.41,-0.93,-0.19,-0.64,-1.05,-0.27,-2.9,1546,933.0, , , , , , , ,717.77,717.51,200.0,399.0, , , ,, , , , , , , 
10:00:31,-0.79,-0.25,-0.57,0.01,-0.39,-0.74,-0.34,-0.63,-1.08,-0.41,-2.8,1329,932.0, , , , , , , ,717.76,717.51,800.0,99.0, , , ,, , , , , , , 
10:00:34,-0.75,-0.23,-0.6,-0.05,-0.2,-0.78,-0.25,-0.45,-0.88,-0.4,-2.53,1343,935.0, , , , , , , ,717.51,717.5,50.0,100.0, , , ,, , , , , , , 
10:00:37,-0.68,-0.28,-0.54,-0.04,-0.39,-0.66,-0.33,-0.62,-0.84,-0.45,-2.76,1279,927.0, , , , , , , ,717.77,717.5,150.0,100.0, , , ,, , , , , , , 
10:00:40,-0.52,-0.04,-0.43,0.14,-0.01,-0.44,-0.13,-0.23,-0.69,-0.13,-2.39,1206,920.0, , , , , , , ,717.51,717.18,100.0,2300.0, , , ,, , , , , , , 
10:00:43,-0.52,-0.05,-0.47,0.04,-0.43,-0.48,-0.07,-0.65,-0.6,-0.11,-2.8,1171,915.0, , , , , , , ,717.77,717.51,150.0,200.0, , , ,, , , , , , , 
10:00:46,-0.59,-0.03,-0.58,0.07,-0.47,-0.66,-0.16,-0.68,-0.54,0.0,-2.81,1235,928.0, , , , , , , ,717.8,717.51,3999.0,400.0, , , ,, , , , , , , 
10:00:49,-0.42,0.06,-0.37,0.08,-0.47,-0.49,0.03,-0.69,-0.4,0.06,-2.77,1379,953.0, , , , , , , ,717.8,717.51,999.0,100.0, , , ,, , , , , , , 
10:00:52,-0.41,0.1,-0.4,0.15,-0.64,-0.44,0.05,-0.89,-0.38,0.11,-2.87,1340,945.0, , , , , , , ,717.8,717.77,999.0,300.0, , , ,, , , , , , , 
10:00:55,-0.47,0.02,-0.44,0.01,-0.6,-0.56,-0.07,-0.88,-0.4,0.1,-2.77,1257,938.0, , , , , , , ,717.78,717.77,100.0,100.0, , , ,, , , , , , , 
10:00:58,-0.41,0.07,-0.38,0.11,-0.59,-0.57,-0.01,-0.88,-0.29,0.12,-2.69,1217,931.0, , , , , , , ,717.78,717.77,100.0,900.0, , , ,, , , , , , , 
10:01:01,-0.29,0.15,-0.22,0.14,-0.65,-0.32,0.15,-0.89,-0.33,0.16,-2.69,1209,930.0, , , , , , , ,717.8,717.77,999.0,200.0, , , ,, , , , , , , 
10:01:04,-0.36,0.12,-0.29,0.14,-0.5,-0.48,0.09,-0.75,-0.3,0.13,-2.39,1189,925.0, , , , , , , ,717.77,717.52,300.0,100.0, , , ,, , , , , , , 
10:01:07,-0.26,0.17,-0.2,0.18,-0.61,-0.41,0.15,-0.85,-0.18,0.17,-2.38,1098,918.0, , , , , , , ,717.77,717.6,300.0,200.0, , , ,, , , , , , , 
10:01:10,-0.29,0.17,-0.2,0.24,-0.42,-0.44,0.11,-0.69,-0.23,0.15,-2.04,1141,917.0, , , , , , , ,717.51,717.5,100.0,100.0, , , ,, , , , , , , 
10:01:13,-0.4,0.02,-0.41,0.16,-0.42,-0.46,-0.14,-0.77,-0.34,0.06,-2.0,1036,908.0, , , , , , , ,717.51,717.5,100.0,100.0, , , ,, , , , , , , 
10:01:16,-0.46,0.02,-0.46,0.13,-0.26,-0.55,-0.06,-0.64,-0.39,0.0,-1.88,1030,904.0, , , , , , , ,717.57,717.21,100.0,9.0, , , ,, , , , , , , 
10:01:19,-0.55,-0.06,-0.46,0.14,-0.26,-0.75,-0.21,-0.67,-0.43,-0.11,-1.89,1057,897.0, , , , , , , ,717.57,717.2,200.0,9.0, , , ,, , , , , , , 
10:01:22,-0.62,-0.14,-0.58,0.08,-0.21,-0.82,-0.35,-0.61,-0.45,-0.16,-1.84,1105,892.0, , , , , , , ,717.5,717.18,100.0,2086.0, , , ,, , , , , , , 
10:01:25,-0.74,-0.31,-0.61,-0.13,-0.21,-0.91,-0.42,-0.68,-0.71,-0.38,-1.83,1170,903.0, , , , , , , ,717.5,717.18,100.0,186.0, , , ,, , , , , , , 
10:01:28,-0.84,-0.41,-0.71,-0.15,-0.23,-0.98,-0.62,-0.76,-0.83,-0.45,-1.87,1043,897.0, , , , , , , ,717.5,717.2,2100.0,285.0, , , ,, , , , , , , 
10:01:31,-0.92,-0.3,-0.76,-0.1,-0.24,-1.1,-0.46,-0.83,-0.91,-0.34,-1.91,1010,899.0, , , , , , , ,717.5,717.22,1600.0,100.0, , , ,, , , , , , , 
10:01:34,-0.77,-0.16,-0.68,-0.06,-0.24,-0.83,-0.28,-0.89,-0.78,-0.13,-1.88,1130,892.0, , , , , , , ,717.5,717.22,1400.0,100.0, , , ,, , , , , , , 
10:01:37,-0.66,-0.14,-0.54,-0.08,-0.24,-0.76,-0.2,-0.89,-0.67,-0.13,-1.88,1074,884.0, , , , , , , ,717.5,717.22,1300.0,100.0, , , ,, , , , , , , 
10:01:40,-0.52,-0.03,-0.47,0.0,-0.24,-0.59,-0.15,-0.88,-0.5,0.06,-1.81,920,877.0, , , , , , , ,717.5,717.2,1400.0,685.0, , , ,, , , , , , , 
10:01:43,-0.63,-0.1,-0.63,-0.03,-0.17,-0.71,-0.21,-0.8,-0.56,-0.06,-1.69,1138,869.0, , , , , , , ,717.4,717.2,100.0,585.0, , , ,, , , , , , , 
10:01:46,-0.58,0.02,-0.58,0.12,-0.21,-0.73,-0.06,-0.83,-0.45,0.01,-1.73,901,860.0, , , , , , , ,717.4,717.23,100.0,100.0, , , ,, , , , , , , 
10:01:49,-0.47,-0.0,-0.49,-0.0,-0.2,-0.6,0.04,-0.82,-0.31,-0.05,-1.66,782,852.0, , , , , , , ,717.4,717.2,200.0,785.0, , , ,, , , , , , , 
10:01:52,-0.52,-0.01,-0.47,0.05,-0.27,-0.64,0.01,-0.9,-0.44,-0.08,-1.8,841,854.0, , , , , , , ,717.5,717.19,100.0,100.0, , , ,, , , , , , , 
10:01:55,-0.49,0.01,-0.47,0.13,-0.28,-0.67,-0.0,-0.96,-0.32,-0.11,-1.8,725,846.0, , , , , , , ,717.5,717.19,100.0,100.0, , , ,, , , , , , , 
10:01:58,-0.53,0.02,-0.52,0.1,-0.32,-0.71,0.0,-0.95,-0.35,-0.05,-1.79,769,841.0, , , , , , , ,717.5,717.25,2900.0,200.0, , , ,, , , , , , , 
10:02:01,-0.54,-0.08,-0.48,-0.02,-0.29,-0.67,-0.08,-1.08,-0.48,-0.14,-1.73,758,836.0, , , , , , , ,717.5,717.2,2900.0,300.0, , , ,, , , , , , , 
10:02:04,-0.57,-0.14,-0.43,0.01,-0.14,-0.66,-0.17,-1.09,-0.63,-0.28,-1.43,1118,828.0, , , , , , , ,717.22,717.2,200.0,300.0, , , ,, , , , , , , 
10:02:07,-0.58,-0.16,-0.49,-0.02,-0.2,-0.73,-0.24,-1.19,-0.52,-0.22,-1.37,615,822.0, , , , , , , ,717.22,717.2,100.0,100.0, , , ,, , , , , , , 
10:02:10,-0.61,-0.15,-0.56,-0.06,-0.27,-0.73,-0.14,-1.39,-0.54,-0.26,-1.36,599,816.0, , , , , , , ,717.22,717.19,100.0,100.0, , , ,, , , , , , , 
10:02:13,-0.59,-0.18,-0.46,-0.09,-0.35,-0.76,-0.13,-1.5,-0.54,-0.31,-1.3,567,808.0, , , , , , , ,717.22,717.19,100.0,100.0, , , ,, , , , , , , 
10:02:16,-0.52,-0.11,-0.47,-0.09,-0.4,-0.62,-0.09,-1.56,-0.45,-0.16,-1.28,633,804.0, , , , , , , ,717.25,717.18,100.0,286.0, , , ,, , , , , , , 
10:02:19,-0.58,-0.2,-0.55,-0.15,-0.39,-0.69,-0.19,-1.64,-0.49,-0.24,-1.21,567,796.0, , , , , , , ,717.2,717.18,100.0,286.0, , , ,, , , , , , , 
10:02:22,-0.61,-0.21,-0.59,-0.13,-0.4,-0.78,-0.22,-1.62,-0.47,-0.3,-1.2,531,790.0, , , , , , , ,717.19,717.18,100.0,286.0, , , ,, , , , , , , 
10:02:25,-0.63,-0.26,-0.49,-0.18,-0.46,-0.84,-0.24,-1.48,-0.55,-0.35,-1.23,534,786.0, , , , , , , ,717.19,717.18,300.0,46.0, , , ,, , , , , , , 
10:02:28,-0.55,-0.19,-0.37,-0.07,-0.53,-0.73,-0.08,-1.38,-0.54,-0.42,-1.21,512,781.0, , , , , , , ,717.19,717.18,100.0,2146.0, , , ,, , , , , , , 
10:02:31,-0.55,-0.19,-0.39,-0.06,-0.59,-0.73,-0.22,-1.27,-0.53,-0.3,-1.19,624,778.0, , , , , , , ,717.19,717.18,1100.0,1646.0, , , ,, , , , , , , 
10:02:34,-0.68,-0.28,-0.57,-0.16,-0.65,-0.85,-0.26,-1.38,-0.62,-0.43,-1.17,510,774.0, , , , , , , ,717.19,717.18,3200.0,1346.0, , , ,, , , , , , , 
10:02:37,-0.76,-0.34,-0.54,-0.26,-0.65,-1.0,-0.35,-1.52,-0.75,-0.41,-1.16,566,772.0, , , , , , , ,717.19,717.18,3200.0,746.0, , , ,, , , , , , , 
10:02:40,-0.66,-0.3,-0.52,-0.22,-0.65,-0.77,-0.25,-1.67,-0.68,-0.42,-1.18,512,766.0, , , , , , , ,717.19,717.18,3100.0,797.0, , , ,, , , , , , , 
10:02:43,-0.73,-0.28,-0.56,-0.2,-0.62,-0.83,-0.35,-1.77,-0.81,-0.3,-1.22,563,774.0, , , , , , , ,717.19,717.15,3000.0,397.0, , , ,, , , , , , , 
10:02:46,-0.78,-0.34,-0.67,-0.25,-0.63,-0.88,-0.4,-1.89,-0.8,-0.36,-1.29,651,769.0, , , , , , , ,717.19,717.15,3000.0,197.0, , , ,, , , , , , , 
10:02:49,-0.85,-0.49,-0.61,-0.34,-0.6,-1.14,-0.65,-2.0,-0.8,-0.47,-1.25,981,764.0, , , , , , , ,717.15,717.14,5046.0,1900.0, , , ,, , , , , , , 
10:02:52,-0.93,-0.51,-0.76,-0.42,-0.61,-1.17,-0.59,-2.02,-0.86,-0.53,-1.31,738,777.0, , , , , , , ,717.15,717.14,4846.0,100.0, , , ,, , , , , , , 
10:02:55,-0.84,-0.31,-0.75,-0.22,-0.68,-0.93,-0.4,-2.16,-0.85,-0.32,-1.33,1088,820.0, , , , , , , ,717.15,717.14,986.0,300.0, , , ,, , , , , , , 
10:02:58,-0.69,-0.2,-0.62,-0.1,-0.64,-0.78,-0.25,-2.22,-0.66,-0.26,-1.3,831,812.0, , , , , , , ,717.15,717.14,986.0,1000.0, , , ,, , , , , , , 
10:03:01,-0.65,-0.21,-0.61,-0.15,-0.79,-0.74,-0.3,-2.28,-0.6,-0.18,-1.36,845,808.0, , , , , , , ,717.15,717.14,786.0,900.0, , , ,, , , , , , , 
10:03:04,-0.7,-0.25,-0.53,-0.12,-0.99,-0.89,-0.28,-2.42,-0.69,-0.34,-1.34,728,801.0, , , , , , , ,717.15,717.14,3686.0,900.0, , , ,, , , , , , , 
10:03:07,-0.83,-0.41,-0.77,-0.27,-0.89,-0.99,-0.52,-2.3,-0.72,-0.43,-1.11,952,842.0, , , , , , , ,717.0,716.99,8358.0,100.0, , , ,, , , , , , , 
10:03:10,-0.99,-0.38,-0.92,-0.35,-1.09,-1.14,-0.51,-2.38,-0.91,-0.29,-1.11,929,835.0, , , , , , , ,717.0,716.99,8258.0,100.0, , , ,, , , , , , , 
10:03:13,-0.98,-0.45,-0.76,-0.27,-1.08,-1.06,-0.59,-2.27,-1.11,-0.48,-1.0,1376,897.0, , , , , , , ,716.94,716.88,300.0,200.0, , , ,, , , , , , , 
10:03:16,-0.83,-0.42,-0.69,-0.25,-1.14,-0.94,-0.52,-2.24,-0.87,-0.48,-1.0,1410,889.0, , , , , , , ,716.94,716.88,200.0,192.0, , , ,, , , , , , , 
10:03:19,-0.82,-0.4,-0.7,-0.27,-1.25,-1.0,-0.5,-2.18,-0.75,-0.41,-1.02,1103,881.0, , , , , , , ,716.94,716.88,200.0,92.0, , , ,, , , , , , , 
10:03:22,-0.77,-0.39,-0.74,-0.31,-1.24,-0.92,-0.51,-2.11,-0.63,-0.36,-1.03,1078,877.0, , , , , , , ,716.94,716.87,8.0,989.0, , , ,, , , , , , , 
10:03:25,-0.76,-0.43,-0.61,-0.33,-1.05,-0.9,-0.61,-1.92,-0.77,-0.36,-0.99,1075,877.0, , , , , , , ,716.88,716.87,100.0,381.0, , , ,, , , , , , , 
10:03:28,-0.88,-0.55,-0.75,-0.36,-0.73,-1.04,-0.72,-1.62,-0.84,-0.58,-0.82,1246,903.0, , , , , , , ,716.86,716.58,224.0,4000.0, , , ,, , , , , , , 
10:03:31,-0.79,-0.46,-0.69,-0.31,-0.62,-1.0,-0.64,-1.52,-0.69,-0.42,-0.84,1175,897.0, , , , , , , ,716.86,716.58,124.0,3850.0, , , ,, , , , , , , 
10:03:34,-0.87,-0.57,-0.75,-0.46,-0.73,-1.05,-0.67,-1.44,-0.82,-0.59,-0.86,1106,888.0, , , , , , , ,716.86,716.58,224.0,3850.0, , , ,, , , , , , , 
10:03:37,-0.77,-0.39,-0.6,-0.32,-0.87,-0.97,-0.46,-1.48,-0.73,-0.39,-0.86,1107,880.0, , , , , , , ,716.86,716.58,224.0,3850.0, , , ,, , , , , , , 
10:03:40,-0.8,-0.39,-0.62,-0.3,-1.02,-1.05,-0.48,-1.51,-0.72,-0.4,-0.8,1005,873.0, , , , , , , ,716.86,716.58,224.0,3650.0, , , ,, , , , , , , 
10:03:43,-0.67,-0.28,-0.53,-0.15,-1.15,-0.89,-0.32,-1.51,-0.59,-0.35,-0.72,1013,867.0, , , , , , , ,716.86,716.58,124.0,3450.0, , , ,, , , , , , , 
10:03:46,-0.76,-0.35,-0.6,-0.25,-1.26,-0.94,-0.4,-1.51,-0.75,-0.4,-0.64,980,865.0, , , , , , , ,716.86,716.58,2024.0,3135.0, , , ,, , , , , , , 
10:03:49,-0.81,-0.38,-0.62,-0.23,-1.4,-0.91,-0.49,-1.47,-0.91,-0.42,-0.52,969,859.0, , , , , , , ,716.85,716.58,100.0,2935.0, , , ,, , , , , , , 
10:03:52,-0.79,-0.39,-0.62,-0.22,-1.39,-0.89,-0.48,-1.34,-0.85,-0.48,-0.41,1092,859.0, , , , , , , ,716.79,716.58,600.0,2535.0, , , ,, , , , , , , 
10:03:55,-0.74,-0.29,-0.66,-0.18,-1.52,-0.85,-0.43,-1.25,-0.7,-0.25,-0.27,972,862.0, , , , , , , ,716.79,716.58,300.0,1635.0, , , ,, , , , , , , 
10:03:58,-0.75,-0.36,-0.59,-0.21,-1.38,-0.87,-0.5,-0.96,-0.79,-0.36,0.15,1071,870.0, , , , , , , ,716.58,716.5,265.0,400.0, , , ,, , , , , , , 
10:04:01,-1.01,-0.46,-1.0,-0.39,-1.85,-1.07,-0.67,-1.37,-0.97,-0.32,-0.05,1489,969.0, , , , , , , ,716.85,716.83,100.0,235.0, , , ,, , , , , , , 
10:04:04,-1.06,-0.48,-1.04,-0.27,-1.17,-1.14,-0.68,-0.45,-1.01,-0.48,1.0,1444,966.0, , , , , , , ,716.5,716.0,300.0,543.0, , , ,, , , , , , , 
10:04:07,-0.83,-0.25,-0.81,-0.08,-1.04,-0.91,-0.35,-0.15,-0.77,-0.32,1.5,1389,957.0, , , , , , , ,716.18,716.0,200.0,543.0, , , ,, , , , , , , 
10:04:10,-0.71,-0.2,-0.76,-0.16,-1.35,-0.71,-0.28,-0.3,-0.67,-0.16,1.49,1332,950.0, , , , , , , ,716.5,716.0,5300.0,443.0, , , ,, , , , , , , 
10:04:13,-0.81,-0.2,-0.9,-0.25,-1.35,-0.92,-0.36,-0.25,-0.61,0.0,1.71,1278,944.0, , , , , , , ,716.5,716.0,5300.0,143.0, , , ,, , , , , , , 
10:04:16,-0.63,-0.08,-0.68,-0.09,-0.88,-0.8,-0.21,0.14,-0.42,0.07,2.29,1264,942.0, , , , , , , ,716.0,715.88,296.0,100.0, , , ,, , , , , , , 
10:04:19,-0.44,0.1,-0.6,0.06,-0.83,-0.55,-0.01,0.13,-0.17,0.24,2.42,1286,934.0, , , , , , , ,716.0,715.88,196.0,100.0, , , ,, , , , , , , 
10:04:22,-0.39,0.11,-0.54,0.03,-0.78,-0.46,0.03,0.11,-0.18,0.27,2.54,1161,927.0, , , , , , , ,716.0,715.88,96.0,200.0, , , ,, , , , , , , 
10:04:25,-0.46,0.18,-0.56,0.18,-1.05,-0.52,0.08,-0.32,-0.3,0.29,2.23,1223,938.0, , , , , , , ,716.5,716.0,3900.0,4.0, , , ,, , , , , , , 
10:04:28,-0.44,0.16,-0.52,0.11,-1.1,-0.4,0.08,-0.47,-0.4,0.28,2.23,1172,930.0, , , , , , , ,716.5,716.2,3900.0,100.0, , , ,, , , , , , , 
10:04:31,-0.33,0.24,-0.53,0.2,-0.88,-0.33,0.14,-0.37,-0.14,0.38,2.4,1121,926.0, , , , , , , ,716.5,716.0,3700.0,504.0, , , ,, , , , , , , 
10:04:34,-0.37,0.18,-0.43,0.09,-0.78,-0.51,0.18,-0.33,-0.17,0.28,2.44,1105,921.0, , , , , , , ,716.5,716.0,3700.0,204.0, , , ,, , , , , , , 
10:04:37,-0.34,0.21,-0.39,0.15,-0.4,-0.48,0.18,0.1,-0.17,0.31,2.87,1065,914.0, , , , , , , ,716.0,715.88,900.0,200.0, , , ,, , , , , , , 
