tick_time,bid,ask,bid 20,ask 20,la 20,bid 40,ask 40,la 40,bid 100,ask 100,la 100,order,price,avePrice,trans,net,askp0,bidp0,askv0,bidv0,profit,profit_rate,is_mocked,order_time,exchange_time,orderSide,new_order_status,reason,order_status
09:30:16, , , , ,-1.92, , ,1.39, , ,2.84, , , , , ,739.1,739.08,100.0,1000.0, , , , , ,, , , 
09:30:19, , , , ,-1.49, , ,2.13, , ,3.46, , , , , ,739.0,738.5,200.0,600.0, , , , , ,, , , 
09:30:22, , , , ,-1.97, , ,2.08, , ,3.22, , , , , ,739.11,739.08,100.0,2200.0, , , , , ,, , , 
09:30:25, , , , ,-1.91, , ,2.55, , ,3.38, , , , , ,739.18,739.08,500.0,1500.0, , , , , ,, , , 
09:30:28, , , , ,-1.19, , ,3.56, , ,4.07, , , , , ,738.91,738.48,100.0,200.0, , , , , ,, , , 
09:30:31, , , , ,-0.21, , ,4.65, , ,5.05, , , , , ,738.08,738.02,500.0,700.0, , , , , ,, , , 
09:30:34, , , , ,-0.07, , ,4.79, , ,5.14, , , , , ,738.08,738.02,500.0,300.0, , , , , ,, , , 
09:30:37, , , , ,-0.32, , ,4.62, , ,5.02, , , , , ,738.44,738.02,100.0,200.0, , , , , ,, , , 
09:30:40, , , , ,-0.08, , ,4.9, , ,5.45, , , , , ,738.11,738.02,400.0,200.0, , , , , ,, , , 
09:30:43, , , , ,-0.01, , ,5.07, , ,5.64, , , , , ,738.11,738.0,400.0,1200.0, , , , , ,, , , 
09:30:46, , , , ,0.28, , ,5.08, , ,5.86, , , , , ,738.11,738.08,300.0,300.0, , , , , ,, , , 
09:30:49, , , , ,0.77, , ,5.22, , ,6.15, , , , , ,738.02,738.01,300.0,600.0, , , , , ,, , , 
09:30:52, , , , ,1.57, , ,5.65, , ,6.75, , , , , ,738.02,737.4,200.0,1900.0, , , , , ,, , , 
09:30:55, , , , ,1.55, , ,5.25, , ,6.52, , , , , ,738.02,738.01,200.0,300.0, , , , , ,, , , 
09:30:58, , , , ,2.1, , ,5.67, , ,7.44, , , , , ,738.0,737.42,600.0,400.0, , , , , ,, , , 
09:31:01, , , , ,2.3, , ,5.69, , ,8.13, , , , , ,738.0,737.42,800.0,500.0, , , , , ,, , , 
09:31:04, , , , ,2.55, , ,5.63, , ,8.75, , , , , ,738.0,737.42,300.0,500.0, , , , , ,, , , 
09:31:07, , , , ,2.77, , ,5.55, , ,9.38, , , , , ,738.0,737.42,300.0,400.0, , , , , ,, , , 
09:31:10, , , , ,2.91, , ,5.45, , ,9.55, , , , , ,737.98,737.5,100.0,500.0, , , , , ,, , , 
09:31:13, , , , ,3.17, , ,5.2, , ,9.71, , , , , ,738.0,737.33,900.0,200.0, , , , , ,, , , 
09:31:16,-0.26,0.24,-0.72,0.05,3.32,-0.23,-0.07,4.74,0.16,0.73,9.8, , , , , ,737.99,737.34,100.0,100.0, , , , , ,, , , 
09:31:19,-0.2,0.21,-0.64,0.13,3.66,-0.21,-0.1,4.36,0.26,0.61,9.98, , , , , ,737.89,737.36,500.0,300.0, , , , , ,, , , 
09:31:22,-0.03,0.45,-0.38,0.41,4.04,-0.03,0.26,3.84,0.33,0.68,10.08, , , , , ,737.89,737.42,500.0,100.0, , , , , ,, , , 
09:31:25,0.16,0.57,-0.36,0.49,4.62,0.2,0.28,3.75,0.63,0.93,10.27, , , , , ,737.99,737.22,100.0,4800.0, , , , , ,, , , 
09:31:28,0.03,0.62,-0.31,0.55,4.51,-0.07,0.45,3.17,0.46,0.85,9.79, , , , , ,738.0,737.99,800.0,100.0, , , , , ,, , , 
09:31:31,0.2,0.85,-0.16,1.04,4.73,0.08,0.54,3.08,0.69,0.98,9.93, , , , , ,738.0,737.99,200.0,200.0, , , , , ,, , , 
09:31:34,0.66,1.27,0.31,1.35,4.87,0.4,1.1,3.53,1.28,1.36,10.0, , , , , ,738.0,737.99,200.0,100.0, , , , , ,, , , 
09:31:37,0.99,1.69,0.53,1.91,4.93,0.87,1.36,3.43,1.57,1.78,10.05,500.0,738.0,738.0,500.0,500.0,738.0,737.99,100.0,100.0, , , ,2018-05-16 09:31:37.656000,2018-05-16 09:31:37.656000,, , ,FILLED
09:31:40,0.95,1.65,0.57,1.79,5.02,0.86,1.45,3.43,1.42,1.71,10.04, , , , , ,738.08,737.89,100.0,400.0, , , , , ,, , , 
09:31:43,0.89,1.45,0.46,1.54,5.08,0.77,1.4,3.54,1.44,1.43,9.79, , , , , ,738.2,737.89,100.0,100.0, , , , , ,, , , 
09:31:46,0.83,1.55,0.48,1.59,5.01,0.8,1.69,3.21,1.19,1.36,9.5, , , , , ,738.21,738.08,500.0,500.0, , , , , ,, , , 
09:31:49,1.06,1.82,0.8,1.92,3.82,0.97,1.94,2.31,1.4,1.6,8.03,500.0,739.08,739.08,400.0,900.0,739.08,739.0,300.0,14500.0, , , ,2018-05-16 09:31:49.707000,2018-05-16 09:31:49.707000,, , ,CANCELED
09:31:52,1.4,2.12,1.29,2.25,3.78,1.07,2.53,2.55,1.83,1.59,7.74, , , , , ,739.1,739.08,1500.0,100.0, , , , , ,, , , 
09:31:55,1.62,2.65,1.4,2.66,3.63,1.26,3.22,2.54,2.19,2.07,7.22,500.0,739.21,739.21,500.0,1400.0,739.21,739.2,1500.0,1000.0, , , ,2018-05-16 09:31:55.592000,2018-05-16 09:31:55.592000,, , ,FILLED
09:31:58,1.99,2.82,1.81,2.81,3.51,1.64,3.32,2.46,2.51,2.33,6.62,500.0,739.39,739.39,300.0,1700.0,739.39,739.2,100.0,1500.0, , , ,2018-05-16 09:31:58.715000,2018-05-16 09:31:58.715000,, , ,CANCELED
09:32:01,1.93,2.74,1.72,2.54,3.33,1.64,3.11,2.25,2.44,2.57,6.33, , , , , ,739.5,739.39,100.0,500.0, , , , , ,, , , 
09:32:04,1.84,2.66,1.65,2.39,2.93,1.59,3.06,2.02,2.28,2.53,5.97,500.0,739.9,739.9,300.0,2000.0,739.9,739.5,100.0,100.0, , , ,2018-05-16 09:32:04.787000,2018-05-16 09:32:04.787000,, , ,CANCELED
09:32:07,1.21,2.56,1.0,1.98,2.53,0.98,3.17,1.72,1.64,2.53,5.5, , , , , ,739.98,739.9,100.0,300.0, , , , , ,, , , 
09:32:10,0.69,2.12,0.7,1.51,2.48,0.61,2.65,1.74,0.77,2.19,5.51, , , , , ,739.95,739.9,500.0,700.0, , , , , ,, , , 
09:32:13,0.67,2.04,0.86,1.58,2.05,0.63,2.56,1.67,0.51,1.99,5.13, , , , , ,739.99,739.98,2500.0,200.0, , , , , ,, , , 
09:32:16,0.97,2.48,1.05,2.09,1.36,1.02,2.99,1.34,0.84,2.37,4.61, , , , , ,740.3,740.0,200.0,4082.0, , , , , ,, , , 
09:32:19,1.54,2.87,1.55,2.68,0.6,1.34,3.38,0.94,1.72,2.54,4.34,500.0,740.5,740.5,500.0,2500.0,740.5,740.3,200.0,100.0, , , ,2018-05-16 09:32:19.608000,2018-05-16 09:32:19.608000,, , ,FILLED
09:32:22,1.69,2.7,1.69,2.27,-0.35,1.59,3.23,0.46,1.79,2.6,3.86, , , , , ,741.0,740.5,400.0,600.0, , , , , ,, , , 
09:32:25,1.48,2.42,1.32,1.83,-1.19,1.33,3.07,-0.28,1.8,2.35,3.18,500.0,741.5,741.5,500.0,3000.0,741.5,741.0,1000.0,400.0, , , ,2018-05-16 09:32:25.899000,2018-05-16 09:32:25.899000,, , ,FILLED
09:32:28,1.1,2.1,1.24,1.46,-1.77,0.95,2.69,-0.88,1.11,2.14,2.62, , , , , ,741.8,741.5,4400.0,200.0, , , , , ,, , , 
09:32:31,1.08,2.29,1.15,2.04,-1.87,0.79,2.44,-0.81,1.29,2.4,2.69, , , , , ,741.8,741.5,4400.0,1000.0, , , , , ,, , , 
09:32:34,1.01,2.41,1.19,2.14,-1.08,0.69,2.62,-0.53,1.14,2.48,3.17, , , , , ,741.8,741.0,1200.0,200.0, , , , , ,, , , 
09:32:37,0.33,2.08,0.53,1.68,-1.51,0.22,2.31,-0.89,0.23,2.26,2.97, , , , , ,741.8,741.5,400.0,200.0, , , , , ,, , , 
09:32:40,0.04,1.27,0.34,0.9,-1.79,-0.08,1.41,-1.21,-0.16,1.51,2.86, , , , , ,741.89,741.8,400.0,200.0, , , , , ,, , , 
09:32:43,0.07,1.19,0.23,1.05,-1.59,-0.06,0.96,-1.34,0.03,1.55,2.87, , , , , ,741.89,741.8,100.0,400.0, , , , , ,, , , 
09:32:46,0.23,1.11,0.35,1.05,-1.79,0.18,0.96,-1.49,0.16,1.33,2.86, , , , , ,741.88,741.8,300.0,1600.0, , , , , ,, , , 
09:32:49,-0.23,0.74,-0.14,0.59,-1.49,-0.3,0.6,-1.55,-0.25,1.03,2.84, , , , , ,741.9,741.8,400.0,400.0, , , , , ,, , , 
09:32:52,-0.52,0.45,-0.39,0.45,-1.28,-0.52,0.43,-1.61,-0.64,0.47,2.74, , , , , ,741.95,741.9,900.0,400.0, , , , , ,, , , 
09:32:55,-0.42,0.43,-0.21,0.57,-1.09,-0.53,0.36,-1.52,-0.51,0.36,2.77, , , , , ,741.9,741.89,100.0,300.0, , , , , ,, , , 
09:32:58,-0.69,0.18,-0.77,0.11,-1.05,-0.52,0.26,-1.35,-0.77,0.15,2.78, , , , , ,741.9,741.89,100.0,100.0, , , , , ,, , , 
09:33:01,-0.88,-0.18,-0.84,-0.45,-0.99,-0.92,-0.08,-1.17,-0.87,-0.02,2.8, , , , , ,741.9,741.8,200.0,1000.0, , , , , ,, , , 
09:33:04,-0.76,-0.03,-0.8,-0.18,-1.06,-0.64,0.11,-1.37,-0.84,-0.01,2.58, , , , , ,741.99,741.98,900.0,100.0, , , , , ,, , , 
09:33:07,-0.92,-0.28,-0.95,-0.5,-0.72,-0.94,-0.27,-0.98,-0.87,-0.06,2.92,-2500.0,741.87,741.87,-600.0,2400.0,741.89,741.6,1500.0,100.0, , , ,2018-05-16 09:33:07.715000,2018-05-16 09:33:07.715000,, , ,CANCELED
09:33:10,-1.1,-0.3,-1.27,-0.61,-0.59,-1.02,-0.26,-0.88,-1.01,-0.04,3.07, , , , , ,741.8,741.5,700.0,400.0, , , , , ,, , , 
09:33:13,-1.17,-0.3,-1.32,-0.63,-0.57,-1.13,-0.2,-0.84,-1.06,-0.08,3.13,-2400.0,741.78,0.0,-0.0,2400.0,741.8,741.49,2100.0,300.0, , , ,2018-05-16 09:33:13.608000,2018-05-16 09:33:13.608000,, , ,CANCELED
09:33:16,-1.25,-0.27,-1.31,-0.59,0.24,-1.17,-0.18,0.31,-1.26,-0.05,4.12, , , , , ,741.46,740.46,1000.0,200.0, , , , , ,, , , 
09:33:19,-0.97,0.23,-1.02,0.02,0.96,-0.85,0.4,1.25,-1.05,0.26,4.9, , , , , ,740.46,740.3,100.0,100.0, , , , , ,, , , 
09:33:22,-0.87,0.38,-0.94,0.27,0.96,-0.56,0.61,1.48,-1.1,0.26,4.9, , , , , ,740.46,740.3,300.0,100.0, , , , , ,, , , 
09:33:25,-0.77,0.43,-0.87,0.22,1.09,-0.51,0.86,1.9,-0.92,0.21,5.1, , , , , ,740.46,740.0,100.0,5200.0, , , , , ,, , , 
09:33:28,-0.85,0.46,-0.98,0.35,0.7,-0.62,0.66,1.65,-0.95,0.37,4.75, , , , , ,740.5,740.46,700.0,300.0, , , , , ,, , , 
09:33:31,-0.94,0.36,-0.85,0.2,1.08,-0.98,0.52,2.06,-0.98,0.36,5.03, , , , , ,740.46,740.04,300.0,200.0, , , , , ,, , , 
09:33:34,-0.52,0.47,-0.43,0.44,1.23,-0.39,0.61,2.36,-0.75,0.35,5.2, , , , , ,740.2,740.0,100.0,7600.0, , , , , ,, , , 
09:33:37,-1.07,0.5,-1.54,0.48,-0.76,-0.95,0.44,0.52,-0.73,0.58,3.18, , , , , ,741.6,741.5,600.0,500.0, , , , , ,, , , 
09:33:40,-1.08,0.91,-1.29,0.98,1.0,-1.01,0.82,2.54,-0.93,0.93,4.95, , , , , ,740.4,740.01,2000.0,600.0, , , , , ,, , , 
09:33:43,-0.51,1.18,-0.57,1.17,0.87,-0.37,1.35,2.72,-0.6,1.03,4.86, , , , , ,740.4,740.01,1800.0,200.0, , , , , ,, , , 
09:33:46,-0.62,1.0,-0.99,1.08,0.08,-0.23,0.96,2.34,-0.66,0.96,4.13, , , , , ,740.9,740.46,100.0,900.0, , , , , ,, , , 
09:33:49,-0.77,0.69,-0.95,0.59,-0.38,-0.49,0.62,2.12,-0.89,0.87,3.54, , , , , ,741.5,740.46,1000.0,2100.0, , , , , ,, , , 
09:33:52,-0.28,1.1,-0.49,0.83,-0.52,0.18,1.25,2.12,-0.52,1.22,3.13, , , , , ,741.5,740.74,100.0,1000.0, , , , , ,, , , 
09:33:55,-0.5,1.02,-0.74,0.87,-0.48,-0.17,1.22,2.3,-0.59,0.98,2.93, , , , , ,741.5,740.74,100.0,900.0, , , , , ,, , , 
09:33:58,-0.68,0.5,-0.88,0.5,-0.3,-0.21,0.57,2.8,-0.95,0.43,2.76, , , , , ,741.49,740.74,500.0,900.0, , , , , ,, , , 
09:34:01,-0.45,0.68,-0.5,0.55,-0.17,-0.04,0.91,3.51,-0.81,0.59,2.67, , , , , ,741.47,740.74,100.0,900.0, , , , , ,, , , 
09:34:04,-0.27,0.53,-0.24,0.32,-0.18,0.15,0.63,4.14,-0.73,0.65,2.61, , , , , ,741.47,740.74,100.0,747.0, , , , , ,, , , 
09:34:07,-0.6,0.3,-0.61,0.08,-0.61,-0.41,0.39,4.25,-0.79,0.42,2.04, , , , , ,741.48,741.47,600.0,100.0, , , , , ,, , , 
09:34:10,-0.4,0.38,-0.32,0.24,-0.19,-0.08,0.51,4.91,-0.79,0.39,2.42, , , , , ,741.39,740.9,300.0,2500.0, , , , , ,, , , 
09:34:13,-0.25,0.42,-0.34,0.22,-0.18,0.21,0.59,4.96,-0.63,0.45,2.32, , , , , ,741.4,740.9,500.0,2200.0, , , , , ,, , , 
09:34:16,-0.18,0.48,-0.24,0.26,0.08,0.22,0.54,5.07,-0.51,0.63,2.31, , , , , ,741.37,740.9,500.0,1700.0, , , , , ,, , , 
09:34:19,-0.68,0.17,-0.68,-0.04,0.23,-0.63,0.16,5.2,-0.72,0.4,2.25, , , , , ,741.37,740.9,500.0,200.0, , , , , ,, , , 
09:34:22,-0.67,0.36,-0.7,0.02,0.71,-0.48,0.63,5.58,-0.82,0.42,2.46, , , , , ,741.0,740.9,200.0,200.0, , , , , ,, , , 
09:34:25,-0.43,0.55,-0.44,0.26,0.68,-0.18,0.81,5.46,-0.67,0.57,2.19, , , , , ,741.36,740.9,200.0,200.0, , , , , ,, , , 
09:34:28,-0.54,0.23,-0.57,0.04,1.01,-0.3,0.28,5.77,-0.75,0.39,2.33, , , , , ,741.0,740.9,200.0,100.0, , , , , ,, , , 
09:34:31,-0.76,0.03,-0.73,-0.17,1.11,-0.75,0.06,5.9,-0.79,0.2,2.22, , , , , ,741.0,740.9,500.0,100.0, , , , , ,, , , 
09:34:34,-0.82,-0.07,-0.82,-0.28,0.92,-0.75,-0.11,5.68,-0.87,0.18,1.89, , , , , ,741.32,741.0,600.0,400.0, , , , , ,, , , 
09:34:37,-0.91,-0.15,-0.84,-0.34,1.29,-0.95,-0.23,5.98,-0.94,0.1,2.1, , , , , ,741.22,740.74,100.0,247.0, , , , , ,, , , 
09:34:40,-0.9,-0.11,-0.83,-0.33,1.64,-0.91,-0.15,6.11,-0.96,0.16,2.33, , , , , ,741.0,740.74,100.0,247.0, , , , , ,, , , 
09:34:43,-0.96,-0.21,-0.91,-0.51,1.96,-1.01,-0.16,6.08,-0.96,0.05,2.58, , , , , ,740.8,740.74,400.0,47.0, , , , , ,, , , 
09:34:46,-1.09,-0.23,-1.1,-0.54,2.22,-1.15,-0.21,5.92,-1.01,0.06,2.53, , , , , ,740.8,740.74,300.0,400.0, , , , , ,, , , 
09:34:49,-1.03,-0.16,-0.99,-0.38,2.71,-1.21,-0.27,5.97,-0.9,0.16,2.66, , , , , ,740.6,740.5,300.0,247.0, , , , , ,, , , 
09:34:52,-0.91,0.04,-0.86,-0.12,2.68,-1.03,-0.11,5.54,-0.83,0.36,2.19, , , , , ,740.91,740.5,200.0,447.0, , , , , ,, , , 
09:34:55,-0.75,0.05,-0.65,-0.2,2.6,-0.9,-0.08,4.92,-0.69,0.43,1.75, , , , , ,741.0,740.8,100.0,200.0, , , , , ,, , , 
09:34:58,-0.44,0.19,-0.59,-0.05,3.1,-0.41,0.13,4.45,-0.33,0.49,1.71, , , , , ,741.0,740.8,100.0,500.0, , , , , ,, , , 
09:35:01,-0.33,0.27,-0.6,-0.01,3.58,-0.34,0.26,4.13,-0.05,0.56,1.68, , , , , ,741.32,740.8,1700.0,400.0, , , , , ,, , , 
09:35:04,-0.19,0.29,-0.54,0.02,4.2,-0.02,0.21,4.12,-0.01,0.64,1.79, , , , , ,741.32,740.8,1300.0,300.0, , , , , ,, , , 
09:35:07,-0.0,0.6,-0.22,0.39,5.1,0.14,0.68,4.25,0.07,0.72,2.13, , , , , ,740.9,740.8,100.0,700.0, , , , , ,, , , 
09:35:10,-0.02,0.6,-0.27,0.43,4.97,0.19,0.66,3.92,0.03,0.71,1.78, , , , , ,741.29,740.91,100.0,100.0, , , , , ,, , , 
09:35:13,-0.14,0.44,-0.47,0.07,5.18,0.04,0.53,3.77,0.02,0.71,1.98, , , , , ,741.07,740.91,700.0,300.0, , , , , ,, , , 
09:35:16,0.04,0.58,-0.34,0.25,5.06,0.44,0.69,3.26,0.03,0.81,1.94, , , , , ,741.29,741.0,100.0,300.0, , , , , ,, , , 
09:35:19,0.75,1.44,0.27,1.4,4.67,1.23,1.63,2.83,0.75,1.3,1.61,400.0,741.54,0.0,0.0,2400.0,741.54,741.5,100.0,5200.0, , , ,2018-05-16 09:35:19.756000,2018-05-16 09:35:19.756000,, , ,CANCELED
09:35:22,1.09,1.56,0.82,1.79,4.75,1.6,1.61,2.75,0.87,1.26,1.79, , , , , ,741.6,741.54,200.0,700.0, , , , , ,, , , 
09:35:25,1.01,1.57,0.65,1.75,4.74,1.56,1.72,2.62,0.83,1.22,1.73,500.0,741.78,741.78,500.0,2900.0,741.78,741.54,400.0,400.0, , , ,2018-05-16 09:35:25.662000,2018-05-16 09:35:25.662000,, , ,FILLED
09:35:28,0.94,1.42,0.84,1.59,4.63,1.39,1.41,2.44,0.58,1.27,1.59, , , , , ,741.79,741.78,100.0,800.0, , , , , ,, , , 
09:35:31,0.7,1.3,0.47,1.27,4.76,1.17,1.55,2.5,0.45,1.08,1.62, , , , , ,741.8,741.78,1500.0,1900.0, , , , , ,, , , 
09:35:34,1.11,1.63,1.1,1.78,4.72,1.49,1.65,2.54,0.74,1.48,1.6,500.0,741.9,0.0,0.0,2900.0,741.9,741.84,300.0,300.0, , , ,2018-05-16 09:35:34.701000,2018-05-16 09:35:34.701000,, , ,CANCELED
09:35:37,1.48,1.98,1.4,2.24,4.7,1.95,1.92,2.59,1.08,1.78,1.54, , , , , ,741.96,741.9,300.0,1400.0, , , , , ,, , , 
09:35:40,1.48,2.09,1.39,2.47,4.37,1.9,1.81,2.45,1.16,2.0,1.29,500.0,742.3,742.3,400.0,3300.0,742.3,742.0,400.0,1900.0, , , ,2018-05-16 09:35:40.654000,2018-05-16 09:35:40.654000,, , ,CANCELED
09:35:43,1.31,2.07,1.13,2.46,3.87,1.69,1.8,2.12,1.12,1.97,1.05, , , , , ,742.5,742.3,300.0,700.0, , , , , ,, , , 
09:35:46,1.31,2.04,1.1,2.36,3.7,1.57,1.78,2.09,1.26,1.99,1.01,500.0,742.5,0.0,0.0,3300.0,742.5,742.31,100.0,1000.0, , , ,2018-05-16 09:35:46.698000,2018-05-16 09:35:46.698000,, , ,CANCELED
09:35:49,1.27,2.08,0.94,2.49,3.05,1.6,1.77,1.69,1.27,1.99,0.61, , , , , ,742.88,742.53,100.0,100.0, , , , , ,, , , 
09:35:52,1.35,2.06,1.19,2.55,2.83,1.57,1.76,1.67,1.28,1.86,0.58,500.0,742.88,0.0,0.0,3300.0,742.88,742.54,200.0,1300.0, , , ,2018-05-16 09:35:52.722000,2018-05-16 09:35:52.722000,, , ,CANCELED
09:35:55,1.13,1.95,1.06,2.41,2.17,1.21,1.66,1.36,1.11,1.77,0.27, , , , , ,742.97,742.9,100.0,100.0, , , , , ,, , , 
09:35:58,1.16,1.93,1.09,2.32,1.68,1.27,1.73,1.35,1.11,1.74,0.2, , , , , ,742.99,742.91,100.0,1300.0, , , , , ,, , , 
09:36:01,1.16,2.09,0.89,2.64,-0.09,1.39,1.84,-0.36,1.21,1.81,-1.46,500.0,744.38,744.38,100.0,3400.0,744.38,744.0,100.0,14290.0, , , ,2018-05-16 09:36:01.743000,2018-05-16 09:36:01.743000,, , ,CANCELED
09:36:04,0.89,1.91,0.66,2.36,-0.88,0.87,1.5,-1.17,1.15,1.86,-2.23, , , , , ,744.89,744.65,200.0,100.0, , , , , ,, , , 
09:36:07,0.56,1.81,0.46,2.19,-1.03,0.32,1.26,-1.16,0.9,1.97,-2.25, , , , , ,744.89,744.66,100.0,1300.0, , , , , ,, , , 
09:36:10,0.39,1.86,0.73,2.26,-1.03,-0.1,1.32,-1.14,0.54,2.01,-2.17, , , , , ,744.88,744.66,700.0,5100.0, , , , , ,, , , 
09:36:13,0.28,1.7,0.51,2.32,-1.4,0.11,1.07,-1.15,0.22,1.7,-2.17, , , , , ,744.98,744.66,200.0,5200.0, , , , , ,, , , 
09:36:16,0.19,1.75,0.41,2.4,-1.85,-0.03,0.98,-1.25,0.19,1.86,-2.29, , , , , ,745.0,744.89,5500.0,200.0, , , , , ,, , , 
09:36:19,0.41,2.0,0.49,2.78,-1.92,0.08,1.06,-1.39,0.66,2.16,-2.41, , , , , ,745.07,745.02,100.0,3400.0, , , , , ,, , , 
09:36:22,0.57,1.94,0.42,2.33,-2.05,-0.11,1.12,-1.52,1.4,2.37,-2.55, , , , , ,745.21,745.07,100.0,200.0, , , , , ,, , , 
09:36:25,0.33,1.48,-0.02,1.83,-2.18,-0.18,0.68,-1.65,1.2,1.93,-2.68, , , , , ,745.4,745.07,600.0,6000.0, , , , , ,, , , 
09:36:28,0.22,1.4,-0.16,1.85,-2.27,-0.11,0.62,-1.73,0.94,1.71,-2.73, , , , , ,745.5,745.07,100.0,6200.0, , , , , ,, , , 
09:36:31,-0.07,1.04,-0.3,1.32,-2.12,-0.39,0.51,-1.67,0.48,1.3,-2.75, , , , , ,745.38,745.07,200.0,1100.0, , , , , ,, , , 
09:36:34,-0.64,0.56,-1.08,0.78,-2.4,-0.87,-0.13,-2.14,0.04,1.03,-3.25, , , , , ,745.58,745.5,300.0,100.0, , , , , ,, , , 
09:36:37,-0.71,0.23,-0.99,0.56,-2.12,-0.94,-0.3,-2.05,-0.19,0.44,-3.22, , , , , ,745.5,745.38,500.0,400.0, , , , , ,, , , 
09:36:40,-0.74,0.0,-1.09,0.44,-1.99,-0.95,-0.53,-2.13,-0.19,0.11,-3.3, , , , , ,745.5,745.41,2200.0,100.0, , , , , ,, , , 
09:36:43,-1.03,-0.39,-1.45,-0.14,-1.55,-1.27,-0.73,-1.78,-0.39,-0.29,-2.85,-2500.0,745.17,745.17,-600.0,2800.0,745.19,745.07,1300.0,100.0, , , ,2018-05-16 09:36:43.717000,2018-05-16 09:36:43.717000,, , ,CANCELED
09:36:46,-1.12,-0.38,-1.43,-0.26,-1.48,-1.26,-0.45,-1.78,-0.66,-0.42,-2.73,-2500.0,745.15,0.0,-0.0,2800.0,745.17,744.95,1900.0,500.0, , , ,2018-05-16 09:36:47.330000,2018-05-16 09:36:47.330000,, , ,CANCELED
09:36:49,-1.06,-0.38,-1.54,-0.5,-1.35,-0.93,-0.3,-1.82,-0.71,-0.35,-2.57,-2500.0,744.98,744.98,-400.0,2400.0,745.0,744.93,5400.0,100.0, , , ,2018-05-16 09:36:50.338000,2018-05-16 09:36:50.338000,, , ,CANCELED
09:36:52,-1.02,-0.37,-1.55,-0.42,-1.04,-0.86,-0.37,-1.73,-0.63,-0.31,-2.21, , , , , ,744.8,744.66,300.0,400.0, , , , , ,, , , 
09:36:55,-0.85,-0.18,-1.24,-0.08,-0.72,-0.81,-0.33,-1.59,-0.5,-0.12,-1.84, , , , , ,744.95,744.01,2900.0,1300.0, , , , , ,, , , 
09:36:58,-0.57,0.06,-1.11,0.16,-0.07,-0.55,0.06,-1.14,-0.05,-0.04,-1.2, , , , , ,744.01,744.0,1000.0,200.0, , , , , ,, , , 
09:37:01,-0.24,0.54,-0.61,0.55,0.49,-0.23,0.7,-0.65,0.13,0.38,-0.61, , , , , ,744.01,743.11,100.0,900.0, , , , , ,, , , 
09:37:04,-0.41,0.62,-1.07,0.55,-0.75,-0.23,0.65,-1.9,0.07,0.65,-1.85, , , , , ,744.9,744.01,2600.0,100.0, , , , , ,, , , 
09:37:07,-0.65,0.26,-1.33,0.01,-0.71,-0.5,0.28,-1.96,-0.11,0.49,-1.87, , , , , ,744.88,744.01,100.0,100.0, , , , , ,, , , 
09:37:10,-0.17,0.75,-0.63,0.74,0.49,-0.08,0.78,-0.83,0.2,0.72,-0.64, , , , , ,744.0,743.12,200.0,400.0, , , , , ,, , , 
09:37:13,-0.01,1.08,-0.53,0.92,0.55,0.15,1.3,-0.93,0.36,1.03,-0.57, , , , , ,744.0,743.12,500.0,700.0, , , , , ,, , , 
09:37:16,-0.26,0.49,-0.82,0.43,0.6,0.06,0.56,-0.96,-0.01,0.47,-0.53, , , , , ,744.0,743.12,600.0,300.0, , , , , ,, , , 
09:37:19,-0.25,0.46,-0.73,0.35,0.6,0.2,0.58,-1.02,-0.2,0.47,-0.48, , , , , ,744.0,743.12,5400.0,300.0, , , , , ,, , , 
09:37:22,-0.09,0.54,-0.65,0.4,0.32,0.41,0.71,-1.35,-0.03,0.51,-0.74, , , , , ,744.0,743.55,5600.0,300.0, , , , , ,, , , 
09:37:25,-0.34,0.48,-0.74,0.41,0.61,0.11,0.56,-1.07,-0.4,0.46,-0.44, , , , , ,743.99,743.11,100.0,1300.0, , , , , ,, , , 
09:37:28,-0.46,0.32,-0.67,0.27,0.59,-0.04,0.42,-1.19,-0.67,0.28,-0.4, , , , , ,744.0,743.11,5900.0,1500.0, , , , , ,, , , 
09:37:31,-0.28,0.38,-0.59,0.4,0.64,0.27,0.42,-1.23,-0.53,0.33,-0.26, , , , , ,743.9,743.11,400.0,1300.0, , , , , ,, , , 
09:37:34,-0.3,0.31,-0.79,0.3,-0.04,0.35,0.3,-1.9,-0.45,0.33,-0.83, , , , , ,744.0,743.94,5600.0,300.0, , , , , ,, , , 
09:37:37,-0.14,0.53,-0.62,0.56,-0.08,0.42,0.49,-1.92,-0.23,0.53,-0.79, , , , , ,744.0,743.94,4900.0,400.0, , , , , ,, , , 
09:37:40,-0.01,0.64,-0.42,0.71,-0.14,0.55,0.54,-1.84,-0.17,0.66,-0.76, , , , , ,744.0,743.94,2200.0,400.0, , , , , ,, , , 
09:37:43,0.11,0.81,-0.27,0.75,-0.22,0.73,0.68,-1.73,-0.12,1.0,-0.74, , , , , ,743.99,743.94,100.0,200.0, , , , , ,, , , 
09:37:46,0.17,0.79,-0.09,0.71,-0.32,0.76,0.77,-1.79,-0.17,0.88,-0.76, , , , , ,744.02,743.93,100.0,100.0, , , , , ,, , , 
09:37:49,0.31,0.9,0.04,0.73,-0.45,0.78,1.0,-1.9,0.1,0.97,-0.71, , , , , ,743.94,743.93,100.0,1200.0, , , , , ,, , , 
09:37:52,0.31,0.77,0.17,0.73,-0.69,0.82,0.81,-2.19,-0.04,0.76,-0.73, , , , , ,743.98,743.93,200.0,1300.0, , , , , ,, , , 
09:37:55,0.22,0.7,-0.01,0.62,-0.9,0.92,0.78,-2.37,-0.24,0.71,-0.73, , , , , ,743.99,743.93,100.0,1200.0, , , , , ,, , , 
09:37:58,0.13,0.58,-0.03,0.55,-1.04,0.72,0.64,-2.38,-0.31,0.56,-0.7, , , , , ,743.94,743.93,1400.0,1600.0, , , , , ,, , , 
09:38:01,-0.04,0.52,-0.1,0.51,-1.19,0.43,0.54,-2.24,-0.47,0.5,-0.72, , , , , ,744.0,743.93,1400.0,700.0, , , , , ,, , , 
09:38:04,-0.13,0.41,-0.13,0.34,-1.07,0.47,0.41,-1.96,-0.72,0.49,-0.55, , , , , ,743.93,743.75,300.0,200.0, , , , , ,, , , 
09:38:07,-0.14,0.37,-0.2,0.27,-1.15,0.48,0.35,-1.9,-0.71,0.5,-0.54, , , , , ,743.93,743.75,300.0,200.0, , , , , ,, , , 
09:38:10,0.14,0.59,0.2,0.45,-1.44,0.76,0.57,-2.13,-0.53,0.77,-0.77, , , , , ,744.02,744.0,600.0,3700.0, , , , , ,, , , 
09:38:13,0.18,0.59,0.18,0.44,-1.54,0.64,0.55,-2.09,-0.27,0.79,-0.79, , , , , ,744.02,744.0,600.0,2600.0, , , , , ,, , , 
09:38:16,-0.19,0.28,-0.18,0.12,-1.56,0.16,0.26,-1.92,-0.55,0.46,-0.82, , , , , ,744.02,744.0,600.0,2300.0, , , , , ,, , , 
09:38:19,-0.27,0.23,-0.08,0.16,-1.62,0.1,0.23,-1.74,-0.83,0.29,-0.85, , , , , ,744.02,744.0,500.0,4600.0, , , , , ,, , , 
09:38:22,-0.56,0.12,-0.42,-0.04,-1.67,-0.25,0.11,-1.49,-1.01,0.31,-0.9, , , , , ,744.02,743.99,500.0,100.0, , , , , ,, , , 
09:38:25,-0.98,-0.28,-0.99,-0.38,-1.69,-0.92,-0.44,-1.44,-1.02,-0.03,-0.97, , , , , ,744.02,744.0,300.0,100.0, , , , , ,, , , 
09:38:28,-1.13,-0.46,-1.09,-0.57,-1.78,-1.09,-0.6,-1.38,-1.22,-0.23,-1.03,-2400.0,743.99,743.99,-300.0,2100.0,744.0,743.99,4900.0,300.0, , , ,2018-05-16 09:38:28.726000,2018-05-16 09:38:28.726000,, , ,CANCELED
09:38:31,-1.23,-0.63,-1.32,-0.72,-1.83,-1.02,-0.73,-1.3,-1.35,-0.44,-1.08,-2100.0,743.97,743.97,-100.0,2000.0,743.99,743.93,3000.0,100.0, , , ,2018-05-16 09:38:32.288000,2018-05-16 09:38:32.288000,, , ,CANCELED
09:38:34,-1.18,-0.64,-1.32,-0.86,-1.85,-0.93,-0.68,-1.19,-1.28,-0.37,-1.13,-2000.0,743.95,743.95,-100.0,1900.0,743.97,743.91,2000.0,200.0, , , ,2018-05-16 09:38:35.303000,2018-05-16 09:38:35.303000,, , ,CANCELED
09:38:37,-1.17,-0.6,-1.33,-0.8,-1.8,-1.01,-0.64,-1.08,-1.16,-0.36,-1.17,-1900.0,743.91,0.0,-0.0,1900.0,743.93,743.83,100.0,100.0, , , ,2018-05-16 09:38:38.321000,2018-05-16 09:38:38.321000,, , ,CANCELED
09:38:40,-1.12,-0.57,-1.33,-0.81,-1.71,-0.84,-0.64,-1.01,-1.19,-0.25,-1.25,-1900.0,743.88,0.0,-0.0,1900.0,743.9,743.83,100.0,100.0, , , ,2018-05-16 09:38:41.343000,2018-05-16 09:38:41.343000,, , ,CANCELED
09:38:43,-1.13,-0.63,-1.36,-0.78,-1.46,-0.84,-0.82,-0.79,-1.19,-0.29,-1.38,-1900.0,743.79,0.0,-0.0,1900.0,743.81,743.73,1400.0,100.0, , , ,2018-05-16 09:38:44.384000,2018-05-16 09:38:44.384000,, , ,CANCELED
09:38:46,-1.16,-0.53,-1.41,-0.78,-1.42,-0.85,-0.65,-0.72,-1.21,-0.15,-1.47,-1900.0,743.71,0.0,-0.0,1900.0,743.73,743.66,700.0,100.0, , , ,2018-05-16 09:38:47.407000,2018-05-16 09:38:47.407000,, , ,CANCELED
09:38:49,-1.2,-0.46,-1.3,-0.76,-1.48,-1.17,-0.47,-0.61,-1.13,-0.16,-1.46, , , , , ,743.66,743.57,400.0,600.0, , , , , ,, , , 
09:38:52,-1.19,-0.42,-1.33,-0.82,-1.36,-1.09,-0.31,-0.27,-1.14,-0.13,-1.25, , , , , ,743.55,743.13,500.0,200.0, , , , , ,, , , 
09:38:55,-1.11,-0.27,-1.24,-0.61,-1.25,-1.06,-0.22,0.02,-1.05,0.01,-0.94, , , , , ,743.13,743.12,200.0,400.0, , , , , ,, , , 
09:38:58,-1.07,-0.22,-1.38,-0.47,-1.24,-0.82,-0.34,0.01,-1.01,0.16,-0.83, , , , , ,743.12,743.06,100.0,2100.0, , , , , ,, , , 
09:39:01,-1.07,-0.22,-1.23,-0.48,-1.06,-1.01,-0.31,0.03,-0.96,0.14,-0.74, , , , , ,743.11,743.06,400.0,2100.0, , , , , ,, , , 
09:39:04,-1.06,-0.23,-1.34,-0.57,-0.86,-0.91,-0.24,0.1,-0.93,0.12,-0.54, , , , , ,743.06,743.0,300.0,1300.0, , , , , ,, , , 
09:39:07,-1.09,-0.38,-1.43,-0.66,-0.71,-0.79,-0.55,0.2,-1.04,0.06,-0.29, , , , , ,743.0,742.91,100.0,800.0, , , , , ,, , , 
09:39:10,-0.95,-0.4,-1.42,-0.68,-0.62,-0.51,-0.61,0.37,-0.94,0.11,-0.3, , , , , ,742.89,742.88,500.0,100.0, , , , , ,, , , 
09:39:13,-0.63,-0.02,-0.84,-0.22,-0.59,-0.61,-0.14,0.42,-0.45,0.29,-0.46, , , , , ,742.91,742.88,100.0,900.0, , , , , ,, , , 
09:39:16,-0.48,0.06,-0.87,-0.14,-0.21,-0.15,-0.07,0.68,-0.43,0.38,-0.39, , , , , ,742.88,742.6,600.0,100.0, , , , , ,, , , 
09:39:19,-0.34,0.16,-0.76,0.01,-0.2,0.02,0.02,0.53,-0.27,0.45,-0.69, , , , , ,742.88,742.84,300.0,600.0, , , , , ,, , , 
09:39:22,-0.09,0.43,-0.68,0.3,0.23,0.56,0.27,0.7,-0.14,0.74,-0.5, , , , , ,742.84,742.6,200.0,200.0, , , , , ,, , , 
09:39:25,-0.18,0.33,-0.64,0.2,0.27,0.12,0.23,0.66,-0.01,0.56,-0.54, , , , , ,742.9,742.6,500.0,100.0, , , , , ,, , , 
09:39:28,-0.23,0.24,-0.64,0.12,0.38,0.09,0.18,0.76,-0.16,0.42,-0.36, , , , , ,742.84,742.54,700.0,1200.0, , , , , ,, , , 
09:39:31,-0.4,0.23,-0.63,0.21,0.64,-0.15,0.09,0.89,-0.4,0.38,-0.04, , , , , ,742.54,742.5,100.0,200.0, , , , , ,, , , 
09:39:34,-0.33,0.13,-0.64,0.13,0.85,0.13,-0.01,0.93,-0.48,0.26,-0.02, , , , , ,742.54,742.31,100.0,800.0, , , , , ,, , , 
09:39:37,-0.35,0.19,-0.57,0.17,0.61,-0.19,0.09,0.57,-0.29,0.3,-0.37, , , , , ,742.67,742.56,400.0,100.0, , , , , ,, , , 
09:39:40,-0.31,0.2,-0.45,0.18,0.7,-0.17,0.11,0.54,-0.3,0.29,-0.53, , , , , ,742.88,742.3,100.0,200.0, , , , , ,, , , 
09:39:43,-0.22,0.27,-0.35,0.26,0.57,-0.02,0.14,0.34,-0.28,0.42,-0.94, , , , , ,742.84,742.67,100.0,600.0, , , , , ,, , , 
09:39:46,-0.11,0.3,-0.22,0.29,0.52,0.07,0.2,0.34,-0.19,0.42,-0.96, , , , , ,742.87,742.67,200.0,200.0, , , , , ,, , , 
09:39:49,-0.35,0.25,-0.27,0.31,0.96,-0.47,0.12,0.82,-0.3,0.32,-0.42, , , , , ,742.87,742.01,800.0,900.0, , , , , ,, , , 
09:39:52,-0.33,0.12,-0.29,0.22,1.39,-0.25,-0.04,1.31,-0.45,0.17,0.11, , , , , ,742.22,742.01,400.0,400.0, , , , , ,, , , 
09:39:55,-0.43,0.1,-0.55,0.14,1.56,-0.28,-0.01,1.52,-0.44,0.17,0.29, , , , , ,742.0,741.96,1800.0,100.0, , , , , ,, , , 
09:39:58,-0.3,0.16,-0.42,0.17,1.14,0.04,0.12,1.16,-0.53,0.19,-0.09, , , , , ,742.5,742.0,100.0,1000.0, , , , , ,, , , 
09:40:01,-0.22,0.34,-0.19,0.31,1.03,-0.17,0.38,1.04,-0.3,0.34,-0.31, , , , , ,742.67,742.0,100.0,200.0, , , , , ,, , , 
09:40:04,-0.15,0.27,-0.08,0.21,0.63,-0.16,0.32,0.58,-0.22,0.28,-0.82, , , , , ,742.66,742.62,800.0,100.0, , , , , ,, , , 
09:40:07,-0.13,0.42,0.04,0.48,1.04,-0.13,0.47,0.97,-0.29,0.32,-0.41, , , , , ,742.66,742.0,800.0,2600.0, , , , , ,, , , 
09:40:10,0.09,0.56,0.22,0.66,1.02,0.21,0.59,0.92,-0.17,0.42,-0.52, , , , , ,742.8,742.01,300.0,500.0, , , , , ,, , , 
09:40:13,0.12,0.65,0.3,0.74,1.21,-0.09,0.74,1.11,0.17,0.49,-0.4, , , , , ,742.62,742.01,300.0,200.0, , , , , ,, , , 
09:40:16,0.26,0.75,0.24,0.82,0.63,0.14,0.95,0.54,0.4,0.48,-1.02, , , , , ,742.87,742.68,900.0,600.0, , , , , ,, , , 
09:40:19,0.53,1.11,0.52,1.15,0.56,0.55,1.09,0.49,0.53,1.1,-1.1, , , , , ,742.87,742.8,900.0,2600.0, , , , , ,, , , 
09:40:22,0.66,1.41,0.61,1.49,0.41,0.77,1.37,0.38,0.61,1.36,-1.25, , , , , ,743.0,742.87,600.0,700.0, , , , , ,, , , 
09:40:25,0.66,1.39,0.8,1.52,0.26,0.41,1.25,0.24,0.78,1.41,-1.39, , , , , ,743.06,743.02,100.0,300.0, , , , , ,, , , 
09:40:28,0.61,1.29,0.66,1.39,0.39,0.56,1.22,0.39,0.62,1.25,-1.3, , , , , ,743.06,742.87,100.0,1100.0, , , , , ,, , , 
09:40:31,0.46,1.12,0.56,1.14,0.33,0.59,1.03,0.52,0.22,1.2,-1.27, , , , , ,742.99,742.87,100.0,1300.0, , , , , ,, , , 
09:40:34,0.45,1.01,0.61,1.08,0.11,0.65,0.87,0.43,0.1,1.07,-1.41, , , , , ,743.06,743.0,100.0,100.0, , , , , ,, , , 
09:40:37,0.25,0.89,0.22,1.0,-0.35,0.39,0.75,0.11,0.14,0.92,-1.78, , , , , ,743.48,743.12,300.0,400.0, , , , , ,, , , 
09:40:40,-0.24,0.47,0.04,0.62,-0.05,-0.31,0.23,0.51,-0.46,0.58,-1.42, , , , , ,743.06,743.0,2700.0,200.0, , , , , ,, , , 
09:40:43,-0.59,0.48,-0.27,0.59,-0.11,-0.67,0.3,0.43,-0.83,0.55,-1.48, , , , , ,743.12,743.06,300.0,700.0, , , , , ,, , , 
09:40:46,-0.56,0.49,-0.07,0.62,-0.36,-0.77,0.33,0.16,-0.84,0.51,-1.73, , , , , ,743.48,743.1,1200.0,100.0, , , , , ,, , , 
09:40:49,-0.69,0.36,-0.21,0.43,-0.22,-1.11,0.36,0.26,-0.74,0.3,-1.6, , , , , ,743.33,743.1,100.0,300.0, , , , , ,, , , 
09:40:52,-0.63,0.39,-0.22,0.53,0.08,-1.2,0.4,0.52,-0.47,0.25,-1.34, , , , , ,743.06,743.0,700.0,1000.0, , , , , ,, , , 
09:40:55,-0.57,0.51,-0.32,0.68,0.11,-0.81,0.48,0.53,-0.57,0.38,-1.35, , , , , ,743.06,743.0,100.0,1400.0, , , , , ,, , , 
09:40:58,-0.55,0.55,-0.23,0.7,-0.23,-0.97,0.39,0.19,-0.45,0.55,-1.71, , , , , ,743.56,743.0,1800.0,1700.0, , , , , ,, , , 
09:41:01,-0.57,0.43,-0.35,0.55,0.08,-0.87,0.23,0.52,-0.48,0.51,-1.39, , , , , ,743.1,743.0,4700.0,1900.0, , , , , ,, , , 
09:41:04,-0.86,0.28,-0.61,0.5,0.04,-1.22,0.06,0.52,-0.74,0.29,-1.34, , , , , ,743.1,743.0,4400.0,2000.0, , , , , ,, , , 
09:41:07,-0.68,0.38,-0.48,0.52,0.0,-0.68,0.22,0.52,-0.87,0.41,-1.23, , , , , ,743.1,743.0,1400.0,2000.0, , , , , ,, , , 
09:41:10,-0.49,0.58,-0.12,0.63,-0.22,-0.43,0.39,0.26,-0.92,0.74,-1.36, , , , , ,743.4,743.1,201.0,500.0, , , , , ,, , , 
09:41:13,-0.38,0.57,-0.27,0.56,-0.2,-0.24,0.47,0.17,-0.64,0.69,-1.31, , , , , ,743.48,743.1,1.0,100.0, , , , , ,, , , 
09:41:16,-0.52,0.54,-0.27,0.5,-0.09,-0.55,0.34,0.21,-0.74,0.76,-1.17, , , , , ,743.48,743.0,300.0,2100.0, , , , , ,, , , 
09:41:19,-0.5,0.47,-0.27,0.48,0.02,-0.3,0.39,0.25,-0.93,0.53,-1.08, , , , , ,743.38,743.0,100.0,2100.0, , , , , ,, , , 
09:41:22,-0.63,0.54,-0.32,0.61,-0.09,-0.4,0.57,0.06,-1.17,0.42,-1.21, , , , , ,743.48,743.1,200.0,100.0, , , , , ,, , , 
09:41:25,-0.86,0.32,-0.47,0.44,-0.02,-0.97,0.23,0.08,-1.14,0.29,-1.14, , , , , ,743.47,743.0,100.0,2100.0, , , , , ,, , , 
09:41:28,-1.02,0.1,-0.7,0.25,0.02,-1.18,-0.04,-0.02,-1.18,0.08,-1.1, , , , , ,743.48,743.0,500.0,1700.0, , , , , ,, , , 
09:41:31,-0.91,0.0,-0.75,0.08,0.1,-0.98,-0.14,-0.11,-1.0,0.08,-1.05, , , , , ,743.37,743.1,100.0,1100.0, , , , , ,, , , 
09:41:34,-1.37,-0.47,-1.15,-0.4,0.48,-1.58,-0.68,0.14,-1.4,-0.33,-0.65,-1900.0,742.99,742.99,-900.0,1000.0,743.0,742.99,1100.0,100.0, , , ,2018-05-16 09:41:34.654000,2018-05-16 09:41:34.654000,, , ,CANCELED
09:41:37,-1.54,-0.65,-1.38,-0.55,0.53,-1.92,-0.79,0.03,-1.32,-0.61,-0.55,-1000.0,742.98,742.98,-100.0,900.0,742.99,742.98,1100.0,200.0, , , ,2018-05-16 09:41:38.005000,2018-05-16 09:41:38.005000,, , ,CANCELED
09:41:40,-1.31,-0.35,-1.33,-0.36,0.62,-1.42,-0.28,-0.01,-1.19,-0.41,-0.51, , , , , ,742.98,742.91,1100.0,400.0, , , , , ,, , , 
09:41:43,-1.0,-0.31,-0.87,-0.28,0.48,-1.2,-0.43,-0.41,-0.91,-0.21,-0.66, , , , , ,743.1,743.0,100.0,700.0, , , , , ,, , , 
09:41:46,-0.87,-0.16,-0.82,-0.13,0.48,-0.91,-0.23,-0.6,-0.88,-0.13,-0.7, , , , , ,743.1,743.0,300.0,600.0, , , , , ,, , , 
09:41:49,-0.55,-0.0,-0.58,0.05,0.48,-0.63,0.07,-0.69,-0.43,-0.12,-0.71, , , , , ,743.1,743.0,300.0,900.0, , , , , ,, , , 
09:41:52,-0.36,0.14,-0.46,0.13,0.49,-0.43,0.12,-0.86,-0.19,0.18,-0.59, , , , , ,743.1,743.0,100.0,600.0, , , , , ,, , , 
09:41:55,-0.32,0.15,-0.46,0.12,0.28,-0.3,0.13,-1.06,-0.2,0.19,-0.69, , , , , ,743.42,743.0,400.0,400.0, , , , , ,, , , 
09:41:58,-0.45,0.1,-0.58,0.1,0.38,-0.33,0.14,-0.9,-0.45,0.06,-0.48, , , , , ,743.28,743.0,100.0,300.0, , , , , ,, , , 
09:42:01,-0.26,0.13,-0.45,0.13,0.52,-0.3,0.22,-0.7,-0.04,0.06,-0.27, , , , , ,743.1,743.0,100.0,700.0, , , , , ,, , , 
09:42:04,-0.48,0.06,-0.6,0.07,0.52,-0.72,0.1,-0.56,-0.12,0.03,-0.24, , , , , ,743.1,743.0,400.0,300.0, , , , , ,, , , 
09:42:07,-0.49,-0.01,-0.49,0.01,0.52,-0.83,-0.05,-0.42,-0.15,0.03,-0.23, , , , , ,743.1,743.0,300.0,400.0, , , , , ,, , , 
09:42:10,-0.5,0.01,-0.55,0.01,0.53,-0.61,0.08,-0.53,-0.33,-0.06,-0.22, , , , , ,743.1,743.0,200.0,1300.0, , , , , ,, , , 
09:42:13,-0.21,0.25,-0.33,0.25,0.3,-0.24,0.37,-0.85,-0.05,0.12,-0.34, , , , , ,743.28,743.1,100.0,400.0, , , , , ,, , , 
09:42:16,-0.26,0.3,-0.36,0.48,0.18,-0.23,0.2,-1.1,-0.19,0.22,-0.39, , , , , ,743.4,743.13,500.0,300.0, , , , , ,, , , 
09:42:19,-0.41,0.03,-0.32,0.04,0.27,-0.5,-0.03,-1.11,-0.41,0.09,-0.21, , , , , ,743.22,743.13,200.0,200.0, , , , , ,, , , 
09:42:22,-0.34,0.11,-0.27,0.19,0.21,-0.14,0.12,-1.11,-0.62,0.01,-0.15, , , , , ,743.22,743.13,200.0,300.0, , , , , ,, , , 
09:42:25,-0.13,0.23,-0.2,0.45,0.04,-0.04,0.19,-1.24,-0.15,0.05,-0.22, , , , , ,743.4,743.13,37.0,100.0, , , , , ,, , , 
09:42:28,0.06,0.44,-0.13,0.73,-0.06,0.4,0.37,-1.14,-0.09,0.21,-0.18, , , , , ,743.4,743.14,37.0,500.0, , , , , ,, , , 
09:42:31,0.18,0.55,0.09,0.86,-0.21,0.49,0.51,-1.1,-0.04,0.29,-0.18, , , , , ,743.4,743.22,37.0,100.0, , , , , ,, , , 
09:42:34,0.28,0.64,0.08,0.97,-0.41,0.81,0.71,-1.33,-0.05,0.26,-0.26, , , , , ,743.41,743.4,300.0,63.0, , , , , ,, , , 
09:42:37,0.46,0.72,0.19,1.04,-0.53,0.9,0.75,-1.44,0.29,0.35,-0.23, , , , , ,743.41,743.4,200.0,100.0, , , , , ,, , , 
09:42:40,0.3,0.62,0.16,0.9,-0.64,0.5,0.58,-1.64,0.23,0.37,-0.18, , , , , ,743.42,743.4,400.0,400.0, , , , , ,, , , 
09:42:43,0.29,0.59,0.21,0.97,-0.9,0.39,0.44,-1.83,0.26,0.37,-0.15, , , , , ,743.43,743.4,200.0,600.0, , , , , ,, , , 
09:42:46,0.17,0.45,0.06,0.82,-1.08,0.51,0.37,-1.82,-0.07,0.17,-0.11, , , , , ,743.42,743.4,100.0,400.0, , , , , ,, , , 
09:42:49,-0.1,0.14,-0.15,0.56,-1.18,0.12,-0.07,-1.73,-0.27,-0.06,-0.08, , , , , ,743.42,743.4,100.0,100.0, , , , , ,, , , 
09:42:52,-0.51,-0.12,-0.47,0.26,-1.32,-0.29,-0.28,-1.61,-0.76,-0.34,-0.04, , , , , ,743.4,743.39,100.0,100.0, , , , , ,, , , 
09:42:55,-0.44,-0.05,-0.29,0.41,-1.39,-0.24,-0.25,-1.7,-0.8,-0.3,-0.11, , , , , ,743.47,743.44,500.0,500.0, , , , , ,, , , 
09:42:58,-0.31,0.01,-0.19,0.38,-1.29,0.07,-0.14,-1.67,-0.82,-0.22,-0.06, , , , , ,743.47,743.39,400.0,100.0, , , , , ,, , , 
09:43:01,-0.33,-0.13,-0.19,0.39,-1.17,-0.23,-0.37,-1.74,-0.56,-0.4,0.0, , , , , ,743.4,743.39,200.0,200.0, , , , , ,, , , 
09:43:04,-0.31,0.01,-0.15,0.45,-1.1,-0.15,-0.13,-1.92,-0.63,-0.31,-0.05, , , , , ,743.47,743.43,200.0,200.0, , , , , ,, , , 
09:43:07,-0.3,0.19,-0.06,0.57,-0.97,-0.13,0.12,-1.92,-0.71,-0.12,-0.03, , , , , ,743.47,743.43,200.0,200.0, , , , , ,, , , 
09:43:10,-0.37,0.09,-0.23,0.42,-1.05,-0.12,0.02,-1.91,-0.77,-0.17,-0.0, , , , , ,743.47,743.41,500.0,700.0, , , , , ,, , , 
09:43:13,-0.75,-0.28,-0.49,0.07,-1.17,-1.02,-0.41,-1.89,-0.76,-0.51,0.01, , , , , ,743.44,743.4,400.0,100.0, , , , , ,, , , 
09:43:16,-1.12,-0.46,-0.83,-0.08,-1.23,-1.51,-0.65,-1.81,-1.02,-0.65,0.06, , , , , ,743.4,743.33,500.0,100.0, , , , , ,, , , 
09:43:19,-1.17,-0.5,-0.87,-0.17,-1.37,-1.69,-0.68,-1.81,-0.96,-0.64,0.0,-900.0,743.38,743.38,-500.0,400.0,743.4,743.33,400.0,300.0, , , ,2018-05-16 09:43:19.796000,2018-05-16 09:43:19.796000,, , ,CANCELED
09:43:22,-1.14,-0.64,-0.88,-0.3,-1.34,-1.36,-0.89,-1.8,-1.17,-0.72,-0.04,-400.0,743.36,0.0,-0.0,400.0,743.38,743.32,400.0,200.0, , , ,2018-05-16 09:43:22.966000,2018-05-16 09:43:22.966000,, , ,CANCELED
09:43:25,-1.21,-0.67,-1.09,-0.39,-1.23,-1.38,-0.96,-1.69,-1.16,-0.68,0.02,-400.0,743.28,743.28,-200.0,200.0,743.3,743.22,100.0,263.0, , , ,2018-05-16 09:43:26.002000,2018-05-16 09:43:26.001000,, , ,CANCELED
09:43:28,-1.39,-0.72,-1.29,-0.51,-1.03,-1.54,-0.94,-1.6,-1.33,-0.71,0.09,-200.0,743.16,0.0,-0.0,200.0,743.22,743.16,200.0,100.0, , , ,2018-05-16 09:43:29.524000,2018-05-16 09:43:29.524000,, , ,CANCELED
09:43:31,-1.45,-0.66,-1.35,-0.53,-0.84,-1.74,-0.78,-1.52,-1.27,-0.67,0.15,-200.0,743.11,0.0,-0.0,200.0,743.13,743.1,500.0,500.0, , , ,2018-05-16 09:43:32.550000,2018-05-16 09:43:32.550000,, , ,CANCELED
09:43:34,-1.43,-0.67,-1.26,-0.58,-0.86,-1.75,-0.76,-1.44,-1.27,-0.68,0.21,-200.0,743.09,743.09,-200.0,0.0,743.11,743.0,200.0,100.0,9385.43,3.17, ,2018-05-16 09:43:35.069000,2018-05-16 09:43:35.069000,, , ,FILLED
09:43:37,-1.42,-0.78,-1.24,-0.72,-0.94,-1.84,-0.8,-1.42,-1.17,-0.83,0.21, , , , , ,743.08,742.99,600.0,600.0, , , , , ,, , , 
09:43:40,-1.46,-0.75,-1.32,-0.69,-0.86,-1.88,-0.79,-1.15,-1.19,-0.78,0.45,-400.0,742.67,742.67,-400.0,-400.0,742.99,742.67,500.0,100.0, , , ,2018-05-16 09:43:40.763000,2018-05-16 09:43:40.763000,, , ,FILLED
09:43:43,-1.39,-0.57,-1.13,-0.59,-1.05,-1.87,-0.58,-1.14,-1.17,-0.55,0.44, , , , , ,743.0,742.67,300.0,138.0, , , , , ,, , , 
09:43:46,-1.38,-0.49,-1.19,-0.53,-0.3,-1.84,-0.63,-0.37,-1.11,-0.33,1.2, , , , , ,742.5,742.06,362.0,1800.0, , , , , ,, , , 
09:43:49,-1.19,-0.4,-1.23,-0.46,-0.47,-1.67,-0.47,-0.61,-0.67,-0.27,0.92, , , , , ,742.9,742.06,100.0,2000.0, , , , , ,, , , 
09:43:52,-0.96,-0.15,-0.98,-0.22,-0.45,-1.44,-0.28,-0.67,-0.45,0.06,0.82, , , , , ,743.0,742.06,162.0,2000.0, , , , , ,, , , 
09:43:55,-0.84,-0.11,-0.97,-0.24,-0.22,-1.21,-0.3,-0.43,-0.35,0.21,1.0, , , , , ,742.64,742.06,400.0,1900.0, , , , , ,, , , 
09:43:58,-0.86,-0.19,-1.05,-0.29,-0.22,-1.19,-0.41,-0.46,-0.35,0.12,0.94, , , , , ,742.64,742.06,200.0,1600.0, , , , , ,, , , 
09:44:01,-0.93,-0.23,-1.1,-0.34,-0.74,-1.28,-0.5,-0.86,-0.42,0.15,0.46, , , , , ,742.67,742.64,300.0,300.0, , , , , ,, , , 
09:44:04,-1.02,-0.17,-1.05,-0.24,-0.98,-1.23,-0.36,-0.95,-0.78,0.09,0.13, , , , , ,742.88,742.64,100.0,300.0, , , , , ,, , , 
09:44:07,-0.7,0.05,-0.85,-0.08,-0.98,-0.75,-0.06,-0.83,-0.49,0.28,-0.2, , , , , ,742.88,742.64,100.0,400.0, , , , , ,, , , 
09:44:10,-0.62,0.08,-0.79,-0.01,-0.99,-0.8,-0.06,-0.7,-0.29,0.32,-0.51, , , , , ,742.88,742.64,100.0,200.0, , , , , ,, , , 
09:44:13,-0.67,0.01,-0.76,-0.05,-0.45,-0.93,-0.16,-0.05,-0.32,0.25,-0.28, , , , , ,742.64,742.06,500.0,1000.0, , , , , ,, , , 
09:44:16,-0.67,-0.02,-0.62,-0.04,-0.44,-0.88,-0.2,0.04,-0.5,0.17,-0.43, , , , , ,742.63,742.06,100.0,1200.0, , , , , ,, , , 
09:44:19,-0.69,-0.12,-0.76,-0.16,-0.45,-0.86,-0.23,0.06,-0.43,0.04,-0.43, , , , , ,742.63,742.06,100.0,1200.0, , , , , ,, , , 
09:44:22,-0.95,-0.4,-1.03,-0.41,-0.46,-1.11,-0.43,0.06,-0.71,-0.35,-0.43, , , , , ,742.63,742.06,100.0,1000.0, , , , , ,, , , 
09:44:25,-0.93,-0.37,-1.1,-0.37,-0.47,-1.14,-0.4,0.05,-0.57,-0.33,-0.43, , , , , ,742.64,742.08,200.0,100.0, , , , , ,, , , 
09:44:28,-1.07,-0.46,-1.16,-0.5,-0.48,-1.22,-0.44,0.09,-0.83,-0.45,-0.4, , , , , ,742.64,742.06,200.0,390.0, , , , , ,, , , 
09:44:31,-1.09,-0.55,-1.14,-0.49,-0.87,-1.22,-0.64,-0.24,-0.92,-0.53,-0.79, , , , , ,742.64,742.63,200.0,100.0, , , , , ,, , , 
09:44:34,-1.09,-0.56,-1.07,-0.5,-0.84,-1.23,-0.62,-0.12,-0.99,-0.57,-0.77, , , , , ,742.64,742.58,200.0,100.0, , , , , ,, , , 
09:44:37,-0.99,-0.48,-0.91,-0.37,-0.1,-1.25,-0.57,0.7,-0.81,-0.51,-0.06, , , , , ,742.06,742.05,1010.0,100.0, , , , , ,, , , 
09:44:40,-0.75,-0.22,-0.66,-0.21,-0.1,-0.88,-0.29,0.7,-0.71,-0.17,-0.09, , , , , ,742.06,742.05,310.0,1100.0, , , , , ,, , , 
09:44:43,-0.48,-0.07,-0.5,-0.07,-0.08,-0.61,-0.15,0.68,-0.34,-0.0,-0.09, , , , , ,742.06,742.05,210.0,1000.0, , , , , ,, , , 
09:44:46,-0.46,-0.1,-0.64,-0.13,-0.06,-0.56,-0.1,0.65,-0.2,-0.07,-0.1, , , , , ,742.06,742.05,110.0,800.0, , , , , ,, , , 
09:44:49,-0.46,-0.1,-0.66,-0.09,-0.04,-0.63,-0.13,0.63,-0.08,-0.08,-0.1, , , , , ,742.06,742.05,10.0,800.0, , , , , ,, , , 
09:44:52,-0.5,-0.01,-0.7,-0.01,-0.41,-0.65,0.01,0.36,-0.13,-0.02,-0.5, , , , , ,742.62,742.06,10.0,100.0, , , , , ,, , , 
09:44:55,-0.35,0.07,-0.38,0.09,-0.42,-0.56,0.15,0.48,-0.11,-0.04,-0.51, , , , , ,742.62,742.06,10.0,300.0, , , , , ,, , , 
09:44:58,-0.25,0.09,-0.26,0.06,-0.02,-0.38,0.15,1.01,-0.11,0.06,-0.1, , , , , ,742.05,742.01,400.0,100.0, , , , , ,, , , 
09:45:01,-0.09,0.27,-0.18,0.28,-0.01,-0.27,0.35,1.1,0.18,0.19,-0.13, , , , , ,742.05,742.01,300.0,100.0, , , , , ,, , , 
09:45:04,-0.29,0.11,-0.29,0.12,0.04,-0.54,0.11,1.14,-0.06,0.1,-0.16, , , , , ,742.05,742.0,600.0,300.0, , , , , ,, , , 
09:45:07,-0.62,-0.22,-0.7,-0.18,0.15,-0.88,-0.23,1.15,-0.26,-0.25,-0.2, , , , , ,742.05,742.0,600.0,300.0, , , , , ,, , , 
09:45:10,-0.75,-0.38,-0.83,-0.32,0.29,-0.92,-0.4,1.17,-0.49,-0.42,-0.23, , , , , ,742.05,742.0,1300.0,500.0, , , , , ,, , , 
09:45:13,-0.76,-0.42,-0.92,-0.39,0.41,-0.99,-0.44,1.24,-0.38,-0.44,-0.21, , , , , ,742.05,741.98,1000.0,100.0, , , , , ,, , , 
09:45:16,-0.74,-0.33,-0.75,-0.2,0.48,-0.85,-0.28,1.29,-0.62,-0.51,-0.2, , , , , ,742.05,741.98,1000.0,200.0, , , , , ,, , , 
09:45:19,-0.69,-0.25,-0.79,-0.21,0.5,-0.83,-0.16,1.35,-0.44,-0.37,-0.2, , , , , ,742.05,741.98,1000.0,200.0, , , , , ,, , , 
09:45:22,-0.58,-0.18,-0.62,-0.13,0.51,-0.69,-0.14,1.42,-0.43,-0.27,-0.22, , , , , ,742.05,741.98,400.0,100.0, , , , , ,, , , 
09:45:25,-0.41,-0.12,-0.42,-0.05,0.54,-0.64,-0.04,1.5,-0.16,-0.27,-0.19, , , , , ,742.0,741.98,300.0,200.0, , , , , ,, , , 
09:45:28,-0.32,-0.05,-0.46,0.06,0.54,-0.4,0.07,1.52,-0.1,-0.27,-0.23, , , , , ,742.05,741.97,200.0,100.0, , , , , ,, , , 
09:45:31,-0.33,-0.05,-0.42,0.06,0.65,-0.46,0.08,1.62,-0.11,-0.28,-0.22, , , , , ,741.98,741.97,500.0,400.0, , , , , ,, , , 
09:45:34,-0.4,-0.03,-0.54,-0.0,0.71,-0.53,0.08,1.66,-0.13,-0.18,-0.22, , , , , ,742.0,741.97,600.0,400.0, , , , , ,, , , 
09:45:37,-0.2,0.1,-0.27,0.16,0.81,-0.36,0.18,1.71,0.02,-0.02,-0.24, , , , , ,741.98,741.97,200.0,700.0, , , , , ,, , , 
09:45:40,0.0,0.36,-0.18,0.41,0.8,-0.02,0.55,1.75,0.21,0.12,-0.29, , , , , ,741.98,741.97,200.0,1200.0, , , , , ,, , , 
09:45:43,0.13,0.54,-0.05,0.5,0.77,0.07,0.74,1.77,0.36,0.37,-0.34, , , , , ,742.0,741.97,300.0,1200.0, , , , , ,, , , 
09:45:46,0.22,0.62,0.07,0.47,0.68,0.22,0.82,1.75,0.37,0.58,-0.45,400.0,742.02,742.02,100.0,-300.0,742.06,742.0,400.0,21.0, , , ,2018-05-16 09:45:46.864000,2018-05-16 09:45:46.864000,, , ,CANCELED
09:45:49,0.31,0.67,0.2,0.5,0.65,0.33,0.81,1.77,0.39,0.7,-0.5,300.0,742.04,742.04,200.0,-100.0,742.06,742.02,400.0,300.0, , , ,2018-05-16 09:45:50.112000,2018-05-16 09:45:50.112000,, , ,CANCELED
09:45:52,0.42,0.7,0.26,0.51,0.75,0.49,0.84,1.77,0.52,0.74,-0.52,100.0,742.06,742.06,100.0,0.0,742.06,742.05,400.0,400.0,-97.74,-0.33, ,2018-05-16 09:45:53.635000,2018-05-16 09:45:53.635000,, , ,FILLED
09:45:55,0.42,0.76,0.28,0.56,0.92,0.49,0.92,1.82,0.49,0.8,-0.48, , , , , ,742.06,741.98,100.0,21.0, , , , , ,, , , 
09:45:58,0.18,0.63,0.05,0.45,1.06,0.25,0.84,1.88,0.23,0.59,-0.45, , , , , ,742.0,741.98,200.0,421.0, , , , , ,, , , 
09:46:01,0.11,0.54,0.04,0.4,1.16,0.2,0.66,1.9,0.1,0.55,-0.46, , , , , ,742.0,741.98,1200.0,621.0, , , , , ,, , , 
09:46:04,0.26,0.71,0.14,0.64,1.07,0.32,0.86,1.81,0.32,0.63,-0.58, , , , , ,742.16,741.98,100.0,1021.0, , , , , ,, , , 
09:46:07,0.32,0.83,0.18,0.75,0.96,0.45,0.97,1.7,0.32,0.77,-0.72, , , , , ,742.27,742.06,100.0,400.0, , , , , ,, , , 
09:46:10,0.27,0.82,0.25,0.78,0.75,0.32,0.99,1.48,0.23,0.7,-0.93, , , , , ,742.38,742.29,100.0,100.0, , , , , ,, , , 
09:46:13,0.27,0.86,0.21,0.78,0.75,0.35,1.09,1.42,0.24,0.69,-0.95, , , , , ,742.48,742.29,100.0,600.0, , , , , ,, , , 
09:46:16,0.16,0.61,0.16,0.64,0.79,0.2,0.83,1.38,0.11,0.35,-1.03, , , , , ,742.48,742.29,100.0,1100.0, , , , , ,, , , 
09:46:19,0.12,0.61,0.15,0.58,0.85,0.2,0.91,1.31,0.01,0.36,-1.12, , , , , ,742.49,742.29,100.0,1100.0, , , , , ,, , , 
09:46:22,0.2,0.6,0.29,0.64,0.91,0.29,0.89,1.25,0.01,0.27,-1.22, , , , , ,742.5,742.29,600.0,900.0, , , , , ,, , , 
09:46:25,0.14,0.62,0.26,0.65,0.95,0.26,0.92,1.19,-0.09,0.28,-1.41, , , , , ,742.5,742.29,500.0,900.0, , , , , ,, , , 
09:46:28,0.16,0.56,0.24,0.7,1.0,0.17,0.93,1.17,0.08,0.05,-1.46, , , , , ,742.5,742.28,100.0,100.0, , , , , ,, , , 
09:46:31,0.15,0.66,0.2,0.8,0.93,0.31,1.05,1.0,-0.04,0.12,-1.67, , , , , ,742.5,742.48,100.0,200.0, , , , , ,, , , 
09:46:34,0.03,0.62,0.24,0.83,0.91,0.02,0.86,0.9,-0.18,0.17,-1.81, , , , , ,742.6,742.48,400.0,500.0, , , , , ,, , , 
09:46:37,0.02,0.66,0.19,0.85,0.81,0.15,0.92,0.74,-0.28,0.21,-1.97, , , , , ,742.8,742.48,1610.0,400.0, , , , , ,, , , 
09:46:40,0.11,0.66,0.22,0.83,0.84,0.23,0.99,0.69,-0.14,0.15,-2.0, , , , , ,742.8,742.5,1710.0,100.0, , , , , ,, , , 
09:46:43,-0.16,0.42,0.04,0.61,1.15,-0.02,0.6,0.97,-0.5,0.05,-1.73, , , , , ,742.48,742.41,100.0,200.0, , , , , ,, , , 
09:46:46,-0.2,0.26,0.04,0.5,1.11,-0.13,0.39,0.9,-0.52,-0.11,-1.89, , , , , ,742.59,742.41,100.0,200.0, , , , , ,, , , 
09:46:49,-0.16,0.21,0.02,0.42,1.09,-0.03,0.34,0.82,-0.47,-0.13,-2.04, , , , , ,742.59,742.5,100.0,200.0, , , , , ,, , , 
09:46:52,-0.08,0.17,-0.03,0.43,1.05,-0.06,0.39,0.74,-0.15,-0.31,-2.19, , , , , ,742.7,742.48,100.0,100.0, , , , , ,, , , 
09:46:55,-0.01,0.3,-0.01,0.47,0.77,0.15,0.64,0.39,-0.17,-0.22,-2.57, , , , , ,742.81,742.8,100.0,590.0, , , , , ,, , , 
09:46:58,0.05,0.34,0.04,0.51,0.7,0.26,0.66,0.25,-0.16,-0.13,-2.65, , , , , ,742.92,742.8,100.0,1190.0, , , , , ,, , , 
09:47:01,-0.12,0.26,-0.01,0.46,0.72,0.01,0.42,0.2,-0.34,-0.09,-2.65, , , , , ,742.92,742.8,100.0,2090.0, , , , , ,, , , 
09:47:04,-0.05,0.21,0.01,0.48,0.74,0.11,0.36,-0.01,-0.26,-0.21,-2.65, , , , , ,742.92,742.8,100.0,1890.0, , , , , ,, , , 
09:47:07,-0.34,-0.02,-0.23,0.26,0.71,-0.22,-0.05,-0.38,-0.58,-0.26,-2.78, , , , , ,743.0,742.8,1210.0,200.0, , , , , ,, , , 
09:47:10,-0.33,0.11,-0.09,0.38,0.72,-0.25,0.09,-0.71,-0.66,-0.15,-2.87, , , , , ,743.0,742.81,110.0,100.0, , , , , ,, , , 
09:47:13,0.05,0.46,0.19,0.73,0.71,0.19,0.4,-1.02,-0.22,0.23,-2.95, , , , , ,743.0,742.81,10.0,500.0, , , , , ,, , , 
09:47:16,0.43,0.65,0.25,0.83,0.49,0.61,0.74,-1.38,0.41,0.38,-3.31, , , , , ,743.06,743.03,100.0,100.0, , , , , ,, , , 
09:47:19,0.76,0.9,0.61,1.04,0.43,1.09,1.09,-1.38,0.58,0.56,-3.39,400.0,743.06,0.0,0.0,0.0,743.06,743.03,100.0,300.0, , , ,2018-05-16 09:47:19.716000,2018-05-16 09:47:19.716000,, , ,CANCELED
09:47:22,1.04,1.16,0.91,1.23,0.32,1.33,1.38,-1.42,0.87,0.85,-3.52, , , , , ,743.09,743.07,100.0,200.0, , , , , ,, , , 
09:47:25,1.0,1.23,0.91,1.25,0.24,1.33,1.5,-1.42,0.76,0.95,-3.63,500.0,743.1,743.1,500.0,500.0,743.1,743.09,1800.0,300.0, , , ,2018-05-16 09:47:25.869000,2018-05-16 09:47:25.869000,, , ,FILLED
09:47:28,1.16,1.34,1.01,1.36,0.12,1.37,1.66,-1.5,1.1,1.01,-3.76,400.0,743.18,743.18,400.0,900.0,743.18,743.16,100.0,300.0, , , ,2018-05-16 09:47:28.671000,2018-05-16 09:47:28.671000,, , ,FILLED
09:47:31,1.14,1.4,1.03,1.27,0.07,1.35,1.84,-1.54,1.05,1.1,-3.81,500.0,743.2,743.2,300.0,1200.0,743.2,743.17,100.0,200.0, , , ,2018-05-16 09:47:31.701000,2018-05-16 09:47:31.701000,, , ,CANCELED
09:47:34,1.15,1.44,1.06,1.3,-0.06,1.41,1.86,-1.64,0.98,1.16,-3.94, , , , , ,743.3,743.21,300.0,100.0, , , , , ,, , , 
09:47:37,0.98,1.24,0.89,1.16,-0.1,1.32,1.59,-1.68,0.73,0.98,-3.99, , , , , ,743.3,743.22,300.0,200.0, , , , , ,, , , 
09:47:40,0.97,1.19,1.0,1.19,-0.13,1.16,1.52,-1.71,0.76,0.85,-4.02, , , , , ,743.3,743.22,200.0,1200.0, , , , , ,, , , 
09:47:43,0.98,1.17,1.0,1.1,-0.19,1.19,1.49,-1.77,0.75,0.9,-4.05, , , , , ,743.39,743.22,100.0,1200.0, , , , , ,, , , 
09:47:46,0.77,1.12,0.69,1.04,-0.28,1.05,1.41,-1.87,0.57,0.93,-4.09, , , , , ,743.39,743.35,100.0,200.0, , , , , ,, , , 
09:47:49,0.57,0.92,0.53,0.94,-0.28,0.94,1.21,-1.88,0.22,0.62,-4.03, , , , , ,743.39,743.35,200.0,300.0, , , , , ,, , , 
09:47:52,0.58,1.02,0.56,1.08,-0.31,0.92,1.31,-1.89,0.27,0.67,-3.96, , , , , ,743.39,743.35,100.0,600.0, , , , , ,, , , 
09:47:55,0.66,1.05,0.67,1.09,-0.38,1.02,1.24,-1.9,0.29,0.82,-4.04, , , , , ,743.4,743.35,500.0,500.0, , , , , ,, , , 
09:47:58,0.66,0.98,0.59,1.04,-0.45,0.99,1.14,-1.92,0.4,0.76,-4.11, , , , , ,743.41,743.35,200.0,400.0, , , , , ,, , , 
09:48:01,0.49,0.87,0.43,0.93,-0.54,0.81,1.07,-1.98,0.22,0.61,-4.21, , , , , ,743.47,743.34,200.0,200.0, , , , , ,, , , 
09:48:04,0.41,0.72,0.36,0.86,-0.78,0.55,0.93,-2.06,0.32,0.36,-4.33, , , , , ,743.47,743.4,100.0,100.0, , , , , ,, , , 
09:48:07,0.48,0.79,0.43,0.85,-1.1,0.69,1.0,-2.09,0.32,0.51,-4.34, , , , , ,743.47,743.4,100.0,300.0, , , , , ,, , , 
09:48:10,0.31,0.63,0.38,0.72,-1.42,0.38,0.77,-2.12,0.17,0.4,-4.38, , , , , ,743.47,743.4,400.0,200.0, , , , , ,, , , 
09:48:13,0.08,0.42,0.16,0.55,-1.73,0.12,0.46,-2.12,-0.05,0.25,-4.4, , , , , ,743.46,743.4,500.0,500.0, , , , , ,, , , 
09:48:16,0.13,0.45,0.15,0.63,-1.89,0.11,0.53,-2.11,0.12,0.19,-4.45, , , , , ,743.47,743.39,200.0,400.0, , , , , ,, , , 
09:48:19,-0.05,0.27,-0.03,0.46,-1.75,-0.07,0.2,-1.97,-0.04,0.14,-4.36, , , , , ,743.34,743.32,2400.0,100.0, , , , , ,, , , 
09:48:22,-0.22,0.23,-0.13,0.32,-1.68,-0.41,0.15,-1.91,-0.12,0.2,-4.29, , , , , ,743.34,743.2,1600.0,600.0, , , , , ,, , , 
09:48:25,-0.24,0.12,-0.15,0.26,-1.63,-0.41,0.13,-1.88,-0.16,-0.04,-4.27, , , , , ,743.3,743.2,500.0,700.0, , , , , ,, , , 
09:48:28,-0.28,0.06,-0.28,0.17,-1.61,-0.44,0.03,-1.9,-0.11,-0.02,-4.27, , , , , ,743.3,743.2,500.0,400.0, , , , , ,, , , 
09:48:31,-0.31,0.06,-0.31,0.11,-1.64,-0.5,0.08,-1.94,-0.1,-0.01,-4.28, , , , , ,743.32,743.2,300.0,100.0, , , , , ,, , , 
09:48:34,-0.39,0.06,-0.34,0.14,-1.52,-0.67,-0.01,-1.81,-0.15,0.06,-4.15, , , , , ,743.2,743.13,800.0,200.0, , , , , ,, , , 
09:48:37,-0.41,0.03,-0.39,0.12,-1.55,-0.64,0.11,-1.84,-0.22,-0.15,-4.15, , , , , ,743.2,743.13,800.0,200.0, , , , , ,, , , 
09:48:40,-0.18,0.12,-0.31,0.21,-1.58,-0.31,0.31,-1.89,0.07,-0.17,-4.15, , , , , ,743.2,743.13,700.0,200.0, , , , , ,, , , 
09:48:43,-0.17,0.12,-0.35,0.17,-1.58,-0.27,0.24,-1.94,0.12,-0.06,-4.18, , , , , ,743.2,743.13,1500.0,300.0, , , , , ,, , , 
09:48:46,-0.38,0.02,-0.48,0.09,-1.59,-0.56,0.09,-1.98,-0.12,-0.12,-4.2, , , , , ,743.2,743.13,2300.0,300.0, , , , , ,, , , 
09:48:49,-0.63,-0.24,-0.55,-0.04,-1.6,-0.77,-0.16,-2.02,-0.56,-0.52,-4.22,-1200.0,743.18,0.0,-0.0,1200.0,743.2,743.13,2300.0,300.0, , , ,2018-05-16 09:48:49.653000,2018-05-16 09:48:49.653000,, , ,CANCELED
09:48:52,-0.59,-0.23,-0.61,-0.07,-1.57,-0.74,-0.07,-1.98,-0.42,-0.53,-4.23, , , , , ,743.18,743.09,1200.0,300.0, , , , , ,, , , 
09:48:55,-0.75,-0.38,-0.77,-0.14,-1.5,-0.89,-0.28,-1.92,-0.59,-0.73,-4.2,-1200.0,743.08,0.0,-0.0,1200.0,743.1,743.07,3000.0,100.0, , , ,2018-05-16 09:48:55.727000,2018-05-16 09:48:55.727000,, , ,CANCELED
09:48:58,-1.1,-0.66,-1.09,-0.61,-1.39,-1.33,-0.59,-1.79,-0.88,-0.77,-4.09,-1200.0,742.98,742.98,-100.0,1100.0,743.0,742.97,3010.0,700.0, , , ,2018-05-16 09:48:59.411000,2018-05-16 09:48:59.411000,, , ,CANCELED
09:49:01,-1.46,-0.89,-1.46,-0.88,-1.4,-1.68,-0.71,-1.79,-1.25,-1.09,-4.12,-1100.0,742.97,0.0,-0.0,1100.0,742.98,742.97,1100.0,1300.0, , , ,2018-05-16 09:49:02.418000,2018-05-16 09:49:02.418000,, , ,CANCELED
09:49:04,-1.5,-0.95,-1.44,-0.91,-1.43,-1.8,-0.76,-1.79,-1.26,-1.19,-4.11,-1100.0,742.96,0.0,-0.0,1100.0,742.97,742.96,1900.0,100.0, , , ,2018-05-16 09:49:05.434000,2018-05-16 09:49:05.434000,, , ,CANCELED
09:49:07,-1.65,-0.87,-1.69,-0.71,-0.84,-1.78,-0.79,-1.18,-1.47,-1.1,-3.52,-1100.0,742.05,742.05,-200.0,900.0,742.96,742.05,1200.0,100.0, , , ,2018-05-16 09:49:08.495000,2018-05-16 09:49:08.495000,, , ,CANCELED
09:49:10,-1.51,-0.73,-1.54,-0.59,-0.23,-1.79,-0.64,-0.51,-1.21,-0.98,-2.89,-900.0,742.0,742.047,-900.0,0.0,742.05,742.0,900.0,200.0,-2280.32,-2.56, ,2018-05-16 09:49:11.470000,2018-05-16 09:49:11.470000,, , ,FILLED
09:49:13,-1.38,-0.28,-1.37,-0.03,-0.23,-1.8,0.01,-0.46,-0.96,-0.84,-3.03, , , , , ,742.05,742.0,200.0,2400.0, , , , , ,, , , 
09:49:16,-0.99,-0.04,-0.95,0.13,-0.22,-1.26,0.16,-0.54,-0.75,-0.4,-3.17, , , , , ,742.05,742.0,400.0,2900.0, , , , , ,, , , 
09:49:19,-1.05,-0.03,-1.2,0.15,-0.21,-1.19,0.1,-0.62,-0.76,-0.32,-3.3, , , , , ,742.05,742.0,400.0,2900.0, , , , , ,, , , 
09:49:22,-1.07,-0.02,-1.26,0.08,-0.23,-1.16,0.16,-0.72,-0.78,-0.31,-3.44, , , , , ,742.05,742.0,700.0,2900.0, , , , , ,, , , 
09:49:25,-1.03,-0.16,-1.13,-0.14,-0.23,-1.2,-0.05,-0.91,-0.75,-0.29,-3.38, , , , , ,742.05,742.0,400.0,2500.0, , , , , ,, , , 
09:49:28,-0.92,-0.12,-0.92,0.02,-0.33,-1.06,-0.02,-1.04,-0.78,-0.35,-3.52, , , , , ,742.11,742.05,100.0,500.0, , , , , ,, , , 
09:49:31,-0.92,-0.05,-0.92,-0.0,-0.35,-1.01,0.01,-1.12,-0.82,-0.15,-3.58, , , , , ,742.11,742.05,100.0,200.0, , , , , ,, , , 
09:49:34,-1.16,-0.3,-1.12,-0.3,-0.23,-1.34,-0.15,-1.08,-1.01,-0.44,-3.5, , , , , ,742.0,741.98,8300.0,221.0, , , , , ,, , , 
09:49:37,-1.34,-0.47,-1.22,-0.39,-0.26,-1.58,-0.43,-1.1,-1.21,-0.6,-3.62, , , , , ,742.0,741.98,8500.0,221.0, , , , , ,, , , 
09:49:40,-1.24,-0.57,-1.12,-0.48,-0.31,-1.44,-0.48,-1.11,-1.15,-0.74,-3.62, , , , , ,742.0,741.98,7400.0,421.0, , , , , ,, , , 
09:49:43,-1.06,-0.38,-0.86,-0.18,-0.35,-1.19,-0.23,-1.11,-1.14,-0.73,-3.58, , , , , ,742.0,741.98,6800.0,401.0, , , , , ,, , , 
09:49:46,-1.01,-0.32,-0.81,-0.2,-0.38,-1.19,-0.17,-1.18,-1.04,-0.59,-3.5, , , , , ,741.98,741.97,399.0,100.0, , , , , ,, , , 
09:49:49,-1.01,-0.37,-0.87,-0.24,-0.41,-1.12,-0.34,-1.26,-1.04,-0.53,-3.44, , , , , ,741.98,741.96,399.0,500.0, , , , , ,, , , 
09:49:52,-1.02,-0.4,-0.84,-0.21,-0.4,-1.12,-0.37,-1.34,-1.1,-0.62,-3.37, , , , , ,741.97,741.96,200.0,500.0, , , , , ,, , , 
09:49:55,-0.99,-0.42,-0.82,-0.22,-0.41,-1.01,-0.27,-1.44,-1.15,-0.77,-3.35, , , , , ,741.97,741.96,100.0,200.0, , , , , ,, , , 
09:49:58,-1.0,-0.43,-0.83,-0.14,-0.42,-1.05,-0.27,-1.45,-1.13,-0.86,-3.33, , , , , ,741.97,741.96,100.0,200.0, , , , , ,, , , 
09:50:01,-1.0,-0.43,-0.8,-0.14,-0.39,-0.96,-0.35,-1.4,-1.25,-0.8,-3.27, , , , , ,741.96,741.9,500.0,100.0, , , , , ,, , , 
09:50:04,-1.03,-0.48,-0.81,-0.21,-0.33,-1.05,-0.4,-1.33,-1.23,-0.83,-3.21, , , , , ,741.96,741.8,1800.0,200.0, , , , , ,, , , 
09:50:07,-1.08,-0.55,-0.86,-0.19,-0.3,-1.14,-0.56,-1.38,-1.24,-0.9,-3.29, , , , , ,741.91,741.8,100.0,200.0, , , , , ,, , , 
09:50:10,-1.06,-0.6,-0.78,-0.3,-0.29,-1.12,-0.57,-1.46,-1.28,-0.91,-3.37, , , , , ,741.91,741.8,100.0,400.0, , , , , ,, , , 
09:50:13,-1.08,-0.54,-0.8,-0.23,-0.23,-1.15,-0.56,-1.54,-1.29,-0.83,-3.35, , , , , ,741.9,741.8,100.0,400.0, , , , , ,, , , 
09:50:16,-1.12,-0.57,-0.88,-0.32,-0.33,-1.24,-0.53,-1.73,-1.25,-0.87,-3.38, , , , , ,741.96,741.78,2400.0,200.0, , , , , ,, , , 
09:50:19,-0.93,-0.39,-0.77,-0.21,-0.42,-0.96,-0.19,-1.81,-1.07,-0.78,-3.23, , , , , ,741.96,741.78,2300.0,400.0, , , , , ,, , , 
09:50:22,-0.7,-0.21,-0.56,-0.12,-0.52,-0.82,-0.11,-1.9,-0.72,-0.4,-3.09, , , , , ,741.96,741.78,2200.0,400.0, , , , , ,, , , 
09:50:25,-0.66,-0.21,-0.53,-0.09,-0.59,-0.78,-0.17,-1.89,-0.67,-0.36,-2.93, , , , , ,741.8,741.78,200.0,300.0, , , , , ,, , , 
09:50:28,-0.56,0.01,-0.36,0.14,-0.76,-0.62,0.11,-2.02,-0.71,-0.23,-2.99, , , , , ,741.96,741.78,500.0,100.0, , , , , ,, , , 
09:50:31,-0.34,0.13,-0.23,0.2,-0.77,-0.39,0.21,-1.98,-0.4,-0.03,-2.89, , , , , ,741.85,741.78,100.0,400.0, , , , , ,, , , 
09:50:34,-0.2,0.25,-0.19,0.3,-0.82,-0.25,0.4,-1.98,-0.15,0.06,-2.85, , , , , ,741.8,741.79,100.0,100.0, , , , , ,, , , 
09:50:37,-0.32,0.2,-0.25,0.26,-0.83,-0.27,0.28,-2.02,-0.44,0.06,-2.83, , , , , ,741.8,741.78,100.0,400.0, , , , , ,, , , 
09:50:40,-0.46,0.17,-0.36,0.27,-0.85,-0.34,0.3,-2.04,-0.68,-0.06,-2.82, , , , , ,741.8,741.78,100.0,400.0, , , , , ,, , , 
09:50:43,-0.39,0.07,-0.3,0.19,-0.68,-0.3,0.14,-1.84,-0.57,-0.13,-2.6, , , , , ,741.78,741.55,500.0,100.0, , , , , ,, , , 
09:50:46,-0.33,0.1,-0.24,0.17,-0.76,-0.29,0.15,-1.8,-0.46,-0.02,-2.56, , , , , ,741.78,741.55,400.0,100.0, , , , , ,, , , 
09:50:49,-0.24,0.17,-0.21,0.24,-0.85,-0.14,0.2,-1.73,-0.36,0.07,-2.53, , , , , ,741.78,741.55,400.0,200.0, , , , , ,, , , 
09:50:52,-0.21,0.28,-0.24,0.27,-0.95,-0.13,0.38,-1.68,-0.26,0.2,-2.48, , , , , ,741.78,741.56,100.0,100.0, , , , , ,, , , 
09:50:55,-0.06,0.38,-0.08,0.37,-1.04,-0.06,0.46,-1.74,-0.04,0.29,-2.46, , , , , ,741.78,741.56,100.0,300.0, , , , , ,, , , 
09:50:58,-0.12,0.34,-0.12,0.22,-1.02,-0.18,0.45,-1.78,-0.06,0.36,-2.39, , , , , ,741.74,741.56,100.0,200.0, , , , , ,, , , 
09:51:01,-0.29,0.17,-0.24,0.14,-0.98,-0.29,0.24,-1.82,-0.33,0.12,-2.32, , , , , ,741.74,741.5,200.0,200.0, , , , , ,, , , 
09:51:04,-0.18,0.25,-0.22,0.23,-1.0,-0.14,0.4,-1.93,-0.17,0.13,-2.33, , , , , ,741.78,741.5,100.0,300.0, , , , , ,, , , 
09:51:07,-0.08,0.31,-0.15,0.25,-1.08,-0.08,0.46,-1.94,0.0,0.21,-2.31, , , , , ,741.78,741.5,100.0,300.0, , , , , ,, , , 
09:51:10,-0.23,0.21,-0.21,0.18,-1.17,-0.28,0.29,-1.96,-0.2,0.16,-2.3, , , , , ,741.78,741.5,400.0,300.0, , , , , ,, , , 
09:51:13,-0.1,0.31,-0.16,0.27,-1.28,-0.1,0.43,-2.03,-0.06,0.23,-2.33, , , , , ,741.78,741.55,400.0,200.0, , , , , ,, , , 
09:51:16,-0.05,0.32,-0.2,0.28,-1.62,-0.04,0.43,-2.25,0.09,0.24,-2.5, , , , , ,741.8,741.78,100.0,200.0, , , , , ,, , , 
09:51:19,-0.12,0.23,-0.16,0.19,-1.16,-0.19,0.22,-1.75,-0.03,0.27,-1.96, , , , , ,741.45,741.33,4800.0,300.0, , , , , ,, , , 
09:51:22,-0.48,0.0,-0.44,-0.14,-1.25,-0.55,-0.02,-1.76,-0.44,0.17,-1.96, , , , , ,741.45,741.33,5300.0,100.0, , , , , ,, , , 
09:51:25,-0.47,-0.06,-0.36,-0.15,-1.34,-0.58,-0.04,-1.77,-0.47,0.0,-1.93, , , , , ,741.45,741.32,5200.0,600.0, , , , , ,, , , 
09:51:28,-0.39,-0.03,-0.48,-0.02,-1.15,-0.51,-0.01,-1.54,-0.18,-0.04,-1.71, , , , , ,741.45,741.0,4600.0,4300.0, , , , , ,, , , 
09:51:31,-0.38,-0.02,-0.48,-0.04,-1.18,-0.39,0.02,-1.54,-0.27,-0.04,-1.69, , , , , ,741.45,741.0,4200.0,4500.0, , , , , ,, , , 
09:51:34,-0.49,-0.1,-0.57,-0.23,-1.12,-0.55,-0.0,-1.46,-0.34,-0.07,-1.58, , , , , ,741.32,741.0,100.0,4400.0, , , , , ,, , , 
09:51:37,-0.64,-0.3,-0.62,-0.33,-1.17,-0.78,-0.24,-1.46,-0.53,-0.34,-1.58, , , , , ,741.32,741.0,100.0,4000.0, , , , , ,, , , 
09:51:40,-0.75,-0.42,-0.71,-0.4,-1.19,-0.98,-0.34,-1.46,-0.57,-0.53,-1.56, , , , , ,741.32,741.0,100.0,3700.0, , , , , ,, , , 
09:51:43,-0.65,-0.31,-0.69,-0.22,-1.17,-0.76,-0.24,-1.49,-0.51,-0.46,-1.56, , , , , ,741.32,741.01,100.0,200.0, , , , , ,, , , 
09:51:46,-0.67,-0.2,-0.68,-0.17,-1.14,-0.93,-0.1,-1.52,-0.42,-0.32,-1.56, , , , , ,741.33,741.01,400.0,100.0, , , , , ,, , , 
09:51:49,-0.68,-0.35,-0.72,-0.33,-0.71,-0.85,-0.32,-1.18,-0.46,-0.39,-1.2, , , , , ,741.0,740.8,700.0,100.0, , , , , ,, , , 
09:51:52,-0.58,-0.07,-0.47,0.01,-0.65,-0.81,-0.08,-1.23,-0.48,-0.14,-1.21, , , , , ,741.0,740.8,3000.0,1400.0, , , , , ,, , , 
09:51:55,-0.67,-0.18,-0.66,-0.01,-0.71,-0.78,-0.23,-1.26,-0.56,-0.31,-1.21, , , , , ,741.0,740.8,3200.0,1400.0, , , , , ,, , , 
09:51:58,-0.62,-0.13,-0.65,0.07,-0.75,-0.72,-0.21,-1.27,-0.49,-0.24,-1.17, , , , , ,740.97,740.8,300.0,1400.0, , , , , ,, , , 
09:52:01,-0.63,-0.03,-0.74,0.09,-0.83,-0.82,-0.05,-1.3,-0.34,-0.14,-1.18, , , , , ,740.97,740.8,100.0,500.0, , , , , ,, , , 
09:52:04,-0.66,-0.07,-0.79,-0.08,-0.93,-0.83,-0.07,-1.33,-0.35,-0.07,-1.2, , , , , ,741.0,740.8,1200.0,500.0, , , , , ,, , , 
09:52:07,-0.53,0.01,-0.65,0.02,-0.94,-0.7,-0.02,-1.35,-0.24,0.02,-1.22, , , , , ,741.0,740.8,1400.0,300.0, , , , , ,, , , 
09:52:10,-0.45,0.07,-0.55,0.02,-0.63,-0.72,0.1,-1.04,-0.08,0.11,-0.91, , , , , ,740.8,740.5,2000.0,347.0, , , , , ,, , , 
09:52:13,-0.31,0.2,-0.5,0.13,-0.67,-0.51,0.31,-1.18,0.08,0.17,-0.91, , , , , ,740.8,740.5,200.0,447.0, , , , , ,, , , 
09:52:16,-0.3,0.2,-0.45,0.07,-0.71,-0.36,0.26,-1.31,-0.08,0.28,-0.91, , , , , ,740.8,740.5,800.0,400.0, , , , , ,, , , 
09:52:19,-0.32,0.16,-0.52,0.06,-0.42,-0.35,0.14,-1.12,-0.1,0.27,-0.58, , , , , ,740.46,740.35,1600.0,100.0, , , , , ,, , , 
09:52:22,-0.18,0.3,-0.38,0.18,-0.43,-0.24,0.29,-1.26,0.09,0.43,-0.57, , , , , ,740.46,740.35,1100.0,300.0, , , , , ,, , , 
09:52:25,-0.25,0.22,-0.51,0.09,-0.41,-0.23,0.2,-1.18,-0.02,0.36,-0.55, , , , , ,740.46,740.3,1100.0,500.0, , , , , ,, , , 
09:52:28,-0.28,0.17,-0.49,0.04,-0.41,-0.26,0.22,-1.25,-0.08,0.26,-0.56, , , , , ,740.46,740.3,1100.0,1000.0, , , , , ,, , , 
09:52:31,-0.22,0.28,-0.53,0.12,-0.33,-0.12,0.42,-1.22,-0.02,0.3,-0.49, , , , , ,740.35,740.3,600.0,500.0, , , , , ,, , , 
09:52:34,-0.22,0.33,-0.53,0.1,-0.32,-0.19,0.4,-1.25,0.07,0.48,-0.48, , , , , ,740.33,740.3,100.0,600.0, , , , , ,, , , 
09:52:37,-0.14,0.43,-0.46,0.2,-0.27,-0.1,0.57,-1.31,0.14,0.52,-0.44, , , , , ,740.33,740.22,300.0,300.0, , , , , ,, , , 
09:52:40,-0.12,0.37,-0.37,0.15,-0.24,-0.15,0.51,-1.29,0.17,0.46,-0.4, , , , , ,740.3,740.22,600.0,500.0, , , , , ,, , , 
09:52:43,-0.04,0.41,-0.35,0.19,-0.26,-0.05,0.53,-1.24,0.26,0.5,-0.37, , , , , ,740.3,740.21,400.0,400.0, , , , , ,, , , 
09:52:46,0.04,0.63,-0.2,0.39,-0.48,-0.03,0.74,-1.39,0.36,0.76,-0.54, , , , , ,740.43,740.37,100.0,600.0, , , , , ,, , , 
09:52:49,0.18,0.78,0.02,0.62,-0.51,0.09,0.9,-1.33,0.44,0.81,-0.52, , , , , ,740.43,740.37,100.0,1500.0, , , , , ,, , , 
09:52:52,0.21,0.8,-0.01,0.65,-0.61,0.17,0.91,-1.32,0.46,0.85,-0.58, , , , , ,740.46,740.43,1100.0,100.0, , , , , ,, , , 
09:52:55,0.22,0.88,0.18,0.72,-0.65,0.06,0.94,-1.3,0.42,0.97,-0.57, , , , , ,740.46,740.43,1000.0,100.0, , , , , ,, , , 
09:52:58,0.08,0.77,0.08,0.55,-0.36,-0.03,0.85,-0.97,0.19,0.9,-0.27, , , , , ,740.22,740.21,100.0,200.0, , , , , ,, , , 
09:53:01,0.16,0.73,0.13,0.5,-0.4,0.17,0.81,-0.96,0.17,0.88,-0.26, , , , , ,740.22,740.21,200.0,500.0, , , , , ,, , , 
09:53:04,0.23,0.71,0.09,0.58,-0.4,0.25,0.83,-0.95,0.34,0.73,-0.24, , , , , ,740.21,740.2,100.0,100.0, , , , , ,, , , 
09:53:07,0.2,0.76,0.08,0.63,-0.42,0.26,0.9,-1.06,0.26,0.73,-0.24, , , , , ,740.21,740.2,300.0,300.0, , , , , ,, , , 
09:53:10,0.11,0.65,-0.03,0.46,-0.45,0.12,0.75,-1.15,0.23,0.76,-0.24, , , , , ,740.21,740.2,400.0,700.0, , , , , ,, , , 
09:53:13,0.03,0.61,-0.08,0.42,-0.46,-0.02,0.73,-1.02,0.17,0.68,-0.12, , , , , ,740.21,740.02,300.0,2600.0, , , , , ,, , , 
09:53:16,-0.06,0.38,-0.18,0.21,-0.58,-0.04,0.43,-1.01,0.03,0.49,-0.11, , , , , ,740.2,740.02,1300.0,2600.0, , , , , ,, , , 
09:53:19,-0.27,0.15,-0.35,0.09,-0.66,-0.22,0.07,-0.8,-0.25,0.29,-0.05, , , , , ,740.1,740.02,2100.0,400.0, , , , , ,, , , 
09:53:22,-0.21,0.13,-0.33,-0.02,-0.82,-0.21,0.15,-0.68,-0.1,0.25,-0.08, , , , , ,740.1,740.06,2000.0,100.0, , , , , ,, , , 
09:53:25,-0.17,0.2,-0.36,0.08,-0.77,-0.19,0.22,-0.62,0.03,0.31,-0.07, , , , , ,740.1,740.06,2100.0,200.0, , , , , ,, , , 
09:53:28,-0.13,0.21,-0.31,0.1,-0.83,-0.16,0.3,-0.57,0.09,0.23,-0.06, , , , , ,740.1,740.06,2000.0,100.0, , , , , ,, , , 
09:53:31,-0.15,0.35,-0.31,0.23,-0.89,-0.19,0.51,-0.55,0.06,0.32,-0.05, , , , , ,740.1,740.06,1900.0,100.0, , , , , ,, , , 
09:53:34,-0.04,0.38,-0.24,0.31,-0.94,-0.1,0.5,-0.54,0.23,0.34,-0.01, , , , , ,740.1,740.06,1900.0,500.0, , , , , ,, , , 
09:53:37,-0.05,0.45,-0.19,0.26,-1.06,-0.16,0.58,-0.53,0.2,0.49,0.02, , , , , ,740.1,740.06,1400.0,200.0, , , , , ,, , , 
09:53:40,0.0,0.41,-0.12,0.31,-1.05,-0.06,0.51,-0.51,0.18,0.42,0.05, , , , , ,740.09,740.06,100.0,400.0, , , , , ,, , , 
09:53:43,-0.04,0.38,-0.1,0.29,-1.0,-0.02,0.45,-0.46,-0.01,0.4,0.14, , , , , ,740.09,740.06,100.0,100.0, , , , , ,, , , 
09:53:46,-0.11,0.28,-0.18,0.22,-0.85,-0.12,0.28,-0.34,-0.03,0.35,0.29, , , , , ,740.02,740.0,300.0,14300.0, , , , , ,, , , 
09:53:49,-0.11,0.27,-0.18,0.21,-0.81,-0.19,0.35,-0.3,0.04,0.26,0.68, , , , , ,740.02,740.01,200.0,100.0, , , , , ,, , , 
09:53:52,-0.37,-0.01,-0.45,-0.03,-0.74,-0.45,-0.04,-0.24,-0.2,0.04,1.02, , , , , ,740.02,740.0,200.0,9000.0, , , , , ,, , , 
09:53:55,-0.9,-0.52,-0.93,-0.76,-0.6,-1.0,-0.56,-0.1,-0.78,-0.24,1.25, , , , , ,739.94,739.91,1900.0,100.0, , , , , ,, , , 
09:53:58,-0.8,-0.44,-0.75,-0.64,-0.58,-1.0,-0.44,-0.06,-0.65,-0.23,1.38, , , , , ,739.93,739.91,700.0,2200.0, , , , , ,, , , 
09:54:01,-0.88,-0.54,-1.0,-0.58,-0.56,-0.87,-0.74,-0.03,-0.78,-0.31,1.17, , , , , ,739.93,739.91,1200.0,900.0, , , , , ,, , , 
09:54:04,-0.86,-0.62,-1.05,-0.72,-0.54,-0.89,-0.77,0.01,-0.64,-0.37,1.03, , , , , ,739.91,739.9,1100.0,400.0, , , , , ,, , , 
09:54:07,-0.97,-0.59,-1.1,-0.7,-0.66,-0.98,-0.74,0.02,-0.83,-0.32,0.85, , , , , ,739.91,739.9,1100.0,300.0, , , , , ,, , , 
09:54:10,-0.91,-0.52,-0.93,-0.5,-0.67,-1.0,-0.63,0.12,-0.82,-0.42,0.74, , , , , ,739.9,739.8,200.0,200.0, , , , , ,, , , 
09:54:13,-0.85,-0.44,-0.96,-0.55,-0.67,-0.83,-0.44,0.12,-0.77,-0.32,0.56, , , , , ,739.9,739.8,300.0,100.0, , , , , ,, , , 
09:54:16,-0.81,-0.45,-0.91,-0.54,-0.18,-0.84,-0.45,0.59,-0.69,-0.37,0.8, , , , , ,739.9,739.1,300.0,300.0, , , , , ,, , , 
09:54:19,-0.85,-0.48,-0.97,-0.6,-0.04,-0.77,-0.46,0.59,-0.82,-0.38,0.73, , , , , ,739.9,739.1,300.0,300.0, , , , , ,, , , 
09:54:22,-0.78,-0.33,-0.89,-0.51,0.17,-0.72,-0.26,0.67,-0.73,-0.21,0.72, , , , , ,739.8,739.1,2100.0,100.0, , , , , ,, , , 
09:54:25,-0.66,-0.21,-0.79,-0.39,0.23,-0.64,-0.16,0.68,-0.53,-0.09,0.66, , , , , ,739.8,739.09,2400.0,2200.0, , , , , ,, , , 
09:54:28,-0.66,-0.02,-0.87,-0.17,0.0,-0.75,0.11,0.43,-0.35,0.0,0.32, , , , , ,739.8,739.5,2400.0,100.0, , , , , ,, , , 
09:54:31,-0.48,0.12,-0.68,-0.03,0.5,-0.55,0.19,0.91,-0.21,0.19,0.54, , , , , ,739.5,739.1,100.0,2100.0, , , , , ,, , , 
09:54:34,-0.37,0.23,-0.55,0.03,0.51,-0.49,0.35,0.93,-0.07,0.31,0.27, , , , , ,739.5,739.1,100.0,2000.0, , , , , ,, , , 
09:54:37,-0.21,0.29,-0.47,0.1,0.53,-0.24,0.44,0.94,0.07,0.32,0.04, , , , , ,739.5,739.1,400.0,1300.0, , , , , ,, , , 
09:54:40,-0.27,0.26,-0.48,0.08,0.54,-0.37,0.42,0.94,0.05,0.27,-0.18, , , , , ,739.5,739.1,300.0,900.0, , , , , ,, , , 
09:54:43,-0.16,0.38,-0.37,0.17,0.59,-0.23,0.5,0.96,0.12,0.46,-0.21, , , , , ,739.5,739.1,200.0,2600.0, , , , , ,, , , 
09:54:46,-0.08,0.51,-0.39,0.3,0.42,-0.07,0.59,0.76,0.21,0.64,-0.43, , , , , ,739.8,739.1,1700.0,2900.0, , , , , ,, , , 
09:54:49,0.02,0.54,-0.16,0.23,0.46,0.03,0.66,0.76,0.18,0.72,-0.48, , , , , ,739.8,739.1,2200.0,3500.0, , , , , ,, , , 
09:54:52,0.12,0.66,-0.04,0.45,0.51,0.13,0.84,0.74,0.26,0.7,-0.51, , , , , ,739.8,739.11,2200.0,100.0, , , , , ,, , , 
09:54:55,0.26,0.84,0.15,0.6,0.48,0.31,0.94,0.68,0.33,0.97,-0.55, , , , , ,739.8,739.2,1700.0,100.0, , , , , ,, , , 
09:54:58,0.32,0.93,0.18,0.7,0.49,0.43,0.97,0.69,0.36,1.11,-0.55, , , , , ,739.8,739.22,1700.0,100.0, , , , , ,, , , 
09:55:01,0.42,0.88,0.29,0.69,0.54,0.61,1.04,0.7,0.35,0.92,-0.51, , , , , ,739.8,739.2,900.0,1200.0, , , , , ,, , , 
09:55:04,0.31,0.88,0.18,0.69,0.56,0.42,1.07,0.69,0.33,0.87,-0.55, , , , , ,739.8,739.2,700.0,1000.0, , , , , ,, , , 
09:55:07,0.12,0.75,0.07,0.59,0.58,0.16,0.9,0.68,0.14,0.78,-0.6, , , , , ,739.8,739.2,700.0,300.0, , , , , ,, , , 
09:55:10,0.09,0.68,-0.01,0.57,1.02,0.16,0.84,1.08,0.13,0.64,-0.24, , , , , ,739.2,739.16,400.0,200.0, , , , , ,, , , 
09:55:13,0.15,0.71,0.08,0.62,0.93,0.22,0.88,0.98,0.16,0.62,-0.42, , , , , ,739.28,739.22,100.0,300.0, , , , , ,, , , 
09:55:16,0.04,0.66,-0.04,0.58,0.57,0.05,0.8,0.63,0.1,0.6,-0.81, , , , , ,739.8,739.22,200.0,200.0, , , , , ,, , , 
09:55:19,0.01,0.66,-0.03,0.62,0.57,-0.03,0.76,0.63,0.08,0.59,-0.84, , , , , ,739.8,739.22,100.0,500.0, , , , , ,, , , 
09:55:22,0.08,0.83,-0.01,0.72,0.43,0.12,0.99,0.49,0.13,0.79,-0.99, , , , , ,740.0,739.23,3300.0,100.0, , , , , ,, , , 
09:55:25,0.04,0.92,0.05,0.82,0.38,-0.01,1.04,0.41,0.07,0.91,-1.07, , , , , ,739.8,739.54,1000.0,100.0, , , , , ,, , , 
09:55:28,-0.01,0.85,-0.06,0.74,0.4,-0.0,0.93,0.4,0.04,0.9,-1.06, , , , , ,739.8,739.54,1000.0,1700.0, , , , , ,, , , 
09:55:31,-0.02,0.82,-0.01,0.68,0.41,-0.07,0.87,0.4,0.01,0.92,-1.08, , , , , ,739.8,739.54,700.0,2000.0, , , , , ,, , , 
09:55:34,-0.04,0.77,-0.07,0.6,0.43,0.03,0.85,0.39,-0.08,0.84,-1.12, , , , , ,739.8,739.54,600.0,1600.0, , , , , ,, , , 
09:55:37,-0.09,0.65,-0.01,0.55,0.4,-0.12,0.69,0.35,-0.14,0.71,-1.18, , , , , ,739.8,739.59,300.0,200.0, , , , , ,, , , 
09:55:40,-0.1,0.61,-0.01,0.53,0.39,-0.08,0.7,0.35,-0.2,0.59,-1.2, , , , , ,739.83,739.59,100.0,300.0, , , , , ,, , , 
09:55:43,-0.03,0.65,0.0,0.63,0.4,-0.03,0.78,0.36,-0.07,0.55,-1.21, , , , , ,739.83,739.6,100.0,100.0, , , , , ,, , , 
09:55:46,-0.03,0.66,0.0,0.67,0.27,0.01,0.81,0.24,-0.12,0.51,-1.34, , , , , ,739.83,739.8,400.0,100.0, , , , , ,, , , 
09:55:49,-0.06,0.63,0.03,0.65,0.27,-0.03,0.76,0.27,-0.18,0.47,-1.35, , , , , ,739.83,739.8,400.0,1300.0, , , , , ,, , , 
09:55:52,-0.04,0.64,0.01,0.72,0.26,0.01,0.77,0.27,-0.15,0.44,-1.36, , , , , ,739.83,739.8,200.0,2500.0, , , , , ,, , , 
09:55:55,0.0,0.66,-0.02,0.72,0.17,0.09,0.78,0.18,-0.06,0.49,-1.44, , , , , ,739.89,739.87,100.0,300.0, , , , , ,, , , 
09:55:58,-0.03,0.62,-0.04,0.75,0.17,0.02,0.68,0.17,-0.06,0.43,-1.44, , , , , ,739.99,739.8,500.0,2100.0, , , , , ,, , , 
09:56:01,-0.03,0.61,0.04,0.75,0.14,0.07,0.69,0.15,-0.21,0.39,-1.46, , , , , ,739.99,739.83,600.0,200.0, , , , , ,, , , 
09:56:04,0.07,0.63,0.1,0.76,0.14,0.14,0.73,0.15,-0.02,0.41,-1.43, , , , , ,739.99,739.83,600.0,200.0, , , , , ,, , , 
09:56:07,0.04,0.6,0.08,0.7,0.08,0.1,0.7,0.12,-0.06,0.39,-1.44, , , , , ,739.99,739.89,900.0,100.0, , , , , ,, , , 
09:56:10,0.03,0.58,0.05,0.66,0.05,0.12,0.66,0.12,-0.06,0.42,-1.41, , , , , ,739.99,739.89,800.0,100.0, , , , , ,, , , 
09:56:13,0.1,0.56,0.23,0.66,0.05,0.13,0.68,0.12,-0.07,0.35,-1.4, , , , , ,739.99,739.89,1000.0,300.0, , , , , ,, , , 
09:56:16,-0.02,0.48,0.14,0.57,0.07,0.03,0.55,0.14,-0.22,0.3,-1.4, , , , , ,739.97,739.89,100.0,300.0, , , , , ,, , , 
09:56:19,-0.06,0.46,0.09,0.55,0.05,0.02,0.57,0.12,-0.28,0.25,-1.35, , , , , ,739.99,739.89,900.0,1700.0, , , , , ,, , , 
09:56:22,-0.1,0.4,-0.01,0.5,0.06,0.01,0.5,0.12,-0.29,0.21,-1.3, , , , , ,739.99,739.89,500.0,400.0, , , , , ,, , , 
09:56:25,-0.11,0.38,-0.02,0.51,0.04,0.02,0.46,0.1,-0.32,0.15,-1.23, , , , , ,739.99,739.9,300.0,200.0, , , , , ,, , , 
09:56:28,-0.05,0.45,0.05,0.63,-0.02,-0.01,0.5,0.07,-0.18,0.21,-1.03, , , , , ,739.99,739.97,500.0,100.0, , , , , ,, , , 
09:56:31,0.02,0.47,0.1,0.59,-0.03,0.06,0.55,0.08,-0.08,0.27,-0.89, , , , , ,740.0,739.97,2500.0,100.0, , , , , ,, , , 
09:56:34,0.14,0.59,0.21,0.69,-0.03,0.18,0.7,0.12,0.04,0.38,-0.74, , , , , ,740.0,739.97,1800.0,600.0, , , , , ,, , , 
09:56:37,0.2,0.58,0.26,0.69,-0.06,0.21,0.68,0.14,0.13,0.37,-0.57, , , , , ,740.0,739.99,1700.0,500.0, , , , , ,, , , 
09:56:40,0.15,0.59,0.18,0.76,-0.04,0.16,0.66,0.15,0.1,0.37,-0.55, , , , , ,740.0,739.99,1600.0,700.0, , , , , ,, , , 
09:56:43,0.26,0.68,0.32,0.73,-0.04,0.27,0.84,0.21,0.21,0.47,-0.55, , , , , ,740.02,740.01,300.0,4100.0, , , , , ,, , , 
09:56:46,0.31,0.83,0.36,0.86,-0.06,0.34,0.93,0.26,0.22,0.71,-0.56, , , , , ,740.06,740.02,600.0,600.0, , , , , ,, , , 
09:56:49,-0.1,0.54,-0.06,0.56,0.03,-0.06,0.57,0.71,-0.18,0.49,-0.49, , , , , ,740.0,739.99,4900.0,900.0, , , , , ,, , , 
09:56:52,-0.07,0.4,0.11,0.56,0.03,-0.09,0.25,1.04,-0.23,0.38,-0.49, , , , , ,740.0,739.99,3100.0,2100.0, , , , , ,, , , 
09:56:55,0.18,0.7,0.18,0.73,0.03,0.23,0.85,1.16,0.14,0.52,-0.48, , , , , ,740.0,739.99,700.0,2100.0, , , , , ,, , , 
09:56:58,0.24,0.77,0.25,0.85,-0.01,0.33,0.81,1.24,0.16,0.64,-0.48, , , , , ,740.05,740.0,100.0,700.0, , , , , ,, , , 
09:57:01,0.16,0.69,0.16,0.66,-0.04,0.21,0.88,0.98,0.11,0.54,-0.48, , , , , ,740.06,740.05,600.0,500.0, , , , , ,, , , 
09:57:04,-0.02,0.46,0.08,0.5,0.06,-0.12,0.42,0.93,-0.03,0.46,-0.34, , , , , ,739.99,739.97,6000.0,100.0, , , , , ,, , , 
09:57:07,-0.22,0.31,-0.02,0.38,0.06,-0.23,0.35,0.76,-0.41,0.21,-0.31, , , , , ,739.99,739.97,5900.0,1600.0, , , , , ,, , , 
09:57:10,-0.12,0.3,-0.03,0.38,0.07,-0.0,0.3,0.57,-0.34,0.22,-0.31, , , , , ,739.99,739.97,4100.0,200.0, , , , , ,, , , 
09:57:13,-0.13,0.31,-0.05,0.4,0.1,-0.14,0.3,0.41,-0.19,0.24,-0.29, , , , , ,739.99,739.93,3500.0,1400.0, , , , , ,, , , 
09:57:16,-0.15,0.24,-0.02,0.36,0.07,-0.21,0.2,0.15,-0.23,0.16,-0.32, , , , , ,739.99,739.97,3700.0,300.0, , , , , ,, , , 
09:57:19,-0.14,0.29,-0.01,0.39,0.06,-0.24,0.4,0.08,-0.17,0.09,-0.32, , , , , ,739.99,739.97,1500.0,300.0, , , , , ,, , , 
09:57:22,-0.2,0.21,0.01,0.3,0.06,-0.26,0.24,0.0,-0.34,0.09,-0.41, , , , , ,739.99,739.97,1500.0,300.0, , , , , ,, , , 
09:57:25,-0.3,0.26,-0.17,0.34,0.06,-0.22,0.33,-0.07,-0.5,0.1,-0.47, , , , , ,739.99,739.97,1200.0,700.0, , , , , ,, , , 
09:57:28,-0.21,0.32,-0.17,0.46,0.1,-0.15,0.33,-0.1,-0.31,0.18,-0.49, , , , , ,739.99,739.93,700.0,1000.0, , , , , ,, , , 
09:57:31,-0.11,0.28,-0.07,0.35,0.13,-0.12,0.38,-0.34,-0.15,0.12,-0.55, , , , , ,739.97,739.93,300.0,1000.0, , , , , ,, , , 
09:57:34,-0.15,0.26,-0.01,0.31,0.15,-0.12,0.31,-0.61,-0.31,0.15,-0.55, , , , , ,739.99,739.93,800.0,800.0, , , , , ,, , , 
09:57:37,-0.2,0.25,-0.04,0.26,0.18,-0.18,0.37,-0.85,-0.39,0.13,-0.57, , , , , ,739.99,739.93,1000.0,300.0, , , , , ,, , , 
09:57:40,-0.19,0.18,-0.02,0.24,0.22,-0.25,0.2,-1.06,-0.29,0.12,-0.57, , , , , ,739.99,739.9,800.0,1200.0, , , , , ,, , , 
09:57:43,-0.09,0.25,-0.01,0.32,0.23,-0.1,0.36,-1.17,-0.15,0.07,-0.66, , , , , ,740.02,740.0,100.0,700.0, , , , , ,, , , 
09:57:46,0.0,0.39,0.01,0.51,0.29,0.01,0.49,-1.19,-0.0,0.18,-0.66, , , , , ,740.02,740.0,100.0,800.0, , , , , ,, , , 
09:57:49,0.04,0.4,-0.01,0.5,0.69,0.1,0.49,-1.23,0.04,0.22,-0.65, , , , , ,740.02,740.0,100.0,1200.0, , , , , ,, , , 
09:57:52,0.03,0.4,0.01,0.46,1.01,0.02,0.44,-1.27,0.05,0.31,-0.66, , , , , ,740.04,740.0,100.0,1100.0, , , , , ,, , , 
09:57:55,-0.1,0.24,-0.0,0.3,1.12,-0.12,0.26,-1.25,-0.18,0.17,-0.66, , , , , ,740.04,740.0,100.0,100.0, , , , , ,, , , 
09:57:58,-0.24,0.19,-0.05,0.26,1.25,-0.28,0.22,-1.24,-0.38,0.08,-0.65, , , , , ,740.04,740.0,200.0,100.0, , , , , ,, , , 
09:58:01,-0.29,0.18,-0.08,0.23,1.03,-0.27,0.25,-1.21,-0.5,0.07,-0.65, , , , , ,740.04,740.0,200.0,100.0, , , , , ,, , , 
09:58:04,-0.28,0.18,-0.07,0.24,0.86,-0.18,0.2,-1.27,-0.58,0.11,-0.66, , , , , ,740.06,740.0,1000.0,400.0, , , , , ,, , , 
09:58:07,-0.28,0.14,-0.05,0.18,0.69,-0.25,0.2,-1.32,-0.53,0.05,-0.66, , , , , ,740.06,740.0,1000.0,200.0, , , , , ,, , , 
09:58:10,-0.25,0.23,-0.03,0.27,0.5,-0.22,0.33,-1.4,-0.51,0.1,-0.67, , , , , ,740.06,740.0,800.0,500.0, , , , , ,, , , 
09:58:13,-0.21,0.25,-0.05,0.26,0.31,-0.14,0.34,-1.47,-0.44,0.15,-0.65, , , , , ,740.06,740.0,800.0,500.0, , , , , ,, , , 
09:58:16,-0.19,0.28,-0.05,0.34,0.08,-0.13,0.25,-1.52,-0.38,0.24,-0.64, , , , , ,740.06,740.0,800.0,1100.0, , , , , ,, , , 
09:58:19,-0.14,0.3,-0.02,0.3,0.02,-0.14,0.36,-1.54,-0.26,0.24,-0.62, , , , , ,740.05,740.0,300.0,200.0, , , , , ,, , , 
09:58:22,-0.18,0.24,-0.07,0.29,-0.05,-0.15,0.23,-1.54,-0.33,0.22,-0.59, , , , , ,740.05,739.99,200.0,1100.0, , , , , ,, , , 
09:58:25,-0.19,0.29,-0.05,0.28,-0.14,-0.17,0.31,-1.55,-0.34,0.28,-0.57, , , , , ,740.06,739.99,1100.0,1100.0, , , , , ,, , , 
09:58:28,-0.07,0.37,0.01,0.37,-0.19,-0.06,0.36,-1.54,-0.15,0.38,-0.57, , , , , ,740.07,739.99,500.0,1200.0, , , , , ,, , , 
09:58:31,0.04,0.46,0.07,0.46,-0.5,0.05,0.45,-1.61,0.0,0.45,-0.59, , , , , ,740.07,740.06,100.0,2000.0, , , , , ,, , , 
09:58:34,0.11,0.5,0.11,0.53,-0.76,0.11,0.47,-1.65,0.1,0.5,-0.42, , , , , ,740.07,740.06,100.0,3300.0, , , , , ,, , , 
09:58:37,0.14,0.59,0.14,0.56,-1.06,0.16,0.62,-1.75,0.12,0.6,-0.36, , , , , ,740.18,740.06,100.0,2700.0, , , , , ,, , , 
09:58:40,0.05,0.51,0.06,0.49,-1.31,0.1,0.46,-1.76,-0.01,0.58,-0.22, , , , , ,740.2,740.06,1000.0,2400.0, , , , , ,, , , 
09:58:43,0.1,0.62,0.14,0.58,-1.33,0.18,0.62,-1.78,-0.01,0.66,-0.08, , , , , ,740.2,740.07,100.0,100.0, , , , , ,, , , 
09:58:46,0.12,0.66,0.11,0.65,-1.6,0.27,0.65,-2.02,-0.01,0.66,-0.31, , , , , ,740.42,740.21,100.0,100.0, , , , , ,, , , 
09:58:49,0.15,0.66,0.13,0.62,-1.68,0.31,0.67,-2.05,0.02,0.67,-0.33, , , , , ,740.46,740.21,900.0,300.0, , , , , ,, , , 
09:58:52,-0.16,0.79,-0.33,0.89,-2.99,-0.17,0.69,-3.37,0.01,0.78,-1.62, , , , , ,741.43,741.17,100.0,500.0, , , , , ,, , , 
09:58:55,-0.14,0.91,-0.34,0.97,-2.73,0.0,0.95,-3.1,-0.08,0.82,-1.4, , , , , ,741.77,740.46,100.0,200.0, , , , , ,, , , 
09:58:58,-0.23,0.71,-0.1,0.83,-2.1,-0.31,0.71,-2.47,-0.27,0.59,-0.83, , , , , ,741.12,740.2,800.0,300.0, , , , , ,, , , 
09:59:01,-0.25,0.67,-0.04,0.84,-2.12,-0.16,0.77,-2.51,-0.55,0.4,-0.91, , , , , ,741.12,740.27,700.0,200.0, , , , , ,, , , 
09:59:04,-0.52,0.58,-0.36,0.77,-2.11,-0.46,0.57,-2.45,-0.75,0.41,-0.9, , , , , ,741.12,740.2,1000.0,200.0, , , , , ,, , , 
09:59:07,-0.37,0.5,-0.13,0.73,-2.17,-0.26,0.42,-2.41,-0.72,0.34,-0.88, , , , , ,741.12,740.2,500.0,200.0, , , , , ,, , , 
09:59:10,-0.06,0.62,0.12,0.83,-1.54,-0.02,0.58,-1.67,-0.27,0.45,-0.15, , , , , ,740.15,740.12,200.0,400.0, , , , , ,, , , 
09:59:13,-0.12,0.52,0.04,0.82,-1.61,-0.05,0.45,-1.66,-0.35,0.29,-0.14, , , , , ,740.15,740.12,200.0,400.0, , , , , ,, , , 
09:59:16,-0.23,0.42,-0.09,0.65,-1.62,-0.2,0.35,-1.64,-0.39,0.25,-0.09, , , , , ,740.15,740.07,200.0,400.0, , , , , ,, , , 
09:59:19,-0.48,0.14,-0.26,0.3,-1.48,-0.44,0.17,-1.41,-0.75,-0.05,0.12, , , , , ,740.0,739.96,9200.0,500.0, , , , , ,, , , 
09:59:22,-0.8,-0.17,-0.39,-0.03,-1.42,-0.93,-0.11,-1.29,-1.07,-0.36,0.22, , , , , ,739.96,739.9,700.0,100.0, , , , , ,, , , 
09:59:25,-1.08,-0.38,-0.76,-0.25,-1.41,-1.2,-0.32,-1.19,-1.29,-0.56,0.27, , , , , ,739.95,739.89,1100.0,100.0, , , , , ,, , , 
09:59:28,-1.15,-0.52,-0.84,-0.34,-1.33,-1.22,-0.55,-0.9,-1.37,-0.68,0.52, , , , , ,739.9,739.85,2000.0,300.0, , , , , ,, , , 
09:59:31,-1.19,-0.55,-0.87,-0.3,-1.29,-1.28,-0.63,-0.67,-1.43,-0.71,0.74, , , , , ,739.85,739.8,300.0,1300.0, , , , , ,, , , 
09:59:34,-1.1,-0.38,-0.76,-0.08,-0.42,-1.34,-0.4,0.39,-1.19,-0.66,1.79, , , , , ,739.21,739.1,300.0,2000.0, , , , , ,, , , 
09:59:37,-1.13,-0.43,-1.01,-0.23,-0.44,-1.26,-0.47,0.56,-1.12,-0.59,1.94, , , , , ,739.21,739.1,300.0,1800.0, , , , , ,, , , 
09:59:40,-0.96,-0.39,-0.79,-0.32,-0.5,-1.12,-0.37,0.54,-0.96,-0.48,1.9, , , , , ,739.2,739.19,400.0,100.0, , , , , ,, , , 
09:59:43,-0.92,-0.31,-0.7,-0.15,-0.44,-1.06,-0.43,0.64,-0.99,-0.35,1.97, , , , , ,739.18,739.1,200.0,1200.0, , , , , ,, , , 
09:59:46,-0.93,-0.42,-0.74,-0.31,-0.38,-1.1,-0.44,0.72,-0.94,-0.51,2.04, , , , , ,739.1,739.09,700.0,1200.0, , , , , ,, , , 
09:59:49,-1.03,-0.48,-0.8,-0.28,-0.38,-1.21,-0.51,0.72,-1.07,-0.65,2.05, , , , , ,739.1,739.09,1100.0,200.0, , , , , ,, , , 
09:59:52,-0.98,-0.53,-0.68,-0.37,-0.33,-1.08,-0.52,0.79,-1.17,-0.71,2.12, , , , , ,739.09,739.01,100.0,100.0, , , , , ,, , , 
09:59:55,-0.83,-0.35,-0.61,-0.2,-0.37,-0.86,-0.22,0.75,-1.02,-0.62,2.07, , , , , ,739.18,739.0,100.0,6700.0, , , , , ,, , , 
09:59:58,-0.74,-0.26,-0.46,-0.2,-0.42,-0.92,-0.09,0.72,-0.84,-0.49,2.0, , , , , ,739.17,739.1,400.0,800.0, , , , , ,, , , 
10:00:01,-0.75,-0.16,-0.48,-0.11,-0.41,-0.91,-0.02,0.77,-0.85,-0.35,2.0, , , , , ,739.17,739.1,400.0,700.0, , , , , ,, , , 
10:00:04,-0.68,-0.06,-0.49,-0.09,-0.38,-0.77,0.01,0.8,-0.77,-0.11,1.86, , , , , ,739.16,739.1,700.0,500.0, , , , , ,, , , 
10:00:07,-0.58,0.0,-0.4,0.01,-0.14,-0.72,-0.0,1.05,-0.61,0.0,1.94, , , , , ,739.0,738.95,1700.0,100.0, , , , , ,, , , 
10:00:10,-0.76,-0.25,-0.51,-0.21,-0.08,-0.91,-0.26,1.06,-0.85,-0.27,1.81, , , , , ,739.0,738.93,2200.0,200.0, , , , , ,, , , 
10:00:13,-0.88,-0.41,-0.55,-0.18,-0.02,-1.06,-0.46,1.12,-1.04,-0.58,1.75, , , , , ,738.97,738.88,1000.0,300.0, , , , , ,, , , 
10:00:16,-0.74,-0.39,-0.53,-0.19,-0.01,-0.88,-0.43,1.14,-0.8,-0.55,1.79, , , , , ,738.93,738.88,100.0,100.0, , , , , ,, , , 
10:00:19,-0.52,-0.25,-0.35,-0.08,0.12,-0.65,-0.25,1.22,-0.56,-0.41,1.89, , , , , ,738.88,738.82,100.0,1000.0, , , , , ,, , , 
10:00:22,-0.58,-0.27,-0.36,-0.11,0.14,-0.8,-0.2,1.09,-0.58,-0.49,1.87, , , , , ,738.93,738.82,200.0,800.0, , , , , ,, , , 
10:00:25,-0.64,-0.12,-0.42,-0.06,0.2,-0.85,-0.04,1.0,-0.66,-0.25,1.85, , , , , ,738.96,738.82,100.0,600.0, , , , , ,, , , 
10:00:28,-0.57,0.05,-0.39,-0.01,0.43,-0.7,0.21,0.95,-0.62,-0.05,1.84, , , , , ,738.96,738.83,100.0,300.0, , , , , ,, , , 
10:00:31,-0.5,0.07,-0.44,-0.02,0.6,-0.53,0.14,0.9,-0.54,0.08,1.85, , , , , ,738.96,738.8,100.0,100.0, , , , , ,, , , 
10:00:34,-0.65,-0.15,-0.48,-0.15,0.85,-0.81,-0.06,1.0,-0.67,-0.24,1.96, , , , , ,738.82,738.8,400.0,100.0, , , , , ,, , , 
10:00:37,-0.53,-0.0,-0.36,-0.02,1.05,-0.65,0.11,1.02,-0.57,-0.09,1.99, , , , , ,738.8,738.78,200.0,10100.0, , , , , ,, , , 
10:00:40,-0.47,0.07,-0.37,-0.0,1.03,-0.55,0.15,0.94,-0.49,0.05,1.95, , , , , ,738.86,738.8,100.0,200.0, , , , , ,, , , 
10:00:43,-0.63,-0.02,-0.53,-0.05,1.01,-0.78,0.04,0.9,-0.58,-0.06,1.93, , , , , ,738.94,738.78,100.0,5200.0, , , , , ,, , , 
10:00:46,-0.81,-0.3,-0.61,-0.26,1.14,-0.9,-0.29,0.99,-0.91,-0.35,2.01, , , , , ,738.8,738.78,100.0,3600.0, , , , , ,, , , 
10:00:49,-0.71,-0.24,-0.49,-0.2,1.12,-0.85,-0.19,0.99,-0.78,-0.31,2.0, , , , , ,738.82,738.78,100.0,3500.0, , , , , ,, , , 
10:00:52,-0.42,-0.02,-0.39,-0.01,1.11,-0.47,0.13,0.98,-0.39,-0.18,1.98, , , , , ,738.82,738.8,100.0,500.0, , , , , ,, , , 
10:00:55,-0.33,0.09,-0.32,0.05,1.11,-0.43,0.18,0.97,-0.23,0.04,1.95, , , , , ,738.86,738.78,100.0,3600.0, , , , , ,, , , 
10:00:58,-0.33,0.04,-0.35,0.05,1.12,-0.48,0.17,0.95,-0.16,-0.1,1.92, , , , , ,738.86,738.82,100.0,100.0, , , , , ,, , , 
10:01:01,-0.38,0.12,-0.34,0.09,1.17,-0.51,0.27,0.95,-0.29,-0.01,1.9, , , , , ,738.86,738.82,400.0,100.0, , , , , ,, , , 
10:01:04,-0.37,0.14,-0.34,0.09,1.21,-0.42,0.28,0.97,-0.35,0.05,1.88, , , , , ,738.86,738.8,400.0,100.0, , , , , ,, , , 
10:01:07,-0.19,0.3,-0.17,0.22,1.16,-0.25,0.43,0.88,-0.14,0.25,1.71, , , , , ,738.93,738.86,100.0,200.0, , , , , ,, , , 
10:01:10,-0.05,0.41,-0.07,0.38,1.11,-0.06,0.53,0.82,-0.02,0.31,1.6, , , , , ,739.0,738.86,600.0,300.0, , , , , ,, , , 
10:01:13,-0.05,0.46,0.08,0.45,1.07,-0.16,0.58,0.8,-0.07,0.36,1.51, , , , , ,739.05,738.86,100.0,400.0, , , , , ,, , , 
10:01:16,-0.03,0.46,0.15,0.47,1.21,-0.06,0.62,0.95,-0.18,0.29,1.61, , , , , ,738.86,738.85,800.0,100.0, , , , , ,, , , 
10:01:19,0.02,0.47,0.1,0.47,1.21,0.02,0.59,0.97,-0.06,0.35,1.62, , , , , ,738.86,738.85,100.0,100.0, , , , , ,, , , 
10:01:22,0.09,0.55,0.16,0.6,0.79,-0.0,0.68,0.66,0.13,0.36,1.31, , , , , ,739.1,739.09,100.0,1100.0, , , , , ,, , , 
10:01:25,0.1,0.66,0.2,0.68,0.72,0.07,0.76,0.68,0.04,0.52,1.33, , , , , ,739.11,739.09,100.0,800.0, , , , , ,, , , 
10:01:28,0.1,0.65,0.23,0.63,0.67,0.04,0.79,0.7,0.02,0.54,1.32, , , , , ,739.11,739.09,100.0,400.0, , , , , ,, , , 
10:01:31,-0.07,0.89,-0.25,0.84,-0.02,-0.08,0.92,0.1,0.1,0.92,0.83, , , , , ,740.0,739.11,8300.0,100.0, , , , , ,, , , 
10:01:34,-0.14,0.9,-0.28,0.82,-0.01,-0.17,0.88,0.27,0.03,0.99,0.94, , , , , ,740.0,739.11,8400.0,100.0, , , , , ,, , , 
10:01:37,-0.08,0.93,-0.18,0.85,-0.01,-0.1,0.97,0.42,0.05,0.97,1.05, , , , , ,740.0,739.09,7900.0,400.0, , , , , ,, , , 
10:01:40,0.12,1.07,0.08,0.94,-0.14,0.08,1.05,0.47,0.18,1.22,1.07, , , , , ,740.0,739.25,7400.0,1500.0, , , , , ,, , , 
10:01:43,0.1,1.02,-0.01,0.89,-0.15,0.08,0.87,0.6,0.22,1.29,1.08, , , , , ,740.0,739.26,7600.0,400.0, , , , , ,, , , 
10:01:46,0.1,0.81,-0.03,0.76,-0.14,0.14,0.74,0.61,0.18,0.91,1.1, , , , , ,740.0,739.26,7500.0,200.0, , , , , ,, , , 
10:01:49,0.09,0.79,-0.01,0.78,-0.14,0.21,0.81,0.62,0.05,0.77,1.12, , , , , ,740.0,739.26,7400.0,400.0, , , , , ,, , , 
10:01:52,0.03,0.67,0.02,0.72,-0.13,0.07,0.55,0.64,0.0,0.73,1.14, , , , , ,740.0,739.26,7400.0,400.0, , , , , ,, , , 
10:01:55,-0.04,0.74,-0.09,0.78,-0.15,-0.02,0.6,0.58,-0.01,0.82,0.97, , , , , ,740.0,739.3,7300.0,2100.0, , , , , ,, , , 
10:01:58,0.1,0.72,0.03,0.76,-0.15,0.11,0.7,0.54,0.16,0.71,0.94, , , , , ,740.0,739.3,7300.0,2000.0, , , , , ,, , , 
10:02:01,0.12,0.83,-0.12,0.85,-0.28,0.12,0.79,0.36,0.35,0.85,0.64, , , , , ,740.0,739.5,3700.0,100.0, , , , , ,, , , 
10:02:04,0.34,0.87,0.17,0.9,-0.28,0.4,0.81,0.34,0.44,0.89,0.48, , , , , ,740.0,739.5,3300.0,100.0, , , , , ,, , , 
10:02:07,0.12,0.77,-0.06,0.82,-0.28,0.08,0.72,0.35,0.33,0.77,0.46, , , , , ,740.0,739.5,4200.0,300.0, , , , , ,, , , 
10:02:10,-0.0,0.59,-0.19,0.73,-0.29,0.04,0.51,0.36,0.16,0.52,0.34, , , , , ,740.0,739.5,4300.0,300.0, , , , , ,, , , 
10:02:13,0.05,0.68,-0.13,0.83,-0.27,0.15,0.71,0.39,0.12,0.5,0.34, , , , , ,740.0,739.5,1300.0,100.0, , , , , ,, , , 
10:02:16,0.15,0.76,-0.01,0.85,-0.26,0.13,0.66,0.4,0.33,0.78,0.34, , , , , ,740.0,739.5,1000.0,200.0, , , , , ,, , , 
10:02:19,0.21,0.77,0.06,0.85,-0.23,0.21,0.71,0.45,0.35,0.74,0.36, , , , , ,740.0,739.48,1000.0,500.0, , , , , ,, , , 
10:02:22,0.19,0.69,0.03,0.63,-0.21,0.24,0.72,0.48,0.3,0.72,0.36, , , , , ,740.0,739.48,1300.0,600.0, , , , , ,, , , 
10:02:25,0.19,0.61,0.11,0.58,0.15,0.21,0.6,0.85,0.25,0.63,0.71, , , , , ,739.5,739.48,200.0,600.0, , , , , ,, , , 
10:02:28,0.15,0.69,0.07,0.57,0.08,0.07,0.73,0.94,0.31,0.77,0.61, , , , , ,739.57,739.55,100.0,600.0, , , , , ,, , , 
10:02:31,0.11,0.57,0.01,0.52,0.05,0.03,0.52,1.04,0.29,0.66,0.57, , , , , ,739.64,739.55,100.0,600.0, , , , , ,, , , 
10:02:34,0.03,0.52,-0.03,0.43,0.31,-0.09,0.47,1.29,0.21,0.67,0.68, , , , , ,739.55,739.5,6000.0,400.0, , , , , ,, , , 
10:02:37,-0.19,0.32,-0.23,0.32,0.44,-0.26,0.21,1.44,-0.09,0.44,0.68, , , , , ,739.55,739.5,6100.0,300.0, , , , , ,, , , 
10:02:40,-0.22,0.26,-0.21,0.27,0.6,-0.33,0.16,1.45,-0.11,0.34,0.7, , , , , ,739.54,739.5,300.0,400.0, , , , , ,, , , 
10:02:43,-0.4,0.13,-0.41,0.19,0.75,-0.45,0.03,1.45,-0.33,0.16,0.71, , , , , ,739.54,739.5,300.0,100.0, , , , , ,, , , 
10:02:46,-0.26,0.18,-0.28,0.26,0.75,-0.28,0.05,1.45,-0.21,0.24,0.7, , , , , ,739.54,739.52,100.0,300.0, , , , , ,, , , 
10:02:49,-0.21,0.2,-0.35,0.24,0.76,-0.22,0.13,1.45,-0.05,0.24,0.7, , , , , ,739.55,739.52,6100.0,300.0, , , , , ,, , , 
10:02:52,-0.14,0.28,-0.2,0.29,0.77,-0.23,0.15,1.47,-0.0,0.41,0.7, , , , , ,739.55,739.52,5100.0,500.0, , , , , ,, , , 
10:02:55,-0.1,0.28,-0.15,0.36,0.74,-0.12,0.14,1.47,-0.04,0.34,0.7, , , , , ,739.55,739.52,5000.0,500.0, , , , , ,, , , 
10:02:58,-0.09,0.3,-0.15,0.29,0.68,-0.1,0.21,1.45,-0.01,0.41,0.68, , , , , ,739.55,739.54,4900.0,200.0, , , , , ,, , , 
10:03:01,-0.09,0.26,-0.17,0.26,0.65,-0.07,0.26,1.45,-0.02,0.26,0.67, , , , , ,739.55,739.54,4700.0,200.0, , , , , ,, , , 
10:03:04,-0.06,0.29,-0.09,0.27,0.6,-0.1,0.24,1.3,0.02,0.36,0.68, , , , , ,739.55,739.54,4200.0,100.0, , , , , ,, , , 
10:03:07,-0.0,0.33,-0.1,0.35,0.62,-0.0,0.25,1.17,0.1,0.38,0.68, , , , , ,739.55,739.54,3700.0,100.0, , , , , ,, , , 
10:03:10,0.11,0.44,-0.03,0.44,0.64,0.12,0.37,1.03,0.24,0.51,0.69, , , , , ,739.55,739.54,2200.0,100.0, , , , , ,, , , 
10:03:13,0.14,0.38,0.03,0.31,0.69,0.17,0.41,0.94,0.24,0.42,0.72, , , , , ,739.55,739.5,2200.0,100.0, , , , , ,, , , 
10:03:16,0.28,0.53,0.18,0.45,0.63,0.3,0.62,0.88,0.38,0.53,0.63, , , , , ,739.61,739.55,400.0,500.0, , , , , ,, , , 
10:03:19,0.32,0.59,0.2,0.51,0.67,0.39,0.66,0.9,0.36,0.61,0.62, , , , , ,739.61,739.55,400.0,1500.0, , , , , ,, , , 
10:03:22,0.23,0.62,0.15,0.5,0.7,0.26,0.71,0.92,0.28,0.65,0.62, , , , , ,739.61,739.55,400.0,1500.0, , , , , ,, , , 
10:03:25,0.25,0.57,0.08,0.5,0.73,0.33,0.61,0.92,0.35,0.61,0.61, , , , , ,739.61,739.55,400.0,1600.0, , , , , ,, , , 
10:03:28,0.19,0.61,0.09,0.46,0.79,0.12,0.58,0.79,0.37,0.79,0.47, , , , , ,739.69,739.66,200.0,100.0, , , , , ,, , , 
10:03:31,0.29,0.65,0.18,0.5,1.01,0.32,0.62,0.85,0.37,0.83,0.55, , , , , ,739.69,739.55,200.0,3500.0, , , , , ,, , , 
10:03:34,0.32,0.69,0.21,0.48,1.14,0.44,0.68,0.82,0.3,0.91,0.51, , , , , ,739.68,739.61,400.0,100.0, , , , , ,, , , 
10:03:37,0.26,0.82,0.04,0.65,0.7,0.36,0.92,0.26,0.36,0.9,-0.06, , , , , ,740.15,740.0,100.0,800.0, , , , , ,, , , 
10:03:40,0.24,0.86,0.15,0.81,0.7,0.3,0.86,0.27,0.28,0.91,-0.05, , , , , ,740.15,740.0,100.0,600.0, , , , , ,, , , 
10:03:43,0.27,0.83,0.13,0.81,0.71,0.33,0.79,0.28,0.35,0.9,-0.06, , , , , ,740.15,740.0,100.0,500.0, , , , , ,, , , 
10:03:46,0.3,0.79,0.14,0.76,0.72,0.47,0.78,0.28,0.29,0.82,-0.07, , , , , ,740.15,740.0,100.0,300.0, , , , , ,, , , 
10:03:49,0.29,0.82,0.13,0.73,0.66,0.5,0.92,0.21,0.26,0.82,-0.14, , , , , ,740.24,740.0,100.0,300.0, , , , , ,, , , 
10:03:52,0.36,0.87,0.24,0.88,0.7,0.52,0.87,0.23,0.33,0.86,-0.13, , , , , ,740.2,740.0,100.0,300.0, , , , , ,, , , 
10:03:55,0.29,0.8,0.17,0.75,0.7,0.4,0.86,0.21,0.29,0.79,-0.13, , , , , ,740.2,740.0,100.0,300.0, , , , , ,, , , 
10:03:58,0.09,0.59,0.06,0.61,0.84,0.18,0.56,0.36,0.05,0.62,0.01, , , , , ,740.0,739.99,1202.0,100.0, , , , , ,, , , 
10:04:01,-0.05,0.39,-0.07,0.46,0.83,0.06,0.33,0.34,-0.13,0.39,-0.01, , , , , ,740.0,739.99,1302.0,100.0, , , , , ,, , , 
10:04:04,-0.04,0.41,-0.02,0.52,0.69,-0.0,0.27,0.3,-0.08,0.43,-0.04, , , , , ,740.0,739.99,1202.0,100.0, , , , , ,, , , 
10:04:07,0.02,0.39,0.0,0.43,0.56,0.1,0.3,0.23,-0.05,0.43,-0.11, , , , , ,740.0,739.99,802.0,100.0, , , , , ,, , , 
10:04:10,0.11,0.53,0.07,0.6,0.36,0.2,0.41,0.08,0.06,0.59,-0.24, , , , , ,740.09,740.0,100.0,998.0, , , , , ,, , , 
10:04:13,0.13,0.44,0.05,0.43,0.24,0.27,0.38,0.04,0.07,0.51,-0.3, , , , , ,740.09,740.0,100.0,798.0, , , , , ,, , , 
10:04:16,0.14,0.52,0.08,0.61,0.25,0.2,0.42,0.01,0.13,0.53,-0.35, , , , , ,740.09,740.0,100.0,898.0, , , , , ,, , , 
10:04:19,0.11,0.46,0.1,0.48,0.27,0.22,0.35,0.01,0.03,0.55,-0.36, , , , , ,740.09,740.0,400.0,1998.0, , , , , ,, , , 
10:04:22,0.11,0.5,0.06,0.48,0.15,0.24,0.47,-0.1,0.03,0.56,-0.49, , , , , ,740.2,740.09,100.0,1000.0, , , , , ,, , , 
10:04:25,0.08,0.44,0.02,0.39,0.15,0.18,0.44,-0.08,0.03,0.5,-0.45, , , , , ,740.2,740.09,200.0,800.0, , , , , ,, , , 
10:04:28,0.1,0.49,0.08,0.5,0.15,0.16,0.49,-0.1,0.06,0.49,-0.4, , , , , ,740.2,740.09,200.0,800.0, , , , , ,, , , 
10:04:31,0.07,0.48,-0.17,0.51,-0.47,0.22,0.45,-0.58,0.15,0.48,-0.96, , , , , ,740.99,740.2,200.0,900.0, , , , , ,, , , 
10:04:34,-0.11,0.4,-0.18,0.43,-0.46,-0.03,0.33,-0.46,-0.12,0.43,-0.9, , , , , ,740.98,740.2,400.0,800.0, , , , , ,, , , 
10:04:37,-0.18,0.36,-0.34,0.44,-0.45,-0.05,0.3,-0.37,-0.16,0.35,-0.9, , , , , ,740.99,740.2,400.0,600.0, , , , , ,, , , 
10:04:40,-0.11,0.44,-0.11,0.51,-0.44,0.02,0.4,-0.23,-0.22,0.42,-0.9, , , , , ,740.99,740.2,400.0,500.0, , , , , ,, , , 
10:04:43,-0.06,0.39,-0.2,0.49,-0.42,0.16,0.27,-0.23,-0.15,0.4,-0.9, , , , , ,740.99,740.21,400.0,500.0, , , , , ,, , , 
10:04:46,-0.13,0.47,-0.22,0.56,-0.42,0.02,0.4,-0.21,-0.2,0.44,-0.9, , , , , ,740.99,740.2,200.0,4400.0, , , , , ,, , , 
10:04:49,0.04,0.61,-0.13,0.8,-0.48,0.24,0.58,-0.23,0.01,0.46,-0.99, , , , , ,741.05,740.2,100.0,4100.0, , , , , ,, , , 
10:04:52,-0.03,0.56,-0.07,0.77,-0.48,0.15,0.56,-0.2,-0.19,0.37,-1.03, , , , , ,741.05,740.2,100.0,3900.0, , , , , ,, , , 
10:04:55,-0.1,0.61,-0.11,0.88,-0.5,0.1,0.52,-0.35,-0.29,0.42,-1.16, , , , , ,741.05,740.22,100.0,800.0, , , , , ,, , , 
10:04:58,-0.19,0.53,-0.17,0.69,-0.47,-0.07,0.41,-0.36,-0.33,0.48,-1.1, , , , , ,741.0,740.22,800.0,700.0, , , , , ,, , , 
10:05:01,-0.19,0.36,-0.19,0.55,-0.49,-0.07,0.25,-0.52,-0.31,0.27,-1.04, , , , , ,741.0,740.22,1300.0,700.0, , , , , ,, , , 
10:05:04,-0.16,0.39,-0.11,0.55,-0.52,-0.09,0.35,-0.67,-0.26,0.27,-0.97, , , , , ,741.0,740.2,1300.0,3900.0, , , , , ,, , , 
10:05:07,-0.22,0.41,-0.15,0.7,-0.06,-0.18,0.25,-0.15,-0.32,0.27,-0.38, , , , , ,740.22,740.2,300.0,3600.0, , , , , ,, , , 
10:05:10,-0.21,0.45,-0.24,0.62,-0.14,-0.17,0.41,-0.28,-0.22,0.31,-0.45, , , , , ,740.22,740.2,200.0,3600.0, , , , , ,, , , 
10:05:13,-0.22,0.32,-0.22,0.55,-0.19,-0.31,0.2,-0.28,-0.13,0.22,-0.52, , , , , ,740.22,740.2,200.0,4000.0, , , , , ,, , , 
10:05:16,-0.3,0.22,-0.21,0.32,-0.28,-0.43,0.11,-0.33,-0.24,0.22,-0.64, , , , , ,740.28,740.22,400.0,400.0, , , , , ,, , , 
10:05:19,-0.35,0.22,-0.27,0.42,-0.27,-0.44,0.06,-0.33,-0.33,0.19,-0.65, , , , , ,740.28,740.22,400.0,100.0, , , , , ,, , , 
10:05:22,-0.4,0.2,-0.36,0.34,-0.26,-0.48,0.09,-0.34,-0.36,0.17,-0.71, , , , , ,740.28,740.24,400.0,100.0, , , , , ,, , , 
10:05:25,-0.39,0.11,-0.36,0.22,-0.24,-0.47,-0.04,-0.33,-0.34,0.16,-0.75, , , , , ,740.28,740.24,400.0,200.0, , , , , ,, , , 
10:05:28,-0.32,0.18,-0.3,0.22,-0.26,-0.41,0.05,-0.33,-0.26,0.28,-0.8, , , , , ,740.28,740.24,400.0,200.0, , , , , ,, , , 
10:05:31,-0.29,0.2,-0.24,0.32,-0.12,-0.3,-0.03,-0.3,-0.32,0.33,-0.84, , , , , ,740.28,740.22,300.0,200.0, , , , , ,, , , 
10:05:34,-0.35,0.22,-0.27,0.31,0.03,-0.39,0.01,-0.27,-0.38,0.34,-0.82, , , , , ,740.23,740.22,100.0,300.0, , , , , ,, , , 
10:05:37,-0.31,0.17,-0.28,0.25,0.05,-0.32,-0.03,-0.34,-0.33,0.28,-0.92, , , , , ,740.29,740.28,200.0,700.0, , , , , ,, , , 
10:05:40,-0.31,0.21,-0.25,0.25,0.18,-0.35,0.08,-0.34,-0.32,0.28,-0.94, , , , , ,740.29,740.28,100.0,800.0, , , , , ,, , , 
10:05:43,-0.24,0.24,-0.22,0.35,0.19,-0.21,0.07,-0.34,-0.3,0.3,-0.97, , , , , ,740.32,740.26,100.0,700.0, , , , , ,, , , 
10:05:46,-0.34,0.2,-0.27,0.25,0.2,-0.34,0.1,-0.33,-0.42,0.26,-0.98, , , , , ,740.32,740.26,400.0,400.0, , , , , ,, , , 
10:05:49,-0.42,0.04,-0.28,0.17,0.27,-0.38,-0.01,-0.29,-0.58,-0.04,-0.97, , , , , ,740.32,740.2,400.0,2200.0, , , , , ,, , , 
10:05:52,-0.45,0.02,-0.34,0.09,0.29,-0.43,-0.01,-0.28,-0.59,-0.03,-1.0, , , , , ,740.32,740.2,300.0,2200.0, , , , , ,, , , 
10:05:55,-0.49,-0.04,-0.34,0.11,0.14,-0.43,-0.14,-0.29,-0.7,-0.09,-1.04, , , , , ,740.32,740.2,400.0,2100.0, , , , , ,, , , 
10:05:58,-0.57,-0.05,-0.39,0.09,0.11,-0.51,-0.1,-0.29,-0.8,-0.15,-1.12, , , , , ,740.32,740.2,400.0,1800.0, , , , , ,, , , 
10:06:01,-0.37,0.06,-0.18,0.19,-0.05,-0.27,0.08,-0.3,-0.67,-0.08,-1.2, , , , , ,740.32,740.2,600.0,1500.0, , , , , ,, , , 
10:06:04,-0.3,0.08,-0.15,0.17,-0.14,-0.22,0.08,-0.23,-0.53,0.0,-1.19, , , , , ,740.21,740.2,100.0,100.0, , , , , ,, , , 
10:06:07,-0.35,0.04,-0.17,0.17,-0.07,-0.28,-0.03,-0.13,-0.6,-0.02,-1.21, , , , , ,740.15,740.14,600.0,200.0, , , , , ,, , , 
10:06:10,-0.35,0.13,-0.21,0.21,-0.06,-0.29,0.09,0.01,-0.55,0.08,-1.17, , , , , ,740.09,740.0,100.0,17398.0, , , , , ,, , , 
10:06:13,-0.39,0.07,-0.24,0.24,-0.06,-0.33,0.08,0.01,-0.59,-0.09,-1.27, , , , , ,740.09,740.0,100.0,16998.0, , , , , ,, , , 
10:06:16,-0.44,-0.01,-0.32,0.12,-0.06,-0.39,0.0,0.0,-0.62,-0.15,-1.35, , , , , ,740.09,740.0,100.0,16398.0, , , , , ,, , , 
10:06:19,-0.41,0.06,-0.29,0.18,-0.07,-0.39,0.0,-0.02,-0.56,-0.0,-1.42, , , , , ,740.12,740.0,100.0,16398.0, , , , , ,, , , 
10:06:22,-0.38,0.13,-0.3,0.18,-0.07,-0.39,0.08,-0.03,-0.46,0.13,-1.43, , , , , ,740.12,740.0,200.0,16398.0, , , , , ,, , , 
10:06:25,-0.32,0.1,-0.22,0.16,-0.12,-0.32,0.02,-0.1,-0.42,0.13,-1.52, , , , , ,740.12,740.09,200.0,100.0, , , , , ,, , , 
10:06:28,-0.27,0.13,-0.23,0.18,-0.12,-0.35,0.06,-0.11,-0.22,0.16,-1.56, , , , , ,740.12,740.09,400.0,100.0, , , , , ,, , , 
10:06:31,-0.28,0.11,-0.16,0.21,0.0,-0.37,-0.02,0.0,-0.3,0.13,-1.49, , , , , ,740.04,740.0,500.0,16498.0, , , , , ,, , , 
10:06:34,-0.37,0.16,-0.49,0.22,-0.55,-0.25,0.06,-0.55,-0.37,0.21,-2.09, , , , , ,740.87,740.0,100.0,16198.0, , , , , ,, , , 
10:06:37,-0.42,0.16,-0.45,0.25,-0.55,-0.35,0.09,-0.54,-0.46,0.14,-2.12, , , , , ,740.86,740.01,200.0,200.0, , , , , ,, , , 
10:06:40,-0.48,0.08,-0.49,0.1,-0.51,-0.4,0.05,-0.5,-0.54,0.09,-2.04, , , , , ,740.82,740.0,800.0,15798.0, , , , , ,, , , 
10:06:43,-0.49,0.05,-0.43,0.16,-0.5,-0.37,-0.05,-0.51,-0.66,0.04,-1.96, , , , , ,740.82,740.0,900.0,15798.0, , , , , ,, , , 
10:06:46,-0.58,0.19,-0.6,0.23,-0.58,-0.41,0.18,-0.61,-0.73,0.15,-1.96, , , , , ,740.8,740.15,300.0,100.0, , , , , ,, , , 
10:06:49,-0.47,0.27,-0.47,0.3,-0.58,-0.33,0.31,-0.62,-0.61,0.2,-1.92, , , , , ,740.8,740.15,300.0,100.0, , , , , ,, , , 
10:06:52,-0.37,0.4,-0.5,0.43,-0.57,-0.07,0.51,-0.64,-0.53,0.27,-1.91, , , , , ,740.8,740.15,600.0,100.0, , , , , ,, , , 
10:06:55,-0.36,0.47,-0.42,0.46,-0.58,-0.21,0.61,-0.64,-0.44,0.35,-1.94, , , , , ,740.8,740.15,500.0,100.0, , , , , ,, , , 
10:06:58,-0.29,0.47,-0.36,0.54,-0.01,-0.09,0.43,-0.07,-0.41,0.42,-1.39, , , , , ,740.1,740.01,100.0,900.0, , , , , ,, , , 
10:07:01,-0.26,0.32,-0.25,0.37,-0.43,-0.14,0.34,-0.5,-0.38,0.25,-1.82, , , , , ,740.7,740.01,300.0,900.0, , , , , ,, , , 
10:07:04,-0.21,0.3,-0.2,0.4,0.04,-0.13,0.24,-0.05,-0.3,0.26,-1.42, , , , , ,740.01,740.0,200.0,15798.0, , , , , ,, , , 
10:07:07,-0.24,0.26,-0.17,0.36,0.06,-0.16,0.16,-0.12,-0.39,0.27,-1.46, , , , , ,740.01,740.0,200.0,15798.0, , , , , ,, , , 
10:07:10,-0.29,0.29,-0.21,0.39,0.06,-0.24,0.2,-0.19,-0.43,0.27,-1.51, , , , , ,740.01,740.0,100.0,16498.0, , , , , ,, , , 
10:07:13,-0.46,0.09,-0.32,0.16,0.06,-0.46,0.1,-0.25,-0.59,0.02,-1.55, , , , , ,740.01,740.0,100.0,14998.0, , , , , ,, , , 
10:07:13, , , , ,0.06, , ,-0.3, , ,-1.56, , , , , ,740.01,740.0,100.0,14998.0, , ,1, , ,, , , 
10:07:19,-0.32,0.13,-0.19,0.25,0.05,-0.32,0.05,-0.3,-0.46,0.09,-1.59, , , , , ,740.01,740.0,100.0,16498.0, , , , , ,, , , 
10:07:22,-0.34,0.18,-0.18,0.28,0.05,-0.42,0.1,-0.3,-0.44,0.16,-1.59, , , , , ,740.01,740.0,200.0,16498.0, , , , , ,, , , 
10:07:25,-0.28,0.17,-0.23,0.2,0.01,-0.26,0.13,-0.28,-0.35,0.19,-1.57, , , , , ,740.04,740.0,200.0,16898.0, , , , , ,, , , 
10:07:28,-0.25,0.2,-0.16,0.24,0.0,-0.23,0.12,-0.23,-0.36,0.23,-1.53, , , , , ,740.04,740.0,200.0,16798.0, , , , , ,, , , 
10:07:31,-0.23,0.2,-0.19,0.22,0.0,-0.22,0.14,-0.19,-0.29,0.23,-1.56, , , , , ,740.04,740.01,200.0,100.0, , , , , ,, , , 
10:07:34,-0.26,0.23,-0.2,0.29,0.0,-0.29,0.16,-0.14,-0.29,0.24,-1.6, , , , , ,740.04,740.01,100.0,200.0, , , , , ,, , , 
10:07:37,-0.2,0.16,-0.13,0.19,0.01,-0.21,0.12,-0.14,-0.26,0.17,-1.67, , , , , ,740.04,740.01,100.0,200.0, , , , , ,, , , 
10:07:40,-0.17,0.23,-0.14,0.25,0.01,-0.17,0.21,-0.15,-0.2,0.23,-1.75, , , , , ,740.07,740.01,200.0,400.0, , , , , ,, , , 
10:07:43,-0.15,0.25,-0.18,0.26,-0.01,-0.16,0.23,-0.14,-0.12,0.25,-1.75, , , , , ,740.07,740.01,300.0,500.0, , , , , ,, , , 
10:07:46,-0.14,0.28,-0.19,0.29,-0.04,-0.1,0.25,-0.16,-0.13,0.29,-1.8, , , , , ,740.07,740.04,300.0,200.0, , , , , ,, , , 
10:07:49,-0.15,0.28,-0.15,0.26,-0.05,-0.13,0.29,-0.21,-0.18,0.28,-1.81, , , , , ,740.07,740.04,300.0,300.0, , , , , ,, , , 
10:07:52,-0.15,0.24,-0.13,0.23,-0.07,-0.14,0.24,-0.27,-0.17,0.24,-1.8, , , , , ,740.07,740.04,300.0,200.0, , , , , ,, , , 
10:07:55,-0.15,0.31,-0.17,0.28,-0.07,-0.07,0.33,-0.38,-0.21,0.31,-1.79, , , , , ,740.07,740.04,200.0,500.0, , , , , ,, , , 
10:07:58,-0.13,0.29,-0.14,0.3,-0.05,-0.14,0.25,-0.33,-0.09,0.31,-1.75, , , , , ,740.07,740.0,100.0,16798.0, , , , , ,, , , 
10:08:01,-0.2,0.18,-0.16,0.17,-0.07,-0.2,0.18,-0.27,-0.23,0.19,-1.73, , , , , ,740.07,740.0,200.0,16698.0, , , , , ,, , , 
10:08:04,-0.26,0.12,-0.16,0.15,-0.09,-0.34,0.1,-0.2,-0.27,0.11,-1.76, , , , , ,740.07,740.0,200.0,16498.0, , , , , ,, , , 
10:08:07,-0.22,0.14,-0.19,0.16,-0.2,-0.24,0.17,-0.18,-0.22,0.1,-1.81, , , , , ,740.07,740.05,200.0,100.0, , , , , ,, , , 
10:08:10,-0.22,0.14,-0.19,0.16,-0.27,-0.26,0.13,-0.24,-0.19,0.13,-1.81, , , , , ,740.07,740.05,200.0,100.0, , , , , ,, , , 
10:08:13,-0.25,0.12,-0.17,0.15,-0.32,-0.29,0.1,-0.3,-0.3,0.1,-1.81, , , , , ,740.07,740.04,400.0,100.0, , , , , ,, , , 
10:08:16,-0.23,0.1,-0.17,0.14,-0.35,-0.38,0.1,-0.34,-0.13,0.06,-1.79, , , , , ,740.07,740.0,300.0,16198.0, , , , , ,, , , 
10:08:19,-0.22,0.11,-0.21,0.13,-0.35,-0.3,0.12,-0.35,-0.13,0.08,-1.78, , , , , ,740.07,740.0,200.0,16098.0, , , , , ,, , , 
10:08:22,-0.17,0.17,-0.18,0.17,-0.35,-0.25,0.16,-0.41,-0.07,0.19,-1.8, , , , , ,740.08,740.0,400.0,16098.0, , , , , ,, , , 
10:08:25,-0.18,0.17,-0.16,0.16,-0.32,-0.24,0.18,-0.46,-0.13,0.19,-1.83, , , , , ,740.08,740.01,400.0,200.0, , , , , ,, , , 
10:08:28,-0.24,0.1,-0.19,0.11,-0.21,-0.41,0.07,-0.45,-0.11,0.13,-1.81, , , , , ,740.01,740.0,100.0,13098.0, , , , , ,, , , 
10:08:31,-0.45,-0.05,-0.33,0.05,-0.16,-0.52,-0.09,-0.51,-0.49,-0.1,-1.83, , , , , ,740.01,740.0,100.0,12298.0, , , , , ,, , , 
10:08:34,-0.57,-0.15,-0.4,-0.07,-0.15,-0.75,-0.09,-0.57,-0.58,-0.3,-1.89, , , , , ,740.08,740.0,100.0,6398.0, , , , , ,, , , 
10:08:37,-0.73,-0.35,-0.47,-0.21,-0.15,-0.84,-0.29,-0.58,-0.87,-0.56,-1.89, , , , , ,740.08,740.0,200.0,5798.0, , , , , ,, , , 
10:08:40,-0.84,-0.43,-0.56,-0.25,-0.15,-1.03,-0.46,-0.61,-0.93,-0.58,-1.89, , , , , ,740.08,740.0,200.0,2798.0, , , , , ,, , , 
10:08:43,-0.83,-0.42,-0.69,-0.2,-0.15,-0.85,-0.5,-0.64,-0.95,-0.57,-1.87, , , , , ,740.09,740.0,100.0,1798.0, , , , , ,, , , 
10:08:46,-0.68,-0.31,-0.5,-0.15,-0.1,-0.78,-0.33,-0.59,-0.75,-0.45,-1.84, , , , , ,740.01,740.0,100.0,1698.0, , , , , ,, , , 
10:08:49,-0.76,-0.35,-0.54,-0.19,-0.15,-0.77,-0.33,-0.62,-0.96,-0.53,-1.86, , , , , ,740.01,740.0,100.0,798.0, , , , , ,, , , 
10:08:52,-0.71,-0.37,-0.49,-0.16,-0.2,-0.78,-0.39,-0.66,-0.84,-0.55,-1.9, , , , , ,740.01,740.0,300.0,1098.0, , , , , ,, , , 
10:08:55,-0.73,-0.38,-0.56,-0.21,-0.3,-0.75,-0.42,-0.7,-0.88,-0.52,-1.9, , , , , ,740.01,740.0,300.0,598.0, , , , , ,, , , 
10:08:58,-0.67,-0.35,-0.48,-0.19,-0.29,-0.7,-0.31,-0.77,-0.82,-0.55,-1.83, , , , , ,740.01,740.0,100.0,498.0, , , , , ,, , , 
10:09:01,-0.69,-0.39,-0.5,-0.2,-0.19,-0.66,-0.42,-0.81,-0.93,-0.53,-1.69, , , , , ,740.0,739.96,102.0,100.0, , , , , ,, , , 
10:09:04,-0.72,-0.43,-0.5,-0.2,-0.09,-0.73,-0.47,-0.85,-0.92,-0.62,-1.5, , , , , ,739.96,739.94,100.0,200.0, , , , , ,, , , 
10:09:07,-0.73,-0.47,-0.5,-0.27,-0.0,-0.67,-0.54,-0.92,-1.01,-0.62,-1.45, , , , , ,739.96,739.9,100.0,200.0, , , , , ,, , , 
10:09:10,-0.68,-0.47,-0.44,-0.26,0.12,-0.66,-0.52,-0.82,-0.95,-0.62,-1.27, , , , , ,739.9,739.68,200.0,200.0, , , , , ,, , , 
10:09:13,-0.73,-0.57,-0.46,-0.32,0.07,-0.72,-0.7,-0.91,-0.99,-0.68,-1.33, , , , , ,739.9,739.66,300.0,200.0, , , , , ,, , , 
10:09:16,-0.74,-0.56,-0.46,-0.29,0.0,-0.78,-0.71,-1.0,-0.99,-0.68,-1.42, , , , , ,739.9,739.66,200.0,200.0, , , , , ,, , , 
10:09:19,-0.64,-0.46,-0.43,-0.23,-0.01,-0.66,-0.55,-1.04,-0.82,-0.59,-1.42, , , , , ,739.9,739.66,300.0,400.0, , , , , ,, , , 
10:09:22,-0.62,-0.38,-0.43,-0.22,-0.05,-0.72,-0.44,-1.06,-0.72,-0.47,-1.39, , , , , ,739.9,739.66,200.0,200.0, , , , , ,, , , 
10:09:25,-0.59,-0.3,-0.37,-0.17,-0.1,-0.67,-0.37,-1.08,-0.73,-0.35,-1.25, , , , , ,739.9,739.66,200.0,200.0, , , , , ,, , , 
10:09:28,-0.53,-0.23,-0.41,-0.12,-0.33,-0.56,-0.36,-1.31,-0.62,-0.2,-1.28, , , , , ,739.93,739.9,100.0,500.0, , , , , ,, , , 
10:09:31,-0.4,-0.11,-0.36,-0.1,-0.39,-0.41,-0.19,-1.35,-0.42,-0.05,-1.14, , , , , ,739.93,739.9,100.0,500.0, , , , , ,, , , 
10:09:34,-0.38,-0.08,-0.38,-0.06,-0.43,-0.43,-0.14,-1.42,-0.32,-0.06,-1.04, , , , , ,739.96,739.9,100.0,500.0, , , , , ,, , , 
10:09:37,-0.41,-0.06,-0.37,-0.01,-0.44,-0.37,-0.1,-1.44,-0.48,-0.06,-0.96, , , , , ,739.96,739.9,100.0,500.0, , , , , ,, , , 
10:09:40,-0.45,-0.05,-0.44,-0.01,-0.46,-0.42,-0.09,-1.39,-0.49,-0.04,-0.88, , , , , ,739.96,739.9,100.0,500.0, , , , , ,, , , 
10:09:43,-0.34,-0.01,-0.31,0.05,-0.48,-0.29,-0.02,-1.31,-0.41,-0.05,-0.81, , , , , ,739.94,739.93,100.0,100.0, , , , , ,, , , 
10:09:46,-0.3,0.04,-0.35,0.05,-0.51,-0.25,0.01,-1.25,-0.3,0.05,-0.71, , , , , ,739.96,739.93,100.0,100.0, , , , , ,, , , 
10:09:49,-0.3,0.03,-0.26,0.01,-0.51,-0.28,0.02,-1.17,-0.37,0.04,-0.6, , , , , ,739.94,739.9,181.0,400.0, , , , , ,, , , 
10:09:52,-0.29,0.0,-0.21,-0.0,-0.35,-0.3,-0.02,-0.97,-0.36,0.03,-0.36, , , , , ,739.9,739.66,100.0,200.0, , , , , ,, , , 
10:09:55,-0.25,0.0,-0.21,0.02,-0.4,-0.28,-0.0,-1.0,-0.24,-0.0,-0.32, , , , , ,739.9,739.66,100.0,200.0, , , , , ,, , , 
