tick_time,bid,ask,bid 20,ask 20,la 20,bid 40,ask 40,la 40,bid 100,ask 100,la 100,order,price,avePrice,trans,net,askp0,bidp0,askv0,bidv0,profit,profit_rate,is_mocked,order_time,exchange_time,orderSide,new_order_status,reason
09:30:16, , , , ,2.17, , ,-1.64, , ,-6.47, , , , , ,744.99,744.0,1600.0,400.0, , , , , ,, , 
09:30:19, , , , ,2.31, , ,-1.7, , ,-6.42, , , , , ,744.9,744.0,1000.0,2600.0, , , , , ,, , 
09:30:22, , , , ,2.41, , ,-1.92, , ,-6.39, , , , , ,744.9,744.0,800.0,2300.0, , , , , ,, , 
09:30:25, , , , ,1.75, , ,-2.77, , ,-6.8, , , , , ,745.1,744.9,900.0,300.0, , , , , ,, , 
09:30:28, , , , ,1.69, , ,-2.97, , ,-6.79, , , , , ,745.1,745.0,400.0,100.0, , , , , ,, , 
09:30:31, , , , ,2.8, , ,-2.12, , ,-5.74, , , , , ,744.45,744.0,300.0,1600.0, , , , , ,, , 
09:30:34, , , , ,1.46, , ,-3.48, , ,-7.0, , , , , ,745.4,744.9,300.0,500.0, , , , , ,, , 
09:30:37, , , , ,0.74, , ,-4.0, , ,-7.67, , , , , ,745.8,745.43,200.0,2000.0, , , , , ,, , 
09:30:40, , , , ,0.62, , ,-4.01, , ,-7.54, , , , , ,745.8,745.43,100.0,1800.0, , , , , ,, , 
09:30:43, , , , ,0.0, , ,-4.28, , ,-7.64, , , , , ,745.79,745.61,100.0,1000.0, , , , , ,, , 
09:30:46, , , , ,-0.45, , ,-4.09, , ,-7.6, , , , , ,745.79,745.61,1600.0,2900.0, , , , , ,, , 
09:30:49, , , , ,-1.21, , ,-4.44, , ,-7.65, , , , , ,745.95,745.8,300.0,200.0, , , , , ,, , 
09:30:52, , , , ,-1.84, , ,-4.5, , ,-7.55, , , , , ,745.99,745.9,7800.0,100.0, , , , , ,, , 
09:30:55, , , , ,-1.94, , ,-4.15, , ,-7.46, , , , , ,745.9,745.89,500.0,100.0, , , , , ,, , 
09:30:58, , , , ,-2.17, , ,-4.54, , ,-7.33, , , , , ,745.95,745.9,200.0,300.0, , , , , ,, , 
09:31:01, , , , ,-2.42, , ,-4.67, , ,-7.17, , , , , ,745.97,745.89,100.0,100.0, , , , , ,, , 
09:31:04, , , , ,-2.74, , ,-4.95, , ,-7.26, , , , , ,746.0,745.99,4029.0,800.0, , , , , ,, , 
09:31:07, , , , ,-2.97, , ,-5.14, , ,-7.11, , , , , ,746.0,745.99,2729.0,100.0, , , , , ,, , 
09:31:10, , , , ,-3.2, , ,-5.14, , ,-6.96, , , , , ,746.0,745.99,229.0,100.0, , , , , ,, , 
09:31:13, , , , ,-3.58, , ,-5.39, , ,-7.11, , , , , ,746.2,746.0,400.0,3500.0, , , , , ,, , 
09:31:16,1.88,1.99,1.59,2.18,-3.78,1.56,2.13,-5.4,2.48,1.65,-7.22,500.0,746.2,746.2,500.0,500.0,746.2,746.0,400.0,4600.0, , , ,2018-05-15 09:31:16.756000,2018-05-15 09:31:16.756000,, , 
09:31:19,1.61,1.66,1.16,1.47,-4.11,1.62,1.93,-5.61,2.06,1.59,-7.55, , , , , ,746.3,746.2,1200.0,500.0, , , , , ,, , 
09:31:22,1.14,1.45,0.68,1.28,-4.32,1.14,1.66,-5.54,1.6,1.4,-7.71, , , , , ,746.3,746.2,800.0,400.0, , , , , ,, , 
09:31:25,1.01,1.25,0.6,1.09,-4.58,0.94,1.36,-5.62,1.49,1.32,-8.01, , , , , ,746.43,746.3,900.0,1100.0, , , , , ,, , 
09:31:28,0.41,0.88,0.23,0.85,-4.73,0.53,0.76,-5.5,0.46,1.04,-8.01, , , , , ,746.43,746.3,1800.0,400.0, , , , , ,, , 
09:31:31,-0.06,0.38,-0.08,0.34,-4.83,0.25,0.23,-5.22,-0.35,0.56,-7.73, , , , , ,746.3,746.2,1500.0,300.0, , , , , ,, , 
09:31:34,-0.24,0.29,-0.18,0.29,-4.96,-0.03,0.27,-5.11,-0.5,0.32,-7.86, , , , , ,746.3,746.2,500.0,200.0, , , , , ,, , 
09:31:37,-0.37,0.0,-0.54,-0.22,-4.65,-0.14,-0.03,-4.79,-0.43,0.25,-7.78, , , , , ,746.2,746.0,100.0,2500.0, , , , , ,, , 
09:31:40,-0.72,-0.24,-0.83,-0.54,-4.63,-0.58,-0.28,-4.7,-0.74,0.09,-7.79,-500.0,746.28,0.0,-0.0,500.0,746.3,745.86,1600.0,971.0, , , ,2018-05-15 09:31:40.618000,2018-05-15 09:31:40.618000,, , 
09:31:43,-0.92,-0.5,-1.33,-1.06,-4.51,-0.67,-0.5,-4.41,-0.76,0.05,-7.7,-500.0,745.88,0.0,-0.0,500.0,745.9,745.86,500.0,671.0, , , ,2018-05-15 09:31:44.391000,2018-05-15 09:31:44.391000,, , 
09:31:46,-1.08,-0.29,-1.48,-0.58,-2.82,-1.07,-0.42,-2.83,-0.69,0.12,-6.25, , , , , ,745.0,744.5,700.0,300.0, , , , , ,, , 
09:31:49,-1.14,-0.25,-1.93,-0.77,-2.93,-1.37,-0.14,-2.78,-0.11,0.15,-6.35, , , , , ,745.0,744.5,700.0,400.0, , , , , ,, , 
09:31:52,-1.14,-0.27,-1.71,-0.96,-2.58,-1.48,-0.12,-2.38,-0.24,0.28,-6.26, , , , , ,745.0,744.02,1200.0,300.0, , , , , ,, , 
09:31:55,-1.42,-0.31,-1.62,-1.02,-1.96,-1.78,-0.15,-1.94,-0.84,0.26,-6.15, , , , , ,744.5,744.02,100.0,300.0, , , , , ,, , 
09:31:58,-1.26,-0.21,-1.47,-0.88,-2.3,-1.53,0.03,-1.96,-0.77,0.21,-6.38, , , , , ,744.5,744.02,900.0,800.0, , , , , ,, , 
09:32:01,-1.54,-0.36,-1.9,-0.92,-2.36,-1.62,-0.15,-1.96,-1.09,-0.02,-6.58,-500.0,744.37,744.37,-200.0,300.0,744.39,744.02,400.0,200.0, , , ,2018-05-15 09:32:01.608000,2018-05-15 09:32:01.608000,, , 
09:32:04,-1.56,-0.65,-1.78,-1.58,-1.99,-1.49,-0.3,-1.52,-1.41,-0.06,-6.14,-300.0,743.98,743.98,-300.0,0.0,744.0,743.58,1600.0,100.0,-1470.39,-3.94, ,2018-05-15 09:32:05.017000,2018-05-15 09:32:05.016000,, , 
09:32:07,-1.81,-0.64,-2.26,-1.65,-1.89,-1.78,-0.27,-1.45,-1.4,0.01,-5.95, , , , , ,744.0,743.12,3500.0,1000.0, , , , , ,, , 
09:32:10,-1.76,-0.82,-2.24,-1.99,-1.86,-1.64,-0.52,-1.77,-1.4,0.07,-6.04,-500.0,743.12,743.12,-500.0,-500.0,743.97,743.12,1000.0,1200.0, , , ,2018-05-15 09:32:10.655000,2018-05-15 09:32:10.655000,, , 
09:32:13,-1.71,-0.82,-2.12,-2.07,-1.96,-1.79,-0.49,-2.08,-1.24,0.11,-6.09, , , , , ,743.97,743.1,600.0,300.0, , , , , ,, , 
09:32:16,-1.76,-0.61,-2.12,-1.71,-1.34,-1.66,-0.25,-1.59,-1.5,0.14,-5.52, , , , , ,743.12,743.02,300.0,100.0, , , , , ,, , 
09:32:19,-1.36,-0.61,-1.6,-2.06,-1.19,-1.21,-0.02,-1.81,-1.28,0.24,-5.46, , , , , ,743.1,742.8,100.0,300.0, , , , , ,, , 
09:32:22,-1.36,-0.32,-1.69,-1.15,-1.45,-1.13,0.02,-2.29,-1.27,0.18,-5.88, , , , , ,743.58,742.8,200.0,300.0, , , , , ,, , 
09:32:25,-0.96,-0.48,-0.8,-1.53,-0.99,-1.11,-0.05,-2.07,-0.98,0.14,-5.61, , , , , ,743.0,742.8,400.0,500.0, , , , , ,, , 
09:32:28,-1.41,-0.42,-1.77,-1.47,-0.62,-1.05,0.02,-2.14,-1.4,0.18,-5.49, , , , , ,742.8,742.65,700.0,100.0, , , , , ,, , 
09:32:31,-0.96,-0.46,-0.75,-1.63,-0.22,-0.73,0.02,-1.93,-1.4,0.24,-5.21, , , , , ,742.61,742.42,900.0,100.0, , , , , ,, , 
09:32:34,-0.82,-0.24,-0.74,-1.12,-0.03,-0.41,0.14,-1.94,-1.32,0.26,-5.29, , , , , ,742.51,742.41,200.0,1200.0, , , , , ,, , 
09:32:37,-0.72,0.4,-0.38,0.25,0.02,-0.67,0.53,-2.04,-1.12,0.43,-5.46, , , , , ,743.0,742.01,3700.0,300.0, , , , , ,, , 
09:32:40,0.04,1.47,0.88,1.76,-0.62,0.51,1.58,-2.79,-1.26,1.07,-6.14, , , , , ,743.08,743.0,200.0,2000.0, , , , , ,, , 
09:32:43,0.31,1.51,0.92,1.57,0.12,1.07,1.76,-2.2,-1.05,1.19,-5.61,500.0,742.02,742.02,500.0,0.0,743.0,742.0,5200.0,1200.0,112.35,0.3, ,2018-05-15 09:32:43.711000,2018-05-15 09:32:43.711000,, , 
09:32:46,0.36,1.3,0.69,1.13,0.85,1.0,1.57,-1.66,-0.6,1.2,-4.98, , , , , ,742.01,742.0,500.0,100.0, , , , , ,, , 
09:32:49,0.51,1.54,0.82,1.65,-0.51,0.78,1.6,-3.37,-0.07,1.38,-6.43, , , , , ,743.12,743.0,20.0,3400.0, , , , , ,, , 
09:32:52,0.37,1.91,0.94,2.25,0.04,0.83,1.95,-3.17,-0.66,1.54,-6.04, , , , , ,742.99,742.41,100.0,452.0, , , , , ,, , 
09:32:55,0.8,1.68,0.92,1.73,0.29,1.44,1.85,-3.17,0.04,1.45,-5.91,500.0,742.8,742.8,500.0,500.0,742.8,742.41,100.0,352.0, , , ,2018-05-15 09:32:55.687000,2018-05-15 09:32:55.687000,, , 
09:32:58,0.79,1.45,0.96,1.55,-0.03,1.23,1.56,-3.6,0.18,1.23,-6.08, , , , , ,743.0,742.65,5300.0,700.0, , , , , ,, , 
09:33:01,0.56,1.25,0.96,1.45,0.96,0.68,1.23,-2.58,0.06,1.08,-5.08, , , , , ,742.07,742.0,1100.0,500.0, , , , , ,, , 
09:33:04,0.43,1.11,0.64,0.91,0.45,0.75,1.28,-3.08,-0.11,1.13,-5.6, , , , , ,742.65,742.01,1900.0,200.0, , , , , ,, , 
09:33:07,0.21,0.81,0.08,0.52,0.6,0.48,0.98,-2.71,0.06,0.93,-5.29, , , , , ,742.07,742.01,100.0,200.0, , , , , ,, , 
09:33:10,0.18,0.78,0.09,0.55,-0.01,0.5,0.83,-2.99,-0.04,0.95,-5.62, , , , , ,742.4,742.07,2100.0,100.0, , , , , ,, , 
09:33:13,-0.4,0.62,-0.89,0.38,-0.07,0.03,0.46,-3.04,-0.33,1.01,-5.35, , , , , ,742.07,742.01,300.0,1800.0, , , , , ,, , 
09:33:16,-0.63,0.59,-0.66,0.35,-0.15,-0.39,0.43,-3.14,-0.82,1.0,-5.28, , , , , ,742.01,742.0,100.0,2400.0, , , , , ,, , 
09:33:19,-0.51,0.58,-0.39,0.3,-0.54,-0.46,0.55,-3.14,-0.67,0.89,-5.24, , , , , ,742.01,742.0,2100.0,2700.0, , , , , ,, , 
09:33:22,-0.09,0.65,-0.21,0.27,-0.96,0.26,0.62,-3.39,-0.31,1.06,-5.66, , , , , ,742.4,742.01,1200.0,2200.0, , , , , ,, , 
09:33:25,0.2,0.85,0.24,0.64,-1.18,0.36,0.74,-3.1,0.0,1.18,-5.74, , , , , ,742.4,742.07,1700.0,100.0, , , , , ,, , 
09:33:28,0.18,1.07,0.18,0.87,-1.48,0.58,1.02,-3.03,-0.21,1.33,-5.76, , , , , ,742.4,742.07,200.0,300.0, , , , , ,, , 
09:33:31,0.22,0.9,0.09,0.6,-1.72,0.59,0.96,-3.24,-0.03,1.14,-5.94, , , , , ,742.65,742.07,1800.0,100.0, , , , , ,, , 
09:33:34,0.14,0.78,0.17,0.62,-2.09,0.61,0.73,-3.56,-0.36,1.01,-6.12, , , , , ,742.65,742.5,1800.0,1800.0, , , , , ,, , 
09:33:37,0.14,0.91,0.27,0.83,-2.13,0.42,0.9,-3.6,-0.28,1.0,-6.07, , , , , ,742.65,742.5,900.0,1700.0, , , , , ,, , 
09:33:40,0.26,1.05,0.45,1.09,-2.16,0.71,1.05,-3.49,-0.37,1.02,-6.04, , , , , ,742.65,742.5,1400.0,900.0, , , , , ,, , 
09:33:43,0.23,0.99,0.25,1.02,-2.3,0.57,1.08,-3.46,-0.15,0.86,-6.05, , , , , ,742.65,742.5,300.0,400.0, , , , , ,, , 
09:33:46,0.08,0.96,0.17,0.92,-2.52,0.21,0.98,-3.51,-0.12,0.97,-6.15, , , , , ,742.99,742.3,200.0,3400.0, , , , , ,, , 
09:33:49,-0.08,1.14,-0.04,1.33,-2.95,0.06,1.11,-3.48,-0.25,0.99,-6.27, , , , , ,743.0,742.5,100.0,500.0, , , , , ,, , 
09:33:52,0.03,1.18,0.11,1.14,-3.25,0.09,1.36,-3.3,-0.11,1.04,-6.35, , , , , ,742.88,742.65,200.0,800.0, , , , , ,, , 
09:33:55,-0.21,0.59,-0.35,0.32,-3.39,-0.17,0.82,-3.28,-0.1,0.61,-6.36, , , , , ,742.88,742.65,800.0,300.0, , , , , ,, , 
09:33:58,-0.31,0.53,-0.18,0.58,-3.85,-0.29,0.57,-3.43,-0.47,0.43,-6.75, , , , , ,743.01,743.0,100.0,1500.0, , , , , ,, , 
09:34:01,-0.61,0.45,-0.5,0.47,-3.41,-0.77,0.44,-2.79,-0.55,0.44,-6.38, , , , , ,743.01,742.3,100.0,1400.0, , , , , ,, , 
09:34:04,-0.98,0.06,-0.99,0.02,-3.42,-1.1,-0.17,-2.69,-0.85,0.32,-6.33, , , , , ,742.65,742.5,400.0,500.0, , , , , ,, , 
09:34:07,-1.26,-0.33,-1.6,-0.33,-3.2,-1.25,-0.53,-2.3,-0.92,-0.13,-6.15,-500.0,742.48,742.48,-500.0,0.0,742.5,742.31,100.0,100.0,-597.33,-1.61, ,2018-05-15 09:34:07.800000,2018-05-15 09:34:07.800000,, , 
09:34:10,-1.78,-0.92,-2.29,-1.16,-3.08,-1.39,-1.23,-2.02,-1.67,-0.37,-6.04,-500.0,742.3,0.0,-0.0,0.0,742.31,742.3,100.0,100.0, , , ,2018-05-15 09:34:10.592000,2018-05-15 09:34:10.592000,, , 
09:34:13,-2.14,-1.27,-2.75,-1.83,-2.48,-1.95,-1.45,-1.1,-1.73,-0.53,-5.11, , , , , ,742.01,741.22,200.0,100.0, , , , , ,, , 
09:34:16,-2.38,-1.39,-3.09,-2.09,-2.62,-2.16,-1.58,-1.21,-1.89,-0.5,-5.08,-500.0,741.22,741.22,-500.0,-500.0,742.01,741.22,700.0,200.0, , , ,2018-05-15 09:34:16.595000,2018-05-15 09:34:16.595000,, , 
09:34:19,-2.04,-1.44,-2.69,-2.27,-3.15,-1.76,-1.47,-1.89,-1.66,-0.58,-5.62, , , , , ,742.02,742.01,200.0,400.0, , , , , ,, , 
09:34:22,-1.97,-1.18,-2.73,-2.1,-2.0,-1.48,-0.95,-0.9,-1.7,-0.49,-4.49, , , , , ,741.2,741.13,105.0,600.0, , , , , ,, , 
09:34:25,-1.84,-1.01,-2.66,-1.86,-1.66,-1.25,-0.7,-1.05,-1.6,-0.47,-4.52, , , , , ,741.2,741.13,1005.0,500.0, , , , , ,, , 
09:34:28,-1.8,-0.94,-2.39,-1.68,-1.51,-1.19,-0.77,-0.97,-1.82,-0.36,-4.46, , , , , ,741.13,741.08,200.0,100.0, , , , , ,, , 
09:34:31,-1.75,-0.94,-2.05,-1.84,-1.55,-1.11,-0.49,-0.85,-2.09,-0.49,-4.5, , , , , ,741.13,741.08,1200.0,200.0, , , , , ,, , 
09:34:34,-1.47,-0.87,-1.86,-1.89,-1.4,-0.8,-0.29,-0.78,-1.76,-0.44,-4.36, , , , , ,741.0,740.92,200.0,500.0, , , , , ,, , 
09:34:37,-1.42,-0.79,-1.48,-1.71,-1.36,-1.05,-0.17,-0.83,-1.72,-0.51,-4.36, , , , , ,740.92,740.9,500.0,2100.0, , , , , ,, , 
09:34:40,-0.92,-0.27,-0.73,-0.64,-1.37,-0.44,0.03,-1.0,-1.57,-0.2,-4.55, , , , , ,741.01,741.0,1400.0,5700.0, , , , , ,, , 
09:34:43,-0.53,-0.27,-0.43,-0.83,-1.35,-0.11,0.21,-1.17,-1.05,-0.18,-4.6, , , , , ,741.01,741.0,800.0,5600.0, , , , , ,, , 
09:34:46,-0.35,-0.26,-0.38,-1.07,-0.68,0.21,0.27,-0.6,-0.88,0.01,-3.99, , , , , ,740.9,740.19,4600.0,100.0, , , , , ,, , 
09:34:49,-0.45,-0.42,-0.3,-0.9,-0.5,-0.15,-0.07,-0.7,-0.88,-0.28,-3.99, , , , , ,740.9,740.19,8000.0,700.0, , , , , ,, , 
09:34:52,-0.42,-0.29,-0.22,-0.62,0.21,-0.18,-0.1,-0.41,-0.86,-0.14,-3.5, , , , , ,740.19,740.11,800.0,1000.0, , , , , ,, , 
09:34:55,-0.03,-0.04,0.1,-0.29,0.25,0.3,0.13,-0.64,-0.5,0.04,-3.54, , , , , ,740.19,740.11,200.0,1400.0, , , , , ,, , 
09:34:58,-0.05,0.1,-0.04,-0.43,0.41,0.29,0.37,-0.87,-0.39,0.37,-3.59, , , , , ,740.18,740.12,300.0,4200.0, , , , , ,, , 
09:35:01,-0.2,0.07,-0.1,-0.29,0.6,0.21,0.21,-1.11,-0.7,0.29,-3.67, , , , , ,740.15,740.12,600.0,2936.0, , , , , ,, , 
09:35:04,-0.71,-0.26,-0.69,-0.61,0.71,-0.25,-0.07,-1.12,-1.19,-0.1,-3.5, , , , , ,740.11,740.0,500.0,2700.0, , , , , ,, , 
09:35:07,-0.76,-0.37,-0.75,-0.64,1.18,-0.44,-0.09,-0.93,-1.09,-0.39,-3.3, , , , , ,740.0,739.65,2400.0,100.0, , , , , ,, , 
09:35:10,-0.75,-0.49,-0.69,-1.07,0.93,-0.7,0.1,-1.44,-0.87,-0.51,-3.78, , , , , ,740.12,740.11,4900.0,100.0, , , , , ,, , 
09:35:13,-0.51,-0.28,-0.12,-0.55,1.0,-0.57,0.2,-1.42,-0.84,-0.5,-3.72, , , , , ,740.11,740.0,700.0,100.0, , , , , ,, , 
09:35:16,-0.09,0.09,0.08,-0.34,2.15,0.35,0.77,-0.21,-0.7,-0.15,-2.62, , , , , ,739.14,739.11,200.0,500.0, , , , , ,, , 
09:35:19,-0.3,-0.02,-0.3,-0.61,1.62,0.09,0.58,-0.71,-0.7,-0.03,-3.0, , , , , ,739.65,739.18,500.0,400.0, , , , , ,, , 
09:35:22,-0.57,-0.06,-0.31,-0.72,0.53,-0.36,0.47,-1.73,-1.02,0.06,-3.95, , , , , ,740.11,740.1,1500.0,5600.0, , , , , ,, , 
09:35:25,-0.17,0.39,0.42,0.22,0.38,0.11,0.79,-1.85,-1.05,0.16,-3.97, , , , , ,740.11,740.1,800.0,3300.0, , , , , ,, , 
09:35:28,0.13,0.52,0.5,0.31,0.38,0.53,0.84,-1.97,-0.63,0.43,-4.0, , , , , ,740.11,740.1,500.0,600.0, , , , , ,, , 
09:35:31,0.23,0.49,0.57,0.44,1.15,0.46,0.76,-1.32,-0.33,0.27,-3.37,500.0,739.16,739.16,500.0,0.0,740.11,739.14,200.0,100.0,593.51,1.6, ,2018-05-15 09:35:31.634000,2018-05-15 09:35:31.634000,, , 
09:35:34,-0.04,0.54,0.41,0.5,0.53,-0.05,0.76,-1.97,-0.49,0.35,-3.86, , , , , ,740.0,739.98,100.0,100.0, , , , , ,, , 
09:35:37,0.05,0.64,0.42,0.67,0.41,0.04,0.9,-2.08,-0.32,0.36,-3.87, , , , , ,740.0,739.98,1100.0,100.0, , , , , ,, , 
09:35:40,0.27,0.73,0.42,0.71,0.37,0.34,0.96,-2.05,0.04,0.52,-3.9, , , , , ,740.0,739.98,1500.0,100.0, , , , , ,, , 
09:35:43,0.53,1.14,0.82,1.23,0.2,0.43,1.23,-2.23,0.33,0.94,-3.93, , , , , ,740.0,739.98,100.0,500.0, , , , , ,, , 
09:35:46,0.88,1.21,0.86,1.3,0.07,0.53,1.07,-2.34,1.26,1.25,-4.03,500.0,740.12,740.12,500.0,500.0,740.12,739.96,6200.0,1000.0, , , ,2018-05-15 09:35:46.769000,2018-05-15 09:35:46.769000,, , 
09:35:49,1.39,1.59,1.07,1.69,-0.15,1.33,1.47,-2.5,1.76,1.6,-4.17,500.0,740.14,740.14,500.0,1000.0,740.14,740.12,10.0,1500.0, , , ,2018-05-15 09:35:49.752000,2018-05-15 09:35:49.752000,, , 
09:35:52,1.39,1.79,1.06,1.63,-0.9,1.4,1.77,-3.09,1.71,1.97,-4.71,500.0,740.9,740.9,500.0,1500.0,740.9,740.12,600.0,190.0, , , ,2018-05-15 09:35:52.705000,2018-05-15 09:35:52.704000,, , 
09:35:55,1.19,1.64,0.69,1.57,-1.19,1.39,1.56,-3.16,1.5,1.78,-4.84,500.0,741.0,741.0,500.0,2000.0,741.0,740.12,700.0,800.0, , , ,2018-05-15 09:35:55.652000,2018-05-15 09:35:55.652000,, , 
09:35:58,1.08,1.59,0.95,1.59,-0.84,0.98,1.56,-2.46,1.3,1.62,-4.38, , , , , ,740.14,740.12,200.0,1700.0, , , , , ,, , 
09:36:01,1.0,1.53,0.55,1.5,-1.78,1.15,1.43,-3.18,1.3,1.67,-5.22, , , , , ,741.0,740.25,200.0,500.0, , , , , ,, , 
09:36:04,0.56,1.29,0.32,1.26,-2.41,0.79,1.12,-3.82,0.56,1.48,-5.99, , , , , ,741.01,741.0,600.0,300.0, , , , , ,, , 
09:36:07,0.47,1.2,0.34,1.35,-1.91,0.39,0.92,-3.29,0.67,1.33,-5.67, , , , , ,740.98,740.12,200.0,1100.0, , , , , ,, , 
09:36:10,0.53,1.29,0.29,1.51,-2.1,0.27,0.84,-3.44,1.03,1.52,-5.98, , , , , ,741.08,740.14,700.0,100.0, , , , , ,, , 
09:36:13,0.23,1.04,-0.3,1.14,-2.74,0.03,0.44,-4.01,0.97,1.53,-6.72, , , , , ,741.08,741.0,700.0,100.0, , , , , ,, , 
09:36:16,0.09,1.05,-0.38,0.95,-2.73,-0.19,0.61,-3.92,0.83,1.58,-6.72, , , , , ,741.0,740.98,100.0,800.0, , , , , ,, , 
09:36:19,0.31,1.13,0.16,1.12,-1.78,-0.07,0.78,-2.83,0.84,1.5,-5.7, , , , , ,740.25,740.18,400.0,100.0, , , , , ,, , 
09:36:22,0.21,0.84,0.01,0.98,-1.88,-0.32,0.33,-2.99,0.93,1.2,-5.78, , , , , ,740.25,740.17,700.0,100.0, , , , , ,, , 
09:36:25,-0.53,0.51,-0.66,0.57,-2.48,-0.99,0.0,-3.52,0.06,0.96,-6.36, , , , , ,740.98,740.17,400.0,200.0, , , , , ,, , 
09:36:28,-0.52,0.45,-0.42,0.41,-2.55,-0.84,-0.03,-3.47,-0.31,0.97,-6.48, , , , , ,740.9,740.17,900.0,100.0, , , , , ,, , 
09:36:31,-0.39,0.33,-0.58,0.21,-2.11,-0.43,-0.0,-3.05,-0.16,0.79,-6.23, , , , , ,740.25,740.18,200.0,200.0, , , , , ,, , 
09:36:34,-0.83,0.2,-0.87,0.23,-2.76,-1.1,-0.22,-3.43,-0.52,0.58,-6.82, , , , , ,740.9,740.25,900.0,300.0, , , , , ,, , 
09:36:37,-0.9,0.01,-0.86,0.0,-2.38,-1.07,-0.33,-2.9,-0.79,0.35,-6.43, , , , , ,740.25,740.17,600.0,300.0, , , , , ,, , 
09:36:40,-0.69,0.05,-0.75,-0.02,-2.3,-0.84,-0.32,-2.82,-0.48,0.49,-6.36, , , , , ,740.18,740.17,200.0,400.0, , , , , ,, , 
09:36:43,-0.71,-0.03,-1.06,-0.09,-2.38,-1.04,-0.41,-2.73,-0.02,0.41,-6.15, , , , , ,740.18,740.01,600.0,186.0, , , , , ,, , 
09:36:46,-1.26,-0.32,-1.39,-0.42,-2.38,-1.8,-0.82,-2.69,-0.58,0.29,-6.09,-2000.0,740.1,0.0,-0.0,2000.0,740.12,740.01,1100.0,100.0, , , ,2018-05-15 09:36:46.671000,2018-05-15 09:36:46.671000,, , 
09:36:49,-1.7,-0.94,-1.79,-1.27,-2.39,-2.21,-1.39,-2.65,-1.1,-0.15,-5.88,-2000.0,740.0,0.0,-0.0,2000.0,740.1,740.0,2100.0,4436.0, , , ,2018-05-15 09:36:50.502000,2018-05-15 09:36:50.502000,, , 
09:36:52,-2.09,-1.28,-2.61,-1.76,-2.25,-2.35,-1.61,-2.48,-1.3,-0.49,-5.43,-2000.0,739.78,0.0,-0.0,2000.0,740.0,739.78,8564.0,600.0, , , ,2018-05-15 09:36:53.010000,2018-05-15 09:36:53.010000,, , 
09:36:55,-2.02,-1.31,-2.58,-1.66,-1.59,-2.14,-1.59,-1.83,-1.36,-0.68,-4.58,-2000.0,739.14,739.14,-2000.0,0.0,739.65,739.14,200.0,300.0,-4541.66,-3.07, ,2018-05-15 09:36:56.022000,2018-05-15 09:36:56.022000,, , 
09:36:58,-2.0,-1.35,-2.33,-1.88,-1.45,-2.18,-1.45,-1.88,-1.5,-0.71,-4.13,-500.0,739.1,739.1,-500.0,-500.0,739.65,739.1,700.0,12500.0, , , ,2018-05-15 09:36:58.671000,2018-05-15 09:36:58.671000,, , 
09:37:01,-1.96,-1.36,-2.09,-2.15,-1.49,-2.18,-1.25,-1.98,-1.63,-0.67,-3.88, , , , , ,739.65,739.1,200.0,10600.0, , , , , ,, , 
09:37:04,-2.24,-1.43,-2.43,-2.2,-1.23,-2.39,-1.4,-1.65,-1.89,-0.69,-3.3,-500.0,739.08,739.08,-500.0,-1000.0,739.1,739.08,4600.0,600.0, , , ,2018-05-15 09:37:04.659000,2018-05-15 09:37:04.659000,, , 
09:37:07,-2.25,-1.47,-2.16,-2.18,-1.27,-2.39,-1.44,-1.64,-2.21,-0.8,-3.18,-500.0,739.02,739.02,-500.0,-1500.0,739.08,739.02,600.0,500.0, , , ,2018-05-15 09:37:07.617000,2018-05-15 09:37:07.617000,, , 
09:37:10,-2.1,-1.42,-1.93,-2.06,-1.32,-2.2,-1.39,-1.65,-2.16,-0.81,-3.14, , , , , ,739.08,739.0,1300.0,3500.0, , , , , ,, , 
09:37:13,-1.62,-1.1,-1.26,-1.6,-1.3,-1.68,-0.85,-1.63,-1.93,-0.84,-3.12, , , , , ,739.08,738.98,3010.0,1500.0, , , , , ,, , 
09:37:16,-1.46,-0.81,-1.14,-1.23,-1.11,-1.66,-0.47,-1.44,-1.57,-0.74,-2.95, , , , , ,738.99,738.83,100.0,300.0, , , , , ,, , 
09:37:19,-1.43,-0.8,-0.86,-1.24,-1.06,-1.78,-0.43,-1.42,-1.65,-0.72,-2.94, , , , , ,738.99,738.81,1000.0,100.0, , , , , ,, , 
09:37:22,-1.36,-0.85,-0.54,-1.37,-0.99,-1.78,-0.63,-1.23,-1.76,-0.56,-2.8, , , , , ,738.81,738.66,211.0,100.0, , , , , ,, , 
09:37:25,-0.65,-0.3,0.1,-0.59,-1.04,-0.86,-0.08,-1.25,-1.18,-0.22,-2.74, , , , , ,738.98,738.51,640.0,600.0, , , , , ,, , 
09:37:28,-0.27,0.09,0.26,-0.07,-0.8,-0.75,0.1,-1.02,-0.33,0.26,-2.58, , , , , ,738.81,738.3,400.0,100.0, , , , , ,, , 
09:37:31,-0.33,0.27,0.21,-0.05,-0.81,-0.52,0.15,-1.05,-0.68,0.7,-2.56, , , , , ,738.81,738.3,600.0,100.0, , , , , ,, , 
09:37:34,-0.59,0.27,0.28,-0.28,-0.97,-1.13,0.12,-1.38,-0.93,0.96,-2.74, , , , , ,738.81,738.7,700.0,100.0, , , , , ,, , 
09:37:37,-0.33,0.36,0.3,-0.08,-0.27,-0.53,0.05,-0.8,-0.78,1.1,-2.15, , , , , ,738.3,738.23,300.0,1000.0, , , , , ,, , 
09:37:40,0.16,0.73,0.5,0.29,-0.2,-0.05,0.34,-0.82,0.02,1.56,-2.02, , , , , ,738.25,738.23,1100.0,300.0, , , , , ,, , 
09:37:43,0.07,0.92,0.42,0.38,-0.75,-0.17,0.5,-1.4,-0.03,1.89,-2.47, , , , , ,738.65,738.61,5400.0,300.0, , , , , ,, , 
09:37:46,0.12,0.9,0.64,0.27,-0.17,-0.14,0.51,-0.83,-0.14,1.91,-1.99, , , , , ,738.23,738.18,520.0,100.0, , , , , ,, , 
09:37:49,0.62,1.11,0.78,0.63,-0.07,0.71,0.65,-0.74,0.37,2.07,-1.95,1500.0,738.07,738.07,600.0,-900.0,738.23,738.05,91.0,1100.0, , , ,2018-05-15 09:37:49.731000,2018-05-15 09:37:49.731000,, , 
09:37:52,0.78,1.17,0.85,0.73,-0.14,0.57,0.78,-0.81,0.91,2.0,-1.99,900.0,738.23,738.23,900.0,0.0,738.23,738.08,1291.0,100.0,45.19,0.04, ,2018-05-15 09:37:53.289000,2018-05-15 09:37:53.289000,, , 
09:37:55,0.66,1.08,0.88,0.92,-0.46,0.31,0.85,-1.15,0.78,1.46,-2.31, , , , , ,738.51,738.25,200.0,1009.0, , , , , ,, , 
09:37:58,0.67,1.18,1.06,1.14,-0.29,0.22,0.92,-0.97,0.72,1.47,-2.06, , , , , ,738.25,738.16,1191.0,100.0, , , , , ,, , 
09:38:01,1.03,1.41,1.19,1.49,-0.76,0.87,1.09,-1.43,1.02,1.64,-2.5,500.0,738.65,738.232,500.0,500.0,738.65,738.3,4300.0,280.0, , , ,2018-05-15 09:38:01.672000,2018-05-15 09:38:01.672000,, , 
09:38:04,1.14,1.35,1.03,1.4,-0.21,0.74,1.01,-0.76,1.65,1.65,-1.98,500.0,738.05,738.05,500.0,1000.0,738.05,738.0,100.0,3953.0, , , ,2018-05-15 09:38:04.658000,2018-05-15 09:38:04.658000,, , 
09:38:07,0.8,1.07,0.69,0.85,-0.23,0.61,0.79,-0.84,1.1,1.56,-2.08, , , , , ,738.01,738.0,300.0,3753.0, , , , , ,, , 
09:38:10,0.48,0.96,0.48,0.91,-0.17,0.13,0.62,-0.83,0.83,1.35,-2.05, , , , , ,738.0,737.88,247.0,600.0, , , , , ,, , 
09:38:13,0.71,1.19,0.5,1.17,-0.6,0.42,0.81,-1.32,1.21,1.59,-2.51, , , , , ,738.3,738.25,100.0,1713.0, , , , , ,, , 
09:38:16,0.77,1.35,0.49,1.31,-0.29,0.46,0.97,-1.17,1.35,1.76,-2.29, , , , , ,738.23,737.88,1187.0,800.0, , , , , ,, , 
09:38:19,0.9,1.26,0.48,1.12,-0.31,0.57,0.98,-1.19,1.63,1.69,-2.38, , , , , ,738.15,738.0,100.0,1000.0, , , , , ,, , 
09:38:22,0.63,1.03,0.42,0.83,-0.33,0.33,0.76,-1.21,1.14,1.5,-2.51, , , , , ,738.15,738.0,600.0,700.0, , , , , ,, , 
09:38:25,0.27,0.76,0.04,0.6,0.03,0.39,0.47,-0.85,0.39,1.22,-2.22, , , , , ,737.88,737.71,300.0,100.0, , , , , ,, , 
09:38:28,0.2,0.65,-0.06,0.51,-0.19,0.17,0.44,-1.07,0.48,1.0,-2.44, , , , , ,738.0,737.88,1400.0,500.0, , , , , ,, , 
09:38:31,0.44,0.78,0.21,0.65,-0.37,0.28,0.65,-1.25,0.83,1.06,-2.6, , , , , ,738.22,737.88,100.0,200.0, , , , , ,, , 
09:38:34,0.56,1.0,0.51,0.87,-0.41,0.16,0.79,-1.23,1.0,1.35,-2.56, , , , , ,738.22,737.86,600.0,1300.0, , , , , ,, , 
09:38:37,0.79,1.05,0.57,1.09,-0.59,0.6,0.82,-1.34,1.2,1.24,-2.65,500.0,738.22,738.22,500.0,1500.0,738.22,738.01,600.0,791.0, , , ,2018-05-15 09:38:37.681000,2018-05-15 09:38:37.681000,, , 
09:38:40,0.71,1.09,0.55,1.1,-0.57,0.17,0.82,-1.29,1.43,1.33,-2.62, , , , , ,738.25,737.86,1600.0,291.0, , , , , ,, , 
09:38:43,0.69,1.08,0.55,1.09,-0.73,0.21,0.87,-1.43,1.29,1.27,-2.88, , , , , ,738.25,738.02,1537.0,200.0, , , , , ,, , 
09:38:46,0.8,1.24,0.6,1.36,-0.55,0.41,0.95,-1.27,1.37,1.42,-2.83, , , , , ,738.25,737.75,1437.0,32.0, , , , , ,, , 
09:38:49,0.75,1.28,0.57,1.36,-0.72,0.58,0.83,-1.48,1.1,1.66,-3.16, , , , , ,738.25,738.01,1437.0,91.0, , , , , ,, , 
09:38:52,0.53,1.08,0.51,1.1,-0.73,0.11,0.69,-1.45,0.96,1.44,-3.25, , , , , ,738.25,737.94,1437.0,91.0, , , , , ,, , 
09:38:55,0.34,0.91,0.33,0.97,-0.59,0.0,0.57,-1.34,0.67,1.19,-3.13, , , , , ,738.0,737.94,100.0,99.0, , , , , ,, , 
09:38:58,0.16,0.74,0.15,0.83,-0.65,0.01,0.43,-1.47,0.31,0.95,-3.22, , , , , ,738.0,737.94,600.0,400.0, , , , , ,, , 
09:39:01,-0.22,0.44,-0.39,0.45,-0.67,0.03,0.13,-1.56,-0.31,0.72,-3.25, , , , , ,737.94,737.88,109.0,100.0, , , , , ,, , 
09:39:04,-0.59,0.11,-0.87,0.08,-0.46,-0.31,-0.13,-1.69,-0.61,0.39,-3.15, , , , , ,737.88,737.73,600.0,32.0, , , , , ,, , 
09:39:07,-0.52,0.13,-0.91,0.16,-0.57,-0.21,0.02,-1.97,-0.44,0.22,-3.17, , , , , ,737.88,737.73,600.0,232.0, , , , , ,, , 
09:39:10,-0.47,0.08,-1.0,0.1,-0.7,-0.29,-0.21,-2.24,-0.13,0.35,-3.23, , , , , ,737.94,737.73,1009.0,332.0, , , , , ,, , 
09:39:13,-0.4,0.14,-0.78,0.1,-0.73,-0.25,-0.04,-2.41,-0.16,0.36,-3.23, , , , , ,737.94,737.73,1209.0,32.0, , , , , ,, , 
09:39:16,-0.32,0.17,-0.78,0.14,-0.86,-0.26,0.08,-2.48,0.08,0.29,-3.24, , , , , ,737.94,737.73,1309.0,95.0, , , , , ,, , 
09:39:19,-0.36,0.25,-0.79,0.18,-0.93,-0.39,0.25,-2.55,0.09,0.3,-3.31, , , , , ,737.89,737.88,100.0,100.0, , , , , ,, , 
09:39:22,-0.3,0.32,-0.64,0.38,-0.87,-0.28,0.17,-2.56,0.02,0.41,-3.21, , , , , ,737.94,737.71,9.0,595.0, , , , , ,, , 
09:39:25,-0.25,0.36,-0.52,0.46,-0.82,-0.13,0.06,-2.58,-0.11,0.56,-3.13, , , , , ,737.84,737.71,100.0,795.0, , , , , ,, , 
09:39:28,-0.21,0.52,-0.5,0.56,-0.89,-0.15,0.19,-2.8,0.02,0.81,-3.15, , , , , ,737.88,737.72,600.0,100.0, , , , , ,, , 
09:39:31,-0.04,0.66,-0.31,0.75,-0.9,0.1,0.4,-2.96,0.09,0.82,-3.12, , , , , ,737.88,737.7,100.0,395.0, , , , , ,, , 
09:39:34,0.1,0.7,-0.34,0.8,-0.82,0.41,0.3,-3.0,0.22,1.0,-2.96, , , , , ,737.75,737.73,1400.0,900.0, , , , , ,, , 
09:39:37,-0.21,0.46,-0.73,0.39,-0.65,0.29,0.09,-2.92,-0.18,0.91,-2.54, , , , , ,737.7,737.51,3605.0,1100.0, , , , , ,, , 
09:39:40,-0.61,-0.02,-1.17,0.01,-0.66,-0.2,-0.48,-2.87,-0.46,0.41,-2.14, , , , , ,737.65,737.52,1100.0,200.0, , , , , ,, , 
09:39:43,-0.72,-0.0,-1.21,-0.03,-0.7,-0.5,-0.19,-2.78,-0.44,0.22,-1.79, , , , , ,737.65,737.54,700.0,100.0, , , , , ,, , 
09:39:46,-0.61,-0.0,-1.32,0.05,-0.72,-0.3,-0.39,-2.76,-0.22,0.34,-1.36, , , , , ,737.65,737.54,700.0,300.0, , , , , ,, , 
09:39:49,-0.36,0.17,-0.8,0.18,-0.76,-0.15,-0.1,-2.57,-0.12,0.44,-1.09, , , , , ,737.65,737.54,300.0,690.0, , , , , ,, , 
09:39:52,-0.13,0.33,-0.54,0.37,-0.77,-0.01,0.07,-2.33,0.15,0.57,-0.91, , , , , ,737.65,737.54,600.0,300.0, , , , , ,, , 
09:39:55,-0.05,0.54,-0.53,0.45,-0.62,0.02,0.37,-1.93,0.36,0.78,-0.49, , , , , ,737.52,737.35,100.0,200.0, , , , , ,, , 
09:39:58,-0.32,0.37,-0.84,0.2,-0.84,-0.19,0.08,-1.62,0.06,0.85,-0.55, , , , , ,737.52,737.5,600.0,100.0, , , , , ,, , 
09:40:01,-0.53,0.21,-0.84,0.03,-0.91,-0.55,-0.16,-1.25,-0.22,0.74,-0.31, , , , , ,737.5,737.35,3700.0,700.0, , , , , ,, , 
09:40:04,-0.5,0.2,-0.96,0.03,-1.0,-0.43,-0.15,-0.9,-0.12,0.71,0.01, , , , , ,737.35,737.26,800.0,100.0, , , , , ,, , 
09:40:07,-0.37,0.3,-0.74,0.28,-1.71,-0.27,0.06,-1.24,-0.09,0.56,-0.24, , , , , ,737.71,737.52,300.0,100.0, , , , , ,, , 
09:40:10,-0.46,0.26,-1.08,0.14,-1.36,-0.08,-0.06,-0.64,-0.21,0.7,0.47, , , , , ,737.22,737.15,2900.0,600.0, , , , , ,, , 
09:40:13,-0.16,0.39,-0.94,0.16,-1.52,0.43,0.05,-0.62,0.04,0.95,0.65, , , , , ,737.22,737.15,2500.0,2100.0, , , , , ,, , 
09:40:16,0.25,0.68,-0.42,0.5,-1.64,0.45,0.32,-0.65,0.71,1.22,0.82, , , , , ,737.22,737.2,2000.0,200.0, , , , , ,, , 
09:40:19,0.52,0.8,-0.09,0.69,-1.63,0.77,0.64,-0.64,0.9,1.06,1.06, , , , , ,737.22,737.18,700.0,1000.0, , , , , ,, , 
09:40:22,0.41,0.9,-0.21,0.85,-1.72,0.81,0.81,-0.72,0.65,1.04,1.38, , , , , ,737.22,737.18,400.0,500.0, , , , , ,, , 
09:40:25,0.3,0.85,-0.26,0.58,-1.71,0.73,0.78,-0.55,0.42,1.19,1.73, , , , , ,737.15,737.11,500.0,500.0, , , , , ,, , 
09:40:28,0.31,0.98,-0.14,0.68,-1.89,0.54,0.92,-0.65,0.53,1.34,1.92, , , , , ,737.15,737.11,500.0,600.0, , , , , ,, , 
09:40:31,0.31,0.96,-0.12,0.63,-2.08,0.43,0.97,-0.62,0.62,1.28,2.15, , , , , ,737.15,737.11,1400.0,500.0, , , , , ,, , 
09:40:34,0.29,0.91,-0.13,0.64,-2.17,0.44,0.86,-0.54,0.56,1.23,2.37, , , , , ,737.15,737.11,500.0,300.0, , , , , ,, , 
09:40:37,0.32,1.05,-0.04,0.71,-2.29,0.57,0.96,-0.62,0.44,1.49,2.5, , , , , ,737.18,737.1,800.0,900.0, , , , , ,, , 
09:40:40,0.52,1.13,0.21,0.77,-2.22,0.75,1.12,-0.48,0.6,1.51,2.75, , , , , ,737.11,737.1,100.0,800.0, , , , , ,, , 
09:40:43,0.42,1.06,0.06,0.69,-2.04,0.69,1.09,-0.33,0.51,1.42,2.91, , , , , ,737.06,737.03,800.0,300.0, , , , , ,, , 
09:40:46,0.29,0.93,-0.11,0.51,-2.0,0.7,0.93,-0.41,0.28,1.33,2.98, , , , , ,737.06,737.02,1100.0,800.0, , , , , ,, , 
09:40:49,0.3,0.89,-0.11,0.38,-1.83,0.8,0.9,-0.48,0.21,1.4,3.07, , , , , ,737.06,737.05,500.0,200.0, , , , , ,, , 
09:40:52,0.08,0.7,-0.43,0.12,-1.55,0.71,0.75,-0.45,-0.04,1.22,3.19, , , , , ,737.03,737.0,100.0,2200.0, , , , , ,, , 
09:40:55,-0.74,-0.03,-1.52,-0.5,-1.32,-0.06,-0.15,-0.43,-0.64,0.55,3.34, , , , , ,737.0,736.98,4868.0,100.0, , , , , ,, , 
09:40:58,-1.37,-0.59,-2.04,-1.15,-0.71,-0.8,-0.47,-0.23,-1.26,-0.15,3.71,-1500.0,736.87,0.0,-0.0,1500.0,736.89,736.8,100.0,500.0, , , ,2018-05-15 09:40:58.699000,2018-05-15 09:40:58.699000,, , 
09:41:01,-1.64,-0.99,-2.46,-1.64,-0.28,-1.02,-0.9,-0.1,-1.44,-0.43,3.96,-1500.0,736.61,0.0,-0.0,1500.0,736.8,736.61,3443.0,100.0, , , ,2018-05-15 09:41:02.619000,2018-05-15 09:41:02.619000,, , 
09:41:04,-1.63,-1.01,-2.62,-1.65,0.22,-0.96,-0.99,0.1,-1.31,-0.39,4.39,-1500.0,736.4,736.4,-390.0,1110.0,736.58,736.4,1400.0,500.0, , , ,2018-05-15 09:41:05.162000,2018-05-15 09:41:05.162000,, , 
09:41:07,-1.39,-0.94,-2.46,-1.64,0.67,-0.73,-0.71,0.36,-0.98,-0.48,4.87,-1100.0,736.02,0.0,-0.0,1110.0,736.4,736.02,1110.0,200.0, , , ,2018-05-15 09:41:08.180000,2018-05-15 09:41:08.180000,, , 
09:41:10,-1.73,-0.99,-2.84,-1.84,0.96,-1.01,-0.67,0.56,-1.35,-0.47,5.17,-1100.0,736.01,736.011,-1100.0,10.0,736.02,736.01,1100.0,200.0,-4375.76,-3.95, ,2018-05-15 09:41:11.201000,2018-05-15 09:41:11.201000,, , 
09:41:13,-1.52,-0.86,-2.43,-1.78,0.98,-0.73,-0.54,0.55,-1.41,-0.27,5.28,-500.0,736.0,736.0,-500.0,-490.0,736.02,736.0,500.0,2600.0, , , ,2018-05-15 09:41:13.615000,2018-05-15 09:41:13.615000,, , 
09:41:16,-1.24,-0.57,-2.01,-1.3,0.99,-0.49,-0.24,0.49,-1.23,-0.16,5.3, , , , , ,736.01,736.0,100.0,200.0, , , , , ,, , 
09:41:19,-1.17,-0.43,-1.83,-1.1,1.0,-0.6,-0.16,0.44,-1.08,-0.04,5.29, , , , , ,736.0,735.98,5574.0,2400.0, , , , , ,, , 
09:41:22,-1.13,-0.32,-1.8,-1.01,0.93,-0.5,0.02,0.33,-1.09,0.04,5.25, , , , , ,735.99,735.98,100.0,200.0, , , , , ,, , 
09:41:25,-1.16,-0.51,-1.82,-1.2,1.31,-0.42,-0.1,0.55,-1.23,-0.22,5.53, , , , , ,735.99,735.52,500.0,500.0, , , , , ,, , 
09:41:28,-0.81,-0.2,-1.26,-0.9,1.22,-0.07,0.38,0.53,-1.11,-0.09,5.5, , , , , ,735.98,735.52,100.0,300.0, , , , , ,, , 
09:41:31,-0.12,0.29,-0.54,-0.17,1.65,0.3,0.81,0.92,-0.13,0.25,5.9, , , , , ,735.52,735.38,200.0,600.0, , , , , ,, , 
09:41:34,0.05,0.59,-0.6,0.06,1.74,0.71,1.06,0.95,0.02,0.65,5.91, , , , , ,735.52,735.38,100.0,1100.0, , , , , ,, , 
09:41:37,0.21,0.65,-0.34,0.29,1.67,0.74,1.03,0.96,0.24,0.65,5.9,500.0,735.4,0.0,0.0,-490.0,735.52,735.38,100.0,700.0, , , ,2018-05-15 09:41:37.725000,2018-05-15 09:41:37.725000,, , 
09:41:40,0.34,0.79,-0.11,0.32,1.75,0.79,1.1,0.91,0.34,0.94,5.9,500.0,735.42,0.0,0.0,-490.0,735.52,735.4,400.0,500.0, , , ,2018-05-15 09:41:41.317000,2018-05-15 09:41:41.317000,, , 
09:41:43,0.7,1.11,0.31,0.68,1.75,1.13,1.44,0.68,0.65,1.22,5.86,500.0,735.52,735.52,500.0,10.0,735.52,735.51,500.0,200.0,-193.48,-0.53, ,2018-05-15 09:41:44.332000,2018-05-15 09:41:44.332000,, , 
09:41:46,0.69,1.41,0.29,0.96,1.34,1.18,1.68,0.21,0.61,1.58,5.52, , , , , ,736.0,735.51,400.0,100.0, , , , , ,, , 
09:41:49,0.79,1.5,0.46,1.04,1.61,1.21,1.72,0.39,0.71,1.76,5.87,500.0,735.52,735.52,500.0,510.0,735.52,735.51,1911.0,200.0, , , ,2018-05-15 09:41:49.643000,2018-05-15 09:41:49.643000,, , 
09:41:52,0.95,1.69,0.74,1.33,0.91,1.27,1.77,-0.43,0.83,1.97,5.17,500.0,736.02,736.02,500.0,1010.0,736.02,736.01,100.0,1789.0, , , ,2018-05-15 09:41:52.663000,2018-05-15 09:41:52.663000,, , 
09:41:55,1.22,2.01,1.14,1.73,0.64,1.34,2.02,-0.75,1.16,2.28,4.88,500.0,736.4,736.4,500.0,1510.0,736.4,736.02,400.0,1600.0, , , ,2018-05-15 09:41:55.688000,2018-05-15 09:41:55.688000,, , 
09:41:58,1.43,2.19,1.16,1.98,0.51,1.92,2.14,-0.96,1.2,2.46,4.72,500.0,736.58,736.4,500.0,2010.0,736.58,736.03,1200.0,300.0, , , ,2018-05-15 09:41:58.664000,2018-05-15 09:41:58.664000,, , 
09:42:01,1.45,2.14,1.22,1.98,-0.15,1.76,2.05,-1.66,1.37,2.37,4.08,500.0,736.98,736.98,500.0,2510.0,736.98,736.5,100.0,500.0, , , ,2018-05-15 09:42:01.676000,2018-05-15 09:42:01.676000,, , 
09:42:04,1.48,2.05,1.48,1.95,-0.27,1.68,1.78,-1.74,1.28,2.4,4.09,500.0,737.02,737.02,500.0,3010.0,737.02,736.5,3000.0,1100.0, , , ,2018-05-15 09:42:04.639000,2018-05-15 09:42:04.639000,, , 
09:42:07,1.4,2.17,1.47,2.07,-0.43,1.71,2.06,-1.8,1.02,2.38,4.1,500.0,737.0,737.0,500.0,3510.0,737.0,736.58,100.0,1400.0, , , ,2018-05-15 09:42:07.850000,2018-05-15 09:42:07.850000,, , 
09:42:10,1.45,2.11,1.4,1.83,-0.12,2.06,2.17,-1.46,0.9,2.34,4.44, , , , , ,737.02,736.02,2300.0,1600.0, , , , , ,, , 
09:42:13,1.02,1.69,0.75,1.38,-0.52,1.65,1.76,-1.83,0.65,1.93,4.01, , , , , ,737.0,736.6,1100.0,400.0, , , , , ,, , 
09:42:16,0.69,1.44,0.48,1.07,-0.58,1.1,1.57,-1.83,0.49,1.69,3.9, , , , , ,737.0,736.6,1200.0,600.0, , , , , ,, , 
09:42:19,0.8,1.51,0.67,1.33,-0.67,1.19,1.71,-1.83,0.53,1.49,3.82, , , , , ,737.0,736.6,401.0,1600.0, , , , , ,, , 
09:42:22,0.91,1.55,0.75,1.47,-0.38,1.54,1.52,-1.43,0.43,1.67,4.14, , , , , ,737.0,736.02,201.0,600.0, , , , , ,, , 
09:42:25,0.66,1.22,0.35,1.25,-0.55,1.41,0.93,-1.49,0.21,1.48,4.05, , , , , ,737.0,736.12,801.0,100.0, , , , , ,, , 
09:42:28,0.44,0.96,0.31,1.13,-1.18,1.09,0.55,-2.08,-0.09,1.21,3.43, , , , , ,737.02,737.0,1901.0,200.0, , , , , ,, , 
09:42:31,0.58,1.13,0.55,1.38,-0.53,1.2,0.94,-1.39,-0.02,1.07,4.03, , , , , ,737.0,736.03,400.0,889.0, , , , , ,, , 
09:42:34,0.45,0.99,0.44,1.23,-0.59,1.31,0.73,-1.4,-0.39,1.02,3.92, , , , , ,736.6,736.58,100.0,500.0, , , , , ,, , 
09:42:37,0.39,0.85,0.23,1.1,-0.91,1.15,0.6,-1.48,-0.2,0.86,3.58, , , , , ,737.0,736.66,100.0,300.0, , , , , ,, , 
09:42:40,0.2,0.67,0.22,0.96,-0.91,0.92,0.43,-1.06,-0.56,0.62,3.55, , , , , ,737.0,736.58,1500.0,400.0, , , , , ,, , 
09:42:43,0.13,0.63,0.13,0.85,-1.05,0.92,0.46,-0.7,-0.65,0.57,3.51, , , , , ,736.99,736.58,100.0,400.0, , , , , ,, , 
09:42:46,-0.1,0.52,0.04,0.76,-1.23,0.86,0.36,-0.3,-1.21,0.44,3.44, , , , , ,736.98,736.65,300.0,200.0, , , , , ,, , 
09:42:49,-0.14,0.47,-0.08,0.69,-1.05,0.72,0.29,0.29,-1.07,0.42,3.69, , , , , ,736.65,736.5,300.0,200.0, , , , , ,, , 
09:42:52,-0.14,0.52,-0.09,0.66,-1.26,0.56,0.46,0.41,-0.88,0.43,3.54, , , , , ,736.65,736.6,400.0,500.0, , , , , ,, , 
09:42:55,-0.15,0.41,-0.17,0.56,-1.45,0.5,0.35,0.48,-0.78,0.33,3.31, , , , , ,736.94,736.5,100.0,1200.0, , , , , ,, , 
09:42:58,-0.27,0.34,-0.19,0.54,-1.61,0.48,0.13,0.44,-1.11,0.35,3.1, , , , , ,736.98,736.58,100.0,1000.0, , , , , ,, , 
09:43:01,-0.41,0.05,-0.63,0.1,-1.46,0.39,-0.27,0.82,-1.0,0.33,3.12, , , , , ,736.6,736.58,5700.0,800.0, , , , , ,, , 
09:43:04,-0.75,-0.37,-1.13,-0.34,-1.3,0.03,-0.77,1.18,-1.15,-0.0,3.12,-2500.0,736.48,736.48,-300.0,3210.0,736.5,736.38,100.0,100.0, , , ,2018-05-15 09:43:04.673000,2018-05-15 09:43:04.673000,, , 
09:43:07,-0.93,-0.58,-1.25,-0.46,-1.31,-0.14,-1.0,1.37,-1.39,-0.29,3.05,-2500.0,736.46,736.46,-500.0,2710.0,736.48,736.38,2300.0,200.0, , , ,2018-05-15 09:43:08.205000,2018-05-15 09:43:08.205000,, , 
09:43:10,-0.93,-0.59,-1.18,-0.48,-1.32,-0.08,-0.9,1.51,-1.53,-0.39,2.81,-2500.0,736.44,0.0,-0.0,2710.0,736.46,736.38,2300.0,400.0, , , ,2018-05-15 09:43:11.227000,2018-05-15 09:43:11.227000,, , 
09:43:13,-0.8,-0.59,-1.2,-0.53,-1.31,-0.04,-0.98,1.69,-1.17,-0.27,2.73,-2500.0,736.42,736.42,-100.0,2610.0,736.44,736.4,2500.0,1000.0, , , ,2018-05-15 09:43:14.247000,2018-05-15 09:43:14.247000,, , 
09:43:16,-0.89,-0.51,-1.28,-0.47,-1.31,-0.18,-0.82,1.91,-1.2,-0.22,2.67, , , , , ,736.42,736.4,2400.0,100.0, , , , , ,, , 
09:43:19,-0.95,-0.66,-1.37,-0.66,-1.04,-0.15,-0.89,2.4,-1.32,-0.44,2.74,-2500.0,736.34,736.34,-800.0,1810.0,736.36,736.07,753.0,100.0, , , ,2018-05-15 09:43:19.850000,2018-05-15 09:43:19.850000,, , 
09:43:22,-1.18,-0.73,-1.46,-0.69,-1.01,-0.15,-0.92,2.73,-1.92,-0.59,2.73,-1800.0,736.07,736.111,-1600.0,210.0,736.34,736.07,1700.0,300.0, , , ,2018-05-15 09:43:23.290000,2018-05-15 09:43:23.290000,, , 
09:43:25,-0.9,-0.6,-1.18,-0.58,-0.81,-0.13,-0.64,3.18,-1.4,-0.57,2.79, , , , , ,736.07,736.06,300.0,100.0, , , , , ,, , 
09:43:28,-0.59,-0.34,-0.9,-0.23,-0.92,0.1,-0.41,3.26,-0.95,-0.39,2.58, , , , , ,736.22,736.07,100.0,600.0, , , , , ,, , 
09:43:31,-0.4,-0.31,-0.85,-0.16,-0.89,0.37,-0.45,3.5,-0.73,-0.33,2.47, , , , , ,736.22,736.07,500.0,200.0, , , , , ,, , 
09:43:34,-0.77,-0.32,-1.16,-0.25,-0.81,-0.0,-0.47,3.7,-1.15,-0.23,2.32, , , , , ,736.3,736.01,100.0,4389.0, , , , , ,, , 
09:43:37,-1.11,-0.67,-1.49,-0.72,-0.57,-0.5,-0.75,3.84,-1.33,-0.55,2.27,-200.0,736.29,736.29,-200.0,10.0,736.31,736.01,200.0,889.0,-3782.08,-1.47, ,2018-05-15 09:43:37.706000,2018-05-15 09:43:37.706000,, , 
09:43:40,-1.23,-0.93,-1.5,-0.99,-0.23,-0.67,-0.98,4.02,-1.51,-0.82,2.22,-500.0,736.07,736.07,-500.0,-490.0,736.29,736.07,100.0,100.0, , , ,2018-05-15 09:43:40.689000,2018-05-15 09:43:40.689000,, , 
09:43:43,-1.52,-1.2,-1.78,-1.18,0.36,-0.89,-1.33,4.33,-1.88,-1.08,2.44,-500.0,736.0,736.0,-500.0,-990.0,736.01,736.0,3300.0,2589.0, , , ,2018-05-15 09:43:43.614000,2018-05-15 09:43:43.614000,, , 
09:43:46,-1.85,-1.21,-2.13,-1.19,1.23,-1.14,-1.43,4.81,-2.28,-1.01,2.85,-500.0,735.52,735.52,-500.0,-1490.0,735.86,735.52,900.0,1700.0, , , ,2018-05-15 09:43:46.639000,2018-05-15 09:43:46.639000,, , 
09:43:49,-1.66,-1.02,-2.07,-1.06,1.4,-1.03,-1.01,4.83,-1.88,-0.98,2.78, , , , , ,735.86,735.66,600.0,200.0, , , , , ,, , 
09:43:52,-1.58,-0.96,-2.01,-1.18,1.59,-0.94,-0.87,4.91,-1.79,-0.82,2.82, , , , , ,735.85,735.66,500.0,100.0, , , , , ,, , 
09:43:55,-1.26,-0.81,-1.69,-0.94,2.01,-0.64,-0.72,5.25,-1.45,-0.77,3.07, , , , , ,735.66,735.52,1300.0,500.0, , , , , ,, , 
09:43:58,-1.35,-0.64,-1.64,-0.93,2.16,-0.43,-0.4,5.53,-1.99,-0.6,3.21, , , , , ,735.52,735.51,113.0,500.0, , , , , ,, , 
09:44:01,-1.12,-0.45,-1.31,-0.77,2.29,-0.41,-0.26,5.58,-1.65,-0.32,3.23, , , , , ,735.52,735.51,413.0,700.0, , , , , ,, , 
09:44:04,-0.93,-0.46,-1.22,-0.83,2.52,-0.15,-0.27,5.81,-1.42,-0.29,3.24, , , , , ,735.5,735.4,313.0,100.0, , , , , ,, , 
09:44:07,-0.81,-0.55,-1.2,-0.95,2.71,-0.0,-0.36,5.92,-1.21,-0.35,3.21, , , , , ,735.49,735.4,100.0,400.0, , , , , ,, , 
09:44:10,-0.71,-0.3,-0.82,-0.72,2.84,-0.1,-0.07,5.94,-1.22,-0.1,3.15, , , , , ,735.49,735.41,200.0,100.0, , , , , ,, , 
09:44:13,-0.6,-0.02,-0.61,-0.49,3.01,-0.17,0.22,6.05,-1.02,0.22,3.12, , , , , ,735.49,735.41,600.0,300.0, , , , , ,, , 
09:44:16,-0.38,0.15,-0.4,-0.27,3.19,-0.06,0.37,6.04,-0.7,0.36,3.16, , , , , ,735.49,735.45,700.0,100.0, , , , , ,, , 
09:44:19,-0.41,0.24,-0.47,-0.15,3.46,-0.04,0.46,6.04,-0.72,0.42,3.38, , , , , ,735.49,735.38,100.0,500.0, , , , , ,, , 
09:44:22,-0.4,0.41,-0.37,-0.03,3.78,0.13,0.59,6.0,-0.96,0.68,3.63, , , , , ,735.5,735.38,900.0,300.0, , , , , ,, , 
09:44:25,-0.3,0.54,-0.29,0.05,3.96,0.14,0.63,5.88,-0.76,0.94,3.95, , , , , ,735.5,735.49,1200.0,500.0, , , , , ,, , 
09:44:28,-0.01,0.82,0.03,0.56,4.14,0.45,0.8,5.85,-0.52,1.08,4.3, , , , , ,735.5,735.49,200.0,1590.0, , , , , ,, , 
09:44:31,0.21,1.03,0.23,0.87,4.43,0.77,0.99,5.88,-0.37,1.23,4.6,1500.0,735.45,0.0,0.0,-1490.0,735.49,735.43,1510.0,100.0, , , ,2018-05-15 09:44:31.667000,2018-05-15 09:44:31.667000,, , 
09:44:34,0.41,1.16,0.6,1.13,4.57,1.16,1.0,5.82,-0.52,1.35,4.69,1500.0,735.52,735.52,1500.0,10.0,735.52,735.51,200.0,2090.0,-785.22,-0.71, ,2018-05-15 09:44:35.567000,2018-05-15 09:44:35.567000,, , 
09:44:37,0.69,1.45,0.84,1.48,4.39,1.26,1.4,5.48,-0.04,1.45,4.44, , , , , ,735.85,735.66,200.0,300.0, , , , , ,, , 
09:44:40,0.72,1.38,0.86,1.54,3.95,1.16,1.24,4.86,0.13,1.36,3.94,500.0,736.35,736.35,500.0,510.0,736.35,736.1,1300.0,900.0, , , ,2018-05-15 09:44:40.668000,2018-05-15 09:44:40.668000,, , 
09:44:43,0.87,1.62,1.23,1.92,3.58,1.24,1.61,4.44,0.15,1.33,3.66,500.0,737.0,737.0,500.0,1010.0,737.0,736.1,1400.0,147.0, , , ,2018-05-15 09:44:43.690000,2018-05-15 09:44:43.690000,, , 
09:44:46,0.95,1.85,1.3,2.25,3.63,1.44,1.83,4.42,0.11,1.46,3.84,500.0,737.02,737.02,1.0,1011.0,737.02,736.1,1.0,200.0, , , ,2018-05-15 09:44:46.663000,2018-05-15 09:44:46.663000,, , 
09:44:49,0.93,1.82,1.18,2.05,3.11,1.36,1.95,3.8,0.25,1.47,3.38, , , , , ,737.03,737.02,100.0,499.0, , , , , ,, , 
09:44:52,0.64,1.54,0.99,1.65,3.17,0.8,1.71,3.79,0.14,1.26,3.54, , , , , ,737.03,737.02,400.0,100.0, , , , , ,, , 
09:44:55,0.66,1.66,1.1,1.84,3.2,0.65,1.75,3.67,0.22,1.4,3.61, , , , , ,737.11,737.08,300.0,200.0, , , , , ,, , 
09:44:58,0.69,1.58,1.24,1.78,3.31,0.77,1.62,3.58,0.06,1.35,3.7, , , , , ,737.18,737.11,100.0,500.0, , , , , ,, , 
09:45:01,0.71,1.51,1.18,1.69,3.35,0.62,1.54,3.53,0.34,1.31,3.83, , , , , ,737.18,737.11,100.0,800.0, , , , , ,, , 
09:45:04,0.67,1.43,1.19,1.54,3.13,0.46,1.29,3.21,0.36,1.46,3.54, , , , , ,737.71,737.11,200.0,500.0, , , , , ,, , 
09:45:07,0.42,1.14,0.85,1.14,3.08,0.25,1.13,3.08,0.17,1.16,3.45, , , , , ,737.71,737.35,500.0,100.0, , , , , ,, , 
09:45:10,0.07,0.82,0.47,0.91,2.91,-0.07,0.58,2.87,-0.19,0.97,3.28, , , , , ,738.0,737.35,400.0,500.0, , , , , ,, , 
09:45:13,0.09,0.65,0.42,0.92,3.21,0.03,0.34,3.02,-0.19,0.68,3.54, , , , , ,737.71,737.35,200.0,600.0, , , , , ,, , 
09:45:16,0.33,0.87,0.47,1.0,2.7,0.18,0.54,2.37,0.35,1.09,3.08, , , , , ,738.0,737.84,300.0,1000.0, , , , , ,, , 
09:45:19,0.44,0.99,0.66,1.0,2.38,0.18,0.72,2.01,0.47,1.25,2.87, , , , , ,738.25,738.0,437.0,1800.0, , , , , ,, , 
09:45:22,0.31,0.87,0.55,0.94,2.02,0.31,0.48,1.63,0.08,1.2,2.54, , , , , ,738.46,738.25,100.0,163.0, , , , , ,, , 
09:45:25,0.16,0.83,0.41,0.94,1.84,-0.25,0.48,1.47,0.31,1.06,2.33, , , , , ,738.66,738.26,100.0,300.0, , , , , ,, , 
09:45:28,0.08,0.91,0.45,0.78,1.5,-0.39,0.73,1.17,0.16,1.21,1.94, , , , , ,738.7,738.66,100.0,200.0, , , , , ,, , 
09:45:31,0.07,0.91,0.57,0.8,1.5,-0.51,0.89,1.09,0.15,1.03,1.85, , , , , ,738.7,738.66,500.0,478.0, , , , , ,, , 
09:45:34,0.19,0.97,0.66,0.94,1.01,-0.31,0.71,0.57,0.23,1.26,1.42, , , , , ,739.1,739.0,300.0,1100.0, , , , , ,, , 
09:45:37,0.31,1.03,0.72,0.88,0.93,-0.29,0.71,0.49,0.51,1.5,1.42, , , , , ,739.11,739.1,200.0,300.0, , , , , ,, , 
09:45:40,0.32,1.14,0.75,0.86,0.95,-0.5,0.88,0.41,0.72,1.68,1.44, , , , , ,739.11,739.1,200.0,400.0, , , , , ,, , 
09:45:43,0.25,1.08,0.54,0.66,0.74,-0.52,0.98,0.14,0.74,1.59,1.25, , , , , ,739.43,739.11,700.0,1478.0, , , , , ,, , 
09:45:46,0.15,0.88,0.47,0.71,0.73,-0.67,0.53,0.11,0.64,1.41,1.4, , , , , ,739.43,739.11,500.0,1700.0, , , , , ,, , 
09:45:49,0.11,0.99,0.43,0.84,0.73,-0.69,0.76,0.01,0.58,1.37,1.46, , , , , ,739.44,739.14,1000.0,100.0, , , , , ,, , 
09:45:52,-0.17,0.75,0.18,0.6,0.51,-0.94,0.36,-0.28,0.25,1.28,1.39, , , , , ,739.45,739.44,700.0,900.0, , , , , ,, , 
09:45:55,-0.37,0.39,0.11,0.46,0.47,-1.03,0.23,-0.4,-0.2,0.5,1.52, , , , , ,739.46,739.45,500.0,600.0, , , , , ,, , 
09:45:58,-0.42,0.42,0.11,0.62,0.22,-1.0,0.03,-0.75,-0.36,0.6,1.31, , , , , ,739.78,739.46,100.0,100.0, , , , , ,, , 
09:46:01,-0.23,0.62,0.12,0.7,-0.08,-0.93,0.35,-1.25,0.12,0.8,1.22, , , , , ,739.86,739.75,600.0,200.0, , , , , ,, , 
09:46:04,-0.25,0.85,0.03,0.68,0.23,-0.92,0.69,-1.17,0.16,1.2,1.67, , , , , ,739.7,739.5,100.0,100.0, , , , , ,, , 
09:46:07,-0.1,0.99,0.22,0.64,-0.08,-0.81,0.88,-1.6,0.28,1.45,1.46, , , , , ,739.87,739.86,800.0,100.0, , , , , ,, , 
09:46:10,-0.31,0.88,0.15,0.55,-0.17,-1.1,0.52,-1.93,0.04,1.59,1.5, , , , , ,739.96,739.87,600.0,100.0, , , , , ,, , 
09:46:13,-0.35,0.81,0.07,0.45,-0.2,-1.09,0.52,-2.0,-0.03,1.47,1.55, , , , , ,739.95,739.86,700.0,300.0, , , , , ,, , 
09:46:16,-0.26,0.92,0.19,0.47,-0.32,-0.99,0.85,-2.08,0.0,1.44,1.54, , , , , ,739.95,739.86,500.0,3800.0, , , , , ,, , 
09:46:19,-0.55,0.7,-0.32,0.13,-0.4,-1.25,0.63,-2.27,-0.09,1.33,1.52, , , , , ,739.96,739.86,1800.0,300.0, , , , , ,, , 
09:46:22,-1.31,-0.16,-0.99,-0.35,-0.31,-1.7,-0.31,-2.14,-1.24,0.19,1.65,-1000.0,739.79,739.79,-1000.0,11.0,739.81,739.78,1000.0,200.0,2246.51,3.05, ,2018-05-15 09:46:22.680000,2018-05-15 09:46:22.680000,, , 
09:46:25,-1.39,-0.36,-1.1,-0.61,-0.34,-1.72,-0.38,-2.25,-1.33,-0.09,1.45, , , , , ,739.81,739.78,800.0,600.0, , , , , ,, , 
09:46:28,-1.47,-0.49,-1.12,-0.66,-0.34,-1.73,-0.54,-2.36,-1.56,-0.28,1.29, , , , , ,739.8,739.78,100.0,600.0, , , , , ,, , 
09:46:31,-1.46,-0.63,-1.21,-0.84,-0.41,-1.63,-0.71,-2.46,-1.53,-0.35,1.33, , , , , ,739.8,739.77,600.0,200.0, , , , , ,, , 
09:46:34,-1.29,-0.45,-0.95,-0.58,-0.41,-1.48,-0.54,-2.58,-1.43,-0.21,1.31, , , , , ,739.78,739.77,200.0,400.0, , , , , ,, , 
09:46:37,-1.15,-0.3,-0.93,-0.67,-0.52,-1.45,-0.21,-2.72,-1.08,-0.01,1.31, , , , , ,739.95,739.75,200.0,2400.0, , , , , ,, , 
09:46:40,-1.07,-0.15,-0.89,-0.49,-0.48,-1.38,-0.18,-2.63,-0.94,0.21,1.54, , , , , ,739.78,739.75,800.0,1400.0, , , , , ,, , 
09:46:43,-0.86,0.14,-0.75,-0.2,-0.61,-1.21,0.08,-2.75,-0.64,0.55,1.4, , , , , ,739.86,739.8,200.0,1100.0, , , , , ,, , 
09:46:46,-0.66,0.27,-0.59,-0.06,-0.66,-1.11,0.06,-2.76,-0.28,0.81,1.38, , , , , ,739.86,739.8,200.0,300.0, , , , , ,, , 
09:46:49,-0.77,0.14,-0.92,-0.28,-0.72,-1.15,0.06,-2.74,-0.25,0.66,1.42, , , , , ,739.86,739.8,200.0,400.0, , , , , ,, , 
09:46:52,-0.66,0.27,-0.74,-0.17,-0.8,-1.09,0.14,-2.7,-0.14,0.84,1.46, , , , , ,739.86,739.8,100.0,400.0, , , , , ,, , 
09:46:55,-0.93,0.07,-1.01,-0.39,-0.85,-1.33,-0.19,-2.62,-0.44,0.78,1.52, , , , , ,739.8,739.78,100.0,1500.0, , , , , ,, , 
09:46:58,-1.26,-0.35,-1.16,-0.77,-0.95,-1.58,-0.48,-2.56,-1.03,0.21,1.64, , , , , ,739.78,739.75,800.0,400.0, , , , , ,, , 
09:47:01,-1.34,-0.34,-1.32,-0.76,-1.16,-1.5,-0.49,-2.5,-1.21,0.22,1.7, , , , , ,739.78,739.7,700.0,400.0, , , , , ,, , 
09:47:04,-1.2,-0.4,-1.25,-0.79,-1.28,-1.34,-0.57,-2.52,-1.01,0.15,1.46, , , , , ,739.78,739.6,200.0,100.0, , , , , ,, , 
09:47:07,-0.73,-0.05,-0.8,-0.33,-1.65,-0.9,-0.06,-2.84,-0.49,0.25,1.02, , , , , ,739.94,739.86,200.0,6500.0, , , , , ,, , 
09:47:10,-0.67,0.07,-0.66,-0.24,-1.9,-0.94,0.06,-2.88,-0.4,0.4,0.84, , , , , ,739.94,739.86,600.0,5600.0, , , , , ,, , 
09:47:13,-0.59,0.24,-0.82,-0.03,-1.69,-0.62,0.23,-2.62,-0.34,0.53,0.96, , , , , ,739.86,739.5,800.0,100.0, , , , , ,, , 
09:47:16,-0.81,0.15,-0.95,-0.25,-1.59,-0.86,0.05,-2.38,-0.62,0.66,1.27, , , , , ,739.6,739.5,100.0,151.0, , , , , ,, , 
09:47:19,-0.92,-0.17,-1.12,-0.52,-1.78,-0.9,-0.25,-2.2,-0.74,0.26,1.25, , , , , ,739.6,739.5,700.0,151.0, , , , , ,, , 
09:47:22,-1.0,-0.22,-0.96,-0.55,-1.98,-1.16,-0.28,-2.12,-0.87,0.17,1.07, , , , , ,739.85,739.5,300.0,151.0, , , , , ,, , 
09:47:25,-0.73,-0.04,-0.93,-0.45,-1.83,-0.66,-0.09,-1.46,-0.61,0.42,1.31, , , , , ,739.5,739.46,249.0,1600.0, , , , , ,, , 
09:47:28,-0.83,-0.11,-1.12,-0.46,-1.94,-0.58,-0.2,-1.11,-0.8,0.33,1.31, , , , , ,739.5,739.46,1149.0,1300.0, , , , , ,, , 
09:47:31,-0.8,-0.22,-1.11,-0.61,-2.1,-0.7,-0.3,-0.92,-0.6,0.25,1.25, , , , , ,739.6,739.44,500.0,741.0, , , , , ,, , 
09:47:34,-0.63,-0.13,-0.8,-0.54,-2.15,-0.62,-0.22,-0.66,-0.47,0.38,1.34, , , , , ,739.46,739.44,100.0,841.0, , , , , ,, , 
09:47:37,-0.44,0.12,-0.8,-0.55,-2.19,-0.5,0.12,-0.58,-0.03,0.8,1.31, , , , , ,739.46,739.44,300.0,741.0, , , , , ,, , 
09:47:40,-0.62,-0.05,-0.94,-0.59,-2.21,-0.78,-0.14,-0.44,-0.14,0.58,1.17, , , , , ,739.46,739.44,500.0,41.0, , , , , ,, , 
09:47:43,-0.87,-0.41,-1.18,-0.84,-2.02,-0.99,-0.6,-0.07,-0.44,0.2,1.23, , , , , ,739.44,739.15,147.0,600.0, , , , , ,, , 
09:47:46,-1.03,-0.36,-1.18,-0.76,-2.04,-1.15,-0.54,0.12,-0.76,0.22,1.06, , , , , ,739.44,739.15,300.0,600.0, , , , , ,, , 
09:47:49,-0.82,-0.16,-1.13,-0.61,-2.09,-0.78,-0.36,0.21,-0.56,0.5,0.96, , , , , ,739.6,739.11,2200.0,694.0, , , , , ,, , 
09:47:52,-0.87,-0.31,-1.2,-0.8,-1.89,-0.8,-0.58,0.54,-0.61,0.44,1.22, , , , , ,739.35,739.11,16900.0,394.0, , , , , ,, , 
09:47:55,-1.08,-0.52,-1.36,-1.02,-1.65,-1.03,-0.72,0.94,-0.85,0.2,1.56, , , , , ,739.11,739.01,406.0,600.0, , , , , ,, , 
09:47:58,-1.0,-0.36,-1.1,-0.68,-1.52,-0.85,-0.63,1.19,-1.06,0.23,1.75, , , , , ,739.0,738.99,200.0,100.0, , , , , ,, , 
09:48:01,-0.78,-0.1,-1.25,-0.37,-1.48,-0.16,-0.29,1.32,-0.92,0.37,1.77, , , , , ,739.0,738.97,3125.0,2400.0, , , , , ,, , 
09:48:04,-0.58,0.09,-0.88,-0.05,-0.9,0.0,-0.13,2.06,-0.87,0.46,2.42, , , , , ,739.0,738.0,3625.0,1763.0, , , , , ,, , 
09:48:07,-0.58,0.23,-1.0,0.02,-0.92,-0.03,0.16,2.15,-0.72,0.5,2.33, , , , , ,738.97,738.0,100.0,563.0, , , , , ,, , 
09:48:10,-0.41,0.24,-0.75,0.02,-1.3,0.02,0.06,1.84,-0.51,0.65,1.88, , , , , ,738.97,738.5,700.0,1000.0, , , , , ,, , 
09:48:13,-0.22,0.74,-0.66,0.49,-0.69,0.37,0.72,2.57,-0.35,1.02,2.42, , , , , ,738.5,738.0,900.0,563.0, , , , , ,, , 
09:48:16,0.09,0.97,-0.19,0.75,-0.62,0.67,0.85,2.63,-0.21,1.29,2.33, , , , , ,738.5,738.0,2000.0,463.0, , , , , ,, , 
09:48:19,0.41,1.41,0.01,1.03,-0.45,0.95,1.66,2.7,0.27,1.55,2.33, , , , , ,738.5,738.0,2000.0,1463.0, , , , , ,, , 
09:48:22,0.17,1.15,-0.06,0.8,-0.09,0.53,0.99,2.78,0.06,1.65,2.46, , , , , ,738.35,738.0,12300.0,963.0, , , , , ,, , 
09:48:25,0.15,1.04,-0.13,0.73,0.3,0.63,0.77,2.71,-0.06,1.6,2.47, , , , , ,738.35,738.0,12800.0,100.0, , , , , ,, , 
09:48:28,0.06,0.9,-0.07,0.76,1.03,0.58,0.49,3.0,-0.33,1.45,2.87, , , , , ,738.0,737.8,179.0,63.0, , , , , ,, , 
09:48:31,0.07,0.88,-0.11,0.76,1.24,0.58,0.64,2.88,-0.25,1.24,2.83, , , , , ,737.95,737.9,1100.0,300.0, , , , , ,, , 
09:48:34,0.09,0.81,-0.01,0.75,1.51,0.6,0.62,3.05,-0.3,1.06,2.94, , , , , ,737.9,737.8,500.0,263.0, , , , , ,, , 
09:48:37,0.44,1.03,0.09,0.91,1.67,1.34,1.04,3.21,-0.11,1.16,3.06, , , , , ,737.8,737.77,100.0,763.0, , , , , ,, , 
09:48:40,0.34,0.97,0.02,0.92,1.82,1.28,0.89,3.24,-0.28,1.11,3.08, , , , , ,737.79,737.77,500.0,463.0, , , , , ,, , 
09:48:43,0.29,1.03,-0.04,0.93,1.89,1.07,1.2,3.17,-0.15,0.97,2.98, , , , , ,737.9,737.79,200.0,200.0, , , , , ,, , 
09:48:46,0.52,1.18,0.32,0.98,2.17,1.25,1.39,3.41,0.0,1.16,3.03, , , , , ,737.8,737.77,100.0,63.0, , , , , ,, , 
09:48:49,0.58,1.24,0.02,0.95,2.4,1.44,1.4,3.56,0.28,1.38,3.05, , , , , ,737.77,737.71,237.0,1400.0, , , , , ,, , 
09:48:52,0.72,1.32,0.45,1.03,2.41,1.47,1.36,3.55,0.24,1.57,2.86,500.0,737.9,737.9,500.0,511.0,737.9,737.8,200.0,3263.0, , , ,2018-05-15 09:48:52.706000,2018-05-15 09:48:52.706000,, , 
09:48:55,1.04,1.79,0.74,1.32,2.45,1.84,2.13,3.57,0.55,1.93,2.72, , , , , ,738.0,737.9,379.0,300.0, , , , , ,, , 
09:48:58,1.03,1.57,0.82,1.14,2.75,1.83,1.9,3.72,0.44,1.69,2.87,500.0,737.89,737.89,500.0,1011.0,737.89,737.8,1000.0,2763.0, , , ,2018-05-15 09:48:58.731000,2018-05-15 09:48:58.731000,, , 
09:49:01,1.02,1.68,0.71,1.28,2.87,1.95,2.0,3.87,0.39,1.77,2.87,500.0,737.89,737.89,500.0,1511.0,737.89,737.81,200.0,1500.0, , , ,2018-05-15 09:49:01.714000,2018-05-15 09:49:01.714000,, , 
09:49:04,0.92,1.57,0.77,1.2,2.88,1.79,1.72,3.97,0.21,1.79,2.79,500.0,738.0,737.934,500.0,2011.0,738.0,737.81,400.0,500.0, , , ,2018-05-15 09:49:04.638000,2018-05-15 09:49:04.638000,, , 
09:49:07,0.74,1.35,0.53,1.01,3.18,1.55,1.62,4.37,0.13,1.43,3.03, , , , , ,737.74,737.71,10500.0,1400.0, , , , , ,, , 
09:49:10,0.58,0.98,0.45,0.84,3.21,1.28,1.05,4.47,0.02,1.06,3.03, , , , , ,737.74,737.71,7400.0,2083.0, , , , , ,, , 
09:49:13,0.73,1.15,0.46,0.97,3.28,1.57,1.26,4.52,0.16,1.22,3.03, , , , , ,737.74,737.71,5900.0,2048.0, , , , , ,, , 
09:49:16,1.12,1.68,0.9,1.43,3.25,1.97,1.7,4.39,0.5,1.9,2.91,500.0,737.81,737.81,100.0,2111.0,737.81,737.8,100.0,4000.0, , , ,2018-05-15 09:49:16.668000,2018-05-15 09:49:16.668000,, , 
09:49:19,1.3,2.13,0.99,1.69,3.17,2.01,2.49,4.24,0.9,2.21,2.75, , , , , ,738.0,737.81,200.0,400.0, , , , , ,, , 
09:49:22,1.16,1.97,0.83,1.39,2.68,1.74,2.46,3.75,0.93,2.06,2.28,500.0,738.5,738.5,500.0,2611.0,738.5,738.0,1000.0,200.0, , , ,2018-05-15 09:49:22.675000,2018-05-15 09:49:22.675000,, , 
09:49:25,1.06,2.12,0.6,1.59,2.29,1.65,2.62,3.24,0.92,2.16,1.94,500.0,738.96,738.96,500.0,3111.0,738.96,738.0,200.0,800.0, , , ,2018-05-15 09:49:25.662000,2018-05-15 09:49:25.662000,, , 
09:49:28,0.77,2.02,0.42,1.4,1.55,1.17,2.47,2.41,0.73,2.2,1.25, , , , , ,738.97,738.96,300.0,100.0, , , , , ,, , 
09:49:31,0.84,2.2,0.59,1.41,1.49,1.1,2.9,2.46,0.84,2.28,1.25, , , , , ,738.96,738.94,400.0,2400.0, , , , , ,, , 
09:49:34,1.07,2.12,0.73,1.44,1.53,1.57,2.77,2.4,0.9,2.13,1.21,500.0,739.0,739.0,500.0,3611.0,739.0,738.94,2825.0,3100.0, , , ,2018-05-15 09:49:34.689000,2018-05-15 09:49:34.689000,, , 
09:49:37,1.16,2.3,0.59,1.68,1.59,1.79,3.0,2.5,1.1,2.23,1.21,500.0,739.0,739.0,500.0,4111.0,739.0,738.94,2325.0,1900.0, , , ,2018-05-15 09:49:37.734000,2018-05-15 09:49:37.733000,, , 
09:49:40,1.29,2.22,0.93,1.69,1.34,1.87,2.7,2.34,1.07,2.25,0.93,500.0,739.35,0.0,0.0,4111.0,739.35,739.0,100.0,10375.0, , , ,2018-05-15 09:49:40.711000,2018-05-15 09:49:40.711000,, , 
09:49:43,1.53,2.44,1.24,1.8,1.1,2.05,3.16,2.01,1.29,2.36,0.65, , , , , ,739.4,739.35,100.0,1000.0, , , , , ,, , 
09:49:46,1.47,2.28,1.13,1.78,1.15,1.99,2.89,1.9,1.29,2.17,0.54,500.0,739.5,739.5,100.0,4211.0,739.5,739.4,200.0,700.0, , , ,2018-05-15 09:49:46.682000,2018-05-15 09:49:46.681000,, , 
09:49:49,1.38,2.41,1.18,1.95,1.11,1.86,2.93,1.8,1.09,2.36,0.39, , , , , ,739.6,739.5,100.0,600.0, , , , , ,, , 
09:49:52,1.54,2.59,1.45,2.25,1.07,1.98,2.81,1.67,1.18,2.71,0.21,500.0,739.75,739.75,500.0,4711.0,739.75,739.6,5000.0,1700.0, , , ,2018-05-15 09:49:52.735000,2018-05-15 09:49:52.735000,, , 
09:49:55,1.67,2.86,1.39,2.38,0.99,2.08,3.19,1.44,1.53,3.01,-0.07,200.0,739.94,739.94,200.0,4911.0,739.94,739.75,300.0,700.0, , , ,2018-05-15 09:49:55.802000,2018-05-15 09:49:55.802000,, , 
09:49:58,1.74,2.79,1.51,2.38,0.86,2.13,3.02,1.38,1.58,2.98,-0.26, , , , , ,739.97,739.94,100.0,800.0, , , , , ,, , 
09:50:01,1.69,2.76,1.6,2.22,0.95,1.9,3.03,1.34,1.58,3.04,-0.38, , , , , ,740.01,740.0,100.0,400.0, , , , , ,, , 
09:50:04,1.52,2.63,1.42,2.15,1.06,1.59,2.67,0.98,1.54,3.07,-0.53, , , , , ,740.1,740.0,500.0,1800.0, , , , , ,, , 
09:50:07,1.45,2.41,1.43,1.87,1.16,1.37,2.73,0.77,1.54,2.65,-0.67, , , , , ,740.18,740.0,400.0,800.0, , , , , ,, , 
09:50:10,1.15,1.89,1.23,1.46,1.2,1.2,1.92,0.52,1.01,2.3,-0.84, , , , , ,740.18,740.1,500.0,200.0, , , , , ,, , 
09:50:13,1.13,1.87,1.22,1.55,1.3,1.31,1.87,0.41,0.87,2.2,-0.88, , , , , ,740.18,740.0,600.0,1500.0, , , , , ,, , 
09:50:16,0.91,1.73,1.09,1.46,1.06,0.98,1.69,0.3,0.67,2.04,-1.19, , , , , ,740.43,740.1,100.0,200.0, , , , , ,, , 
09:50:19,0.91,1.65,0.97,1.34,1.01,1.06,1.77,0.26,0.7,1.84,-1.33, , , , , ,740.43,740.15,100.0,200.0, , , , , ,, , 
09:50:22,0.91,1.55,0.83,1.37,0.95,1.35,1.55,0.22,0.54,1.72,-1.42, , , , , ,740.43,740.18,100.0,300.0, , , , , ,, , 
09:50:25,0.66,1.33,0.72,1.27,1.1,0.74,1.18,0.54,0.52,1.54,-1.17, , , , , ,740.1,740.0,100.0,700.0, , , , , ,, , 
09:50:28,0.12,1.0,0.2,0.95,0.94,0.18,0.74,0.54,-0.02,1.31,-1.23, , , , , ,740.1,740.0,400.0,900.0, , , , , ,, , 
09:50:31,0.03,0.94,0.11,0.87,0.97,0.13,0.81,0.54,-0.13,1.15,-1.25, , , , , ,740.1,740.0,100.0,1100.0, , , , , ,, , 
09:50:34,-0.18,0.81,0.05,0.83,0.94,-0.24,0.63,0.53,-0.36,0.98,-1.28, , , , , ,740.1,740.0,100.0,1500.0, , , , , ,, , 
09:50:37,0.02,0.88,0.35,0.87,0.77,-0.26,0.84,0.23,-0.03,0.92,-1.56, , , , , ,740.4,740.1,100.0,6500.0, , , , , ,, , 
09:50:40,0.03,0.86,0.33,0.89,0.89,-0.14,0.75,0.08,-0.09,0.94,-1.61, , , , , ,740.4,740.1,600.0,6900.0, , , , , ,, , 
09:50:43,-0.17,0.49,-0.1,0.38,1.0,-0.45,0.43,0.1,0.03,0.67,-1.5, , , , , ,740.15,740.1,100.0,1600.0, , , , , ,, , 
09:50:46,-0.68,0.07,-0.38,0.07,0.98,-0.95,-0.36,-0.06,-0.72,0.5,-1.58, , , , , ,740.15,740.1,500.0,200.0, , , , , ,, , 
09:50:49,-0.82,-0.08,-0.39,-0.13,0.25,-1.15,-0.52,-0.84,-0.91,0.41,-2.49, , , , , ,740.99,740.4,100.0,100.0, , , , , ,, , 
09:50:52,-0.75,-0.05,-0.3,0.04,0.51,-0.85,-0.5,-0.54,-1.11,0.32,-2.52, , , , , ,740.99,740.08,500.0,1100.0, , , , , ,, , 
09:50:55,-0.43,0.17,-0.1,0.29,0.52,-0.41,-0.04,-0.42,-0.78,0.26,-2.79, , , , , ,740.9,740.15,600.0,94.0, , , , , ,, , 
09:50:58,-0.45,0.21,-0.1,0.36,0.54,-0.28,0.02,-0.38,-0.96,0.26,-3.09, , , , , ,740.99,740.15,500.0,494.0, , , , , ,, , 
09:51:01,-0.18,0.37,0.04,0.6,0.35,-0.02,0.1,-0.59,-0.57,0.4,-3.53, , , , , ,740.9,740.57,300.0,100.0, , , , , ,, , 
09:51:04,0.02,0.63,0.2,0.93,-0.3,0.3,0.34,-0.96,-0.45,0.64,-3.96, , , , , ,741.0,740.99,900.0,2900.0, , , , , ,, , 
09:51:07,0.39,1.06,0.33,1.08,-0.51,0.91,0.89,-1.12,-0.07,1.22,-4.05, , , , , ,741.07,741.0,100.0,200.0, , , , , ,, , 
09:51:10,0.17,0.99,0.26,0.95,-0.69,0.53,0.88,-1.23,-0.28,1.14,-4.08, , , , , ,741.07,741.0,200.0,100.0, , , , , ,, , 
09:51:13,0.17,0.92,0.27,0.83,-0.88,0.26,0.77,-1.35,-0.02,1.17,-4.09, , , , , ,741.08,741.0,400.0,600.0, , , , , ,, , 
09:51:16,0.22,0.96,0.4,0.96,-0.84,0.28,0.77,-1.55,-0.01,1.15,-4.2, , , , , ,741.13,741.1,300.0,90.0, , , , , ,, , 
09:51:19,0.19,1.0,0.33,0.88,-0.7,0.2,0.79,-1.38,0.04,1.33,-4.04, , , , , ,741.0,740.99,210.0,900.0, , , , , ,, , 
09:51:22,-0.73,0.21,-0.36,0.15,-0.72,-0.66,0.08,-1.36,-1.18,0.41,-4.0, , , , , ,741.0,740.99,5410.0,900.0, , , , , ,, , 
09:51:25,-1.17,-0.39,-0.81,-0.35,-0.66,-1.08,-0.58,-1.27,-1.6,-0.24,-3.89,-2500.0,740.97,740.97,-1200.0,3711.0,740.99,740.9,100.0,1000.0, , , ,2018-05-15 09:51:25.797000,2018-05-15 09:51:25.797000,, , 
09:51:28,-1.23,-0.25,-0.88,-0.14,-0.12,-1.03,-0.19,-0.71,-1.77,-0.44,-3.32, , , , , ,740.9,740.18,1000.0,100.0, , , , , ,, , 
09:51:31,-0.97,0.02,-0.68,0.07,-0.06,-0.76,-0.03,-0.65,-1.46,0.03,-3.27, , , , , ,740.8,740.18,10.0,500.0, , , , , ,, , 
09:51:34,-0.74,0.21,-0.48,0.35,-0.89,-0.34,-0.2,-1.46,-1.39,0.49,-4.15, , , , , ,741.22,740.99,100.0,490.0, , , , , ,, , 
09:51:37,-0.86,-0.11,-0.59,-0.2,-0.57,-0.54,-0.22,-1.08,-1.44,0.08,-3.86, , , , , ,740.89,740.8,500.0,200.0, , , , , ,, , 
09:51:40,-0.53,0.27,-0.33,0.51,-0.71,-0.09,0.15,-1.07,-1.17,0.15,-3.9, , , , , ,740.88,740.8,110.0,400.0, , , , , ,, , 
09:51:43,-0.56,0.18,-0.49,0.09,-0.84,-0.14,0.1,-1.06,-1.06,0.34,-3.89, , , , , ,740.88,740.78,610.0,3000.0, , , , , ,, , 
09:51:46,-0.8,-0.02,-0.67,-0.05,-1.16,-0.5,-0.23,-1.25,-1.24,0.22,-4.06, , , , , ,740.99,740.9,300.0,1.0, , , , , ,, , 
09:51:49,-0.43,0.22,-0.22,0.04,-0.97,-0.15,0.18,-1.08,-0.92,0.44,-3.85, , , , , ,740.8,740.78,200.0,3700.0, , , , , ,, , 
09:51:52,-0.27,0.54,-0.32,0.26,-1.1,-0.05,0.44,-1.33,-0.43,0.93,-4.08, , , , , ,741.0,740.9,100.0,900.0, , , , , ,, , 
09:51:55,-0.32,0.4,-0.33,-0.0,-1.0,-0.2,0.46,-1.33,-0.44,0.74,-4.1, , , , , ,741.0,740.9,100.0,300.0, , , , , ,, , 
09:51:58,-0.36,0.39,-0.38,0.01,-0.89,-0.27,0.33,-1.33,-0.43,0.82,-4.12, , , , , ,741.0,740.9,1000.0,300.0, , , , , ,, , 
09:52:01,-0.09,0.54,-0.06,0.1,-1.02,0.06,0.61,-1.46,-0.28,0.91,-4.29, , , , , ,741.09,741.0,500.0,1600.0, , , , , ,, , 
09:52:04,-0.03,0.87,-0.07,0.82,-1.02,0.13,0.64,-1.47,-0.15,1.16,-4.37, , , , , ,741.1,741.0,100.0,300.0, , , , , ,, , 
09:52:07,-0.16,0.72,-0.33,0.62,0.21,0.06,0.63,-0.11,-0.19,0.92,-3.06, , , , , ,740.08,740.01,100.0,200.0, , , , , ,, , 
09:52:10,-0.37,0.8,-0.71,0.66,-0.52,0.11,0.77,-0.73,-0.52,0.98,-3.73, , , , , ,741.0,740.01,2500.0,700.0, , , , , ,, , 
09:52:13,-0.19,0.85,-0.5,0.58,-0.64,0.14,0.78,-0.74,-0.22,1.18,-3.75, , , , , ,741.0,740.01,800.0,700.0, , , , , ,, , 
09:52:16,-0.05,0.99,-0.34,0.85,-0.72,0.5,0.92,-0.75,-0.32,1.18,-3.74, , , , , ,741.0,740.01,1200.0,600.0, , , , , ,, , 
09:52:19,-0.1,0.8,-0.42,0.51,-0.65,0.32,0.95,-0.7,-0.21,0.95,-3.67, , , , , ,740.9,740.01,200.0,700.0, , , , , ,, , 
09:52:22,-0.38,0.93,-0.64,0.59,-0.64,0.03,1.0,-0.71,-0.52,1.21,-3.66, , , , , ,740.9,740.01,200.0,1000.0, , , , , ,, , 
09:52:25,-0.77,0.26,-1.04,-0.07,-0.61,-0.55,0.21,-0.74,-0.71,0.64,-3.63, , , , , ,740.9,740.01,9800.0,700.0, , , , , ,, , 
09:52:28,-1.05,0.08,-1.07,-0.16,-0.59,-0.86,0.03,-0.75,-1.22,0.38,-3.63, , , , , ,740.89,740.01,100.0,500.0, , , , , ,, , 
09:52:31,-0.93,-0.0,-1.0,-0.26,-0.58,-0.69,-0.02,-0.77,-1.09,0.27,-3.62, , , , , ,740.88,740.01,300.0,1200.0, , , , , ,, , 
09:52:34,-1.04,-0.02,-1.05,-0.23,-0.57,-0.89,-0.08,-0.79,-1.17,0.24,-3.64, , , , , ,740.88,740.01,400.0,1100.0, , , , , ,, , 
09:52:37,-1.14,-0.12,-1.16,-0.42,-0.54,-0.96,-0.15,-0.79,-1.3,0.21,-3.65, , , , , ,740.88,740.01,300.0,100.0, , , , , ,, , 
09:52:40,-1.13,-0.14,-1.1,-0.37,-0.41,-0.9,-0.13,-0.67,-1.41,0.07,-3.53, , , , , ,740.7,740.01,1000.0,400.0, , , , , ,, , 
09:52:43,-1.1,-0.09,-0.98,-0.14,0.05,-0.91,-0.14,-0.21,-1.4,0.01,-3.08, , , , , ,740.01,740.0,400.0,4200.0, , , , , ,, , 
09:52:46,-1.06,0.07,-0.97,-0.02,0.02,-0.81,-0.0,-0.22,-1.41,0.23,-3.12, , , , , ,740.01,740.0,300.0,4200.0, , , , , ,, , 
09:52:49,-1.06,-0.04,-1.03,-0.17,0.03,-0.76,-0.09,-0.18,-1.4,0.15,-3.1, , , , , ,740.0,739.94,700.0,100.0, , , , , ,, , 
09:52:52,-1.17,-0.15,-1.06,-0.18,-0.45,-0.84,-0.25,-0.64,-1.59,-0.02,-3.58, , , , , ,740.66,739.94,100.0,300.0, , , , , ,, , 
09:52:55,-1.16,-0.32,-0.95,-0.3,-0.42,-0.9,-0.32,-0.65,-1.64,-0.34,-3.55, , , , , ,740.6,739.94,500.0,400.0, , , , , ,, , 
09:52:58,-1.14,-0.27,-0.98,-0.28,-0.47,-0.85,-0.29,-0.73,-1.59,-0.23,-3.59, , , , , ,740.6,740.01,900.0,200.0, , , , , ,, , 
09:53:01,-1.19,-0.38,-1.08,-0.36,-0.45,-0.87,-0.39,-0.77,-1.62,-0.4,-3.56, , , , , ,740.58,740.01,400.0,100.0, , , , , ,, , 
09:53:04,-1.15,-0.3,-0.92,-0.21,-0.45,-0.81,-0.3,-0.86,-1.7,-0.38,-3.56, , , , , ,740.58,740.01,1000.0,200.0, , , , , ,, , 
09:53:07,-0.94,-0.08,-0.76,0.02,-0.4,-0.63,-0.11,-0.89,-1.44,-0.14,-3.49, , , , , ,740.58,739.94,1000.0,300.0, , , , , ,, , 
09:53:10,-0.8,0.18,-0.73,0.15,-0.01,-0.54,0.15,-0.61,-1.13,0.23,-3.1, , , , , ,740.0,739.94,400.0,500.0, , , , , ,, , 
09:53:13,-0.73,0.18,-0.74,0.16,0.0,-0.44,0.06,-0.7,-1.02,0.33,-3.08, , , , , ,739.97,739.94,400.0,600.0, , , , , ,, , 
09:53:16,-0.72,0.25,-0.72,0.17,-0.01,-0.45,0.12,-0.77,-0.97,0.46,-3.09, , , , , ,739.97,739.94,200.0,100.0, , , , , ,, , 
09:53:19,-0.65,0.17,-0.58,0.16,-0.07,-0.41,0.03,-0.92,-0.97,0.33,-3.15, , , , , ,740.0,739.97,100.0,400.0, , , , , ,, , 
09:53:22,-0.61,0.25,-0.57,0.2,-0.1,-0.37,0.11,-1.02,-0.88,0.45,-3.19, , , , , ,740.01,740.0,900.0,200.0, , , , , ,, , 
09:53:25,-0.38,0.38,-0.46,0.26,-0.12,-0.1,0.24,-1.1,-0.58,0.64,-3.17, , , , , ,740.01,740.0,300.0,200.0, , , , , ,, , 
09:53:28,-0.26,0.43,-0.44,0.29,-0.15,0.04,0.11,-1.17,-0.37,0.9,-3.17, , , , , ,740.01,740.0,300.0,100.0, , , , , ,, , 
09:53:31,-0.18,0.37,-0.35,0.28,-0.22,0.02,0.17,-1.24,-0.23,0.65,-3.2, , , , , ,740.1,739.98,100.0,200.0, , , , , ,, , 
09:53:34,-0.07,0.56,-0.26,0.46,-0.18,0.12,0.43,-1.2,-0.06,0.81,-3.12, , , , , ,740.0,739.98,100.0,300.0, , , , , ,, , 
09:53:37,0.17,0.77,-0.21,0.52,-0.27,0.48,0.69,-1.3,0.23,1.11,-3.19, , , , , ,740.1,740.01,100.0,1000.0, , , , , ,, , 
09:53:40,0.11,0.8,-0.19,0.46,-0.29,0.36,0.57,-1.39,0.17,1.36,-3.21, , , , , ,740.1,740.05,300.0,100.0, , , , , ,, , 
09:53:43,0.21,0.84,-0.07,0.56,-0.3,0.57,0.7,-1.44,0.12,1.27,-3.17, , , , , ,740.1,740.05,100.0,300.0, , , , , ,, , 
09:53:46,0.31,0.99,-0.04,0.66,-0.17,0.66,0.84,-1.37,0.31,1.47,-3.0, , , , , ,740.0,739.94,1000.0,200.0, , , , , ,, , 
09:53:49,0.43,1.06,0.01,0.68,-0.16,0.83,0.9,-1.5,0.47,1.58,-2.97, , , , , ,739.98,739.94,200.0,600.0, , , , , ,, , 
09:53:52,0.25,0.96,-0.1,0.62,-0.17,0.62,0.84,-1.75,0.25,1.41,-2.95, , , , , ,739.98,739.94,200.0,500.0, , , , , ,, , 
09:53:55,-0.04,0.5,-0.19,0.5,-0.23,0.33,0.41,-2.02,-0.27,0.59,-2.95, , , , , ,739.98,739.94,300.0,200.0, , , , , ,, , 
09:53:58,0.02,0.71,-0.15,0.57,-0.27,0.43,0.62,-2.28,-0.23,0.93,-2.95, , , , , ,739.98,739.94,300.0,300.0, , , , , ,, , 
09:54:01,0.17,0.7,-0.09,0.54,-0.32,0.61,0.61,-2.48,-0.0,0.95,-2.94, , , , , ,739.98,739.94,100.0,700.0, , , , , ,, , 
09:54:04,0.12,0.64,-0.15,0.57,-0.41,0.44,0.53,-2.58,0.08,0.83,-2.95, , , , , ,740.0,739.94,600.0,200.0, , , , , ,, , 
09:54:07,0.1,0.59,0.04,0.58,-0.48,0.29,0.61,-2.6,-0.04,0.59,-2.92, , , , , ,739.98,739.94,100.0,400.0, , , , , ,, , 
09:54:10,0.01,0.56,-0.04,0.46,-0.59,0.09,0.52,-2.63,-0.02,0.69,-2.88, , , , , ,739.98,739.94,200.0,300.0, , , , , ,, , 
09:54:13,-0.12,0.37,-0.05,0.28,-0.69,-0.21,0.23,-2.62,-0.1,0.6,-2.88, , , , , ,739.98,739.92,400.0,1600.0, , , , , ,, , 
09:54:16,-0.22,0.23,-0.16,0.17,-0.76,-0.37,0.03,-2.63,-0.14,0.47,-2.89, , , , , ,739.98,739.92,400.0,1900.0, , , , , ,, , 
09:54:19,-0.36,0.05,-0.22,0.13,-0.84,-0.51,-0.17,-2.6,-0.35,0.2,-2.88, , , , , ,739.94,739.92,400.0,1900.0, , , , , ,, , 
09:54:22,-0.48,-0.04,-0.34,0.07,-0.92,-0.57,-0.34,-2.56,-0.53,0.17,-2.88, , , , , ,739.93,739.92,200.0,1700.0, , , , , ,, , 
09:54:25,-0.39,0.01,-0.3,0.07,-0.99,-0.42,-0.24,-2.52,-0.44,0.19,-2.82, , , , , ,739.93,739.92,100.0,1800.0, , , , , ,, , 
09:54:28,-0.52,-0.11,-0.44,-0.02,-0.97,-0.5,-0.38,-2.4,-0.61,0.06,-2.67, , , , , ,739.92,739.8,1000.0,200.0, , , , , ,, , 
09:54:31,-0.7,-0.33,-0.58,-0.12,-0.99,-0.72,-0.65,-2.42,-0.79,-0.22,-2.6, , , , , ,739.92,739.8,1600.0,700.0, , , , , ,, , 
09:54:34,-0.68,-0.24,-0.53,-0.09,-1.02,-0.71,-0.5,-2.48,-0.8,-0.14,-2.64, , , , , ,739.92,739.8,1400.0,600.0, , , , , ,, , 
09:54:37,-0.75,-0.33,-0.58,-0.13,-1.04,-0.76,-0.65,-2.54,-0.91,-0.21,-2.71, , , , , ,739.92,739.8,1600.0,600.0, , , , , ,, , 
09:54:40,-0.78,-0.36,-0.65,-0.09,-1.09,-0.73,-0.72,-2.58,-0.97,-0.28,-2.75, , , , , ,739.92,739.8,1500.0,100.0, , , , , ,, , 
09:54:43,-0.6,-0.19,-0.54,0.04,-1.14,-0.58,-0.4,-2.59,-0.69,-0.22,-2.81, , , , , ,739.92,739.8,1500.0,779.0, , , , , ,, , 
09:54:46,-0.42,-0.03,-0.41,0.07,-1.18,-0.33,-0.25,-2.56,-0.53,0.08,-2.77, , , , , ,739.86,739.8,300.0,679.0, , , , , ,, , 
09:54:49,-0.49,-0.12,-0.4,-0.01,-1.32,-0.41,-0.39,-2.56,-0.67,0.05,-2.77, , , , , ,739.86,739.8,500.0,479.0, , , , , ,, , 
09:54:52,-0.61,-0.25,-0.48,0.0,-1.56,-0.53,-0.52,-2.56,-0.83,-0.23,-2.79, , , , , ,739.85,739.8,100.0,479.0, , , , , ,, , 
09:54:55,-0.54,-0.23,-0.38,0.04,-1.84,-0.49,-0.36,-2.58,-0.76,-0.36,-2.79, , , , , ,739.85,739.8,100.0,879.0, , , , , ,, , 
09:54:58,-0.78,-0.31,-0.66,-0.09,-1.92,-0.7,-0.56,-2.43,-0.98,-0.29,-2.63, , , , , ,739.8,739.6,21.0,793.0, , , , , ,, , 
09:55:01,-0.92,-0.48,-0.73,-0.24,-2.14,-0.95,-0.83,-2.48,-1.09,-0.36,-2.63,-1900.0,739.78,739.78,-700.0,3011.0,739.8,739.6,21.0,693.0, , , ,2018-05-15 09:55:01.723000,2018-05-15 09:55:01.723000,, , 
09:55:04,-0.95,-0.55,-0.71,-0.31,-2.21,-0.98,-0.85,-2.53,-1.17,-0.49,-2.67,-2500.0,739.76,0.0,-0.0,3011.0,739.78,739.6,1200.0,593.0, , , ,2018-05-15 09:55:05.444000,2018-05-15 09:55:05.444000,, , 
09:55:07,-1.14,-0.75,-0.99,-0.44,-2.05,-1.21,-1.1,-2.4,-1.22,-0.7,-2.52,-1900.0,739.5,739.5,-700.0,2311.0,739.6,739.5,507.0,400.0, , , ,2018-05-15 09:55:08.459000,2018-05-15 09:55:08.459000,, , 
09:55:10,-1.24,-0.76,-1.06,-0.57,-1.95,-1.37,-1.06,-2.3,-1.3,-0.65,-2.42,-2000.0,739.4,739.4,-800.0,1511.0,739.5,739.4,1400.0,500.0, , , ,2018-05-15 09:55:11.469000,2018-05-15 09:55:11.469000,, , 
09:55:13,-1.25,-0.79,-1.08,-0.59,-1.87,-1.47,-1.11,-2.25,-1.21,-0.68,-2.41,-1500.0,739.38,739.38,-300.0,1211.0,739.4,739.38,1200.0,100.0, , , ,2018-05-15 09:55:13.996000,2018-05-15 09:55:13.996000,, , 
09:55:16,-1.29,-0.86,-1.04,-0.65,-1.84,-1.49,-1.12,-2.21,-1.35,-0.81,-2.45,-1200.0,739.35,739.35,-245.0,966.0,739.38,739.35,1200.0,100.0, , , ,2018-05-15 09:55:17.004000,2018-05-15 09:55:17.003000,, , 
09:55:19,-1.42,-0.92,-1.13,-0.71,-1.78,-1.62,-1.23,-2.14,-1.49,-0.83,-2.46,-900.0,739.29,739.29,-700.0,266.0,739.35,739.29,955.0,200.0, , , ,2018-05-15 09:55:20.025000,2018-05-15 09:55:20.025000,, , 
09:55:22,-1.37,-0.86,-1.04,-0.7,-1.52,-1.68,-1.09,-1.91,-1.4,-0.78,-2.3,-200.0,739.02,739.02,-200.0,66.0,739.29,739.02,200.0,200.0,1731.29,0.48, ,2018-05-15 09:55:23.544000,2018-05-15 09:55:23.544000,, , 
09:55:25,-1.28,-0.77,-0.98,-0.62,-1.48,-1.62,-1.02,-1.88,-1.23,-0.67,-2.34,-400.0,739.02,739.02,-400.0,-334.0,739.29,739.02,300.0,300.0, , , ,2018-05-15 09:55:25.700000,2018-05-15 09:55:25.700000,, , 
09:55:28,-1.3,-0.78,-1.03,-0.56,-1.42,-1.54,-1.01,-1.85,-1.35,-0.78,-2.39, , , , , ,739.24,739.02,1000.0,79.0, , , , , ,, , 
09:55:31,-1.24,-0.77,-1.02,-0.54,-1.44,-1.38,-1.03,-1.86,-1.32,-0.75,-2.48, , , , , ,739.24,739.02,1800.0,60.0, , , , , ,, , 
09:55:34,-1.27,-0.71,-1.06,-0.58,-1.42,-1.4,-0.94,-1.79,-1.35,-0.62,-2.54, , , , , ,739.15,739.0,300.0,12542.0, , , , , ,, , 
09:55:37,-1.38,-0.81,-1.16,-0.68,-1.48,-1.52,-1.09,-1.8,-1.47,-0.65,-2.67, , , , , ,739.15,739.0,900.0,9542.0, , , , , ,, , 
09:55:40,-1.54,-0.93,-1.32,-0.84,-1.52,-1.59,-1.17,-1.8,-1.71,-0.78,-2.66,-500.0,739.0,739.0,-500.0,-834.0,739.15,739.0,1000.0,6542.0, , , ,2018-05-15 09:55:40.837000,2018-05-15 09:55:40.837000,, , 
09:55:43,-1.7,-1.09,-1.56,-1.08,-1.41,-1.77,-1.27,-1.71,-1.76,-0.92,-2.51,-500.0,738.97,738.97,-500.0,-1334.0,739.0,738.97,758.0,100.0, , , ,2018-05-15 09:55:43.730000,2018-05-15 09:55:43.730000,, , 
09:55:46,-1.91,-1.23,-1.84,-1.33,-1.33,-2.01,-1.28,-1.66,-1.89,-1.09,-2.47, , , , , ,738.97,738.88,1600.0,100.0, , , , , ,, , 
09:55:49,-1.86,-1.25,-1.83,-1.27,-1.23,-1.97,-1.41,-1.57,-1.78,-1.08,-2.47,-500.0,738.8,738.8,-100.0,-1434.0,738.88,738.8,1805.0,100.0, , , ,2018-05-15 09:55:49.699000,2018-05-15 09:55:49.699000,, , 
09:55:52,-1.64,-1.11,-1.5,-0.99,-0.98,-1.77,-1.23,-1.35,-1.66,-1.1,-2.48, , , , , ,738.8,738.5,1300.0,100.0, , , , , ,, , 
09:55:55,-1.41,-0.75,-1.31,-0.47,-0.47,-1.54,-0.82,-0.84,-1.37,-0.98,-2.33, , , , , ,738.5,738.02,800.0,200.0, , , , , ,, , 
09:55:58,-1.07,-0.36,-0.92,-0.31,-0.27,-1.3,-0.36,-0.61,-0.98,-0.42,-2.4, , , , , ,738.18,738.02,300.0,500.0, , , , , ,, , 
09:56:01,-0.9,-0.1,-0.84,-0.18,-0.32,-1.07,-0.12,-0.61,-0.8,-0.01,-2.59, , , , , ,738.18,738.02,400.0,500.0, , , , , ,, , 
09:56:04,-0.76,0.11,-0.79,0.1,-0.27,-0.81,0.02,-0.48,-0.69,0.21,-2.63, , , , , ,738.02,738.01,300.0,100.0, , , , , ,, , 
09:56:07,-0.76,0.08,-0.79,0.08,-0.32,-0.88,0.03,-0.46,-0.6,0.13,-2.67, , , , , ,738.02,738.01,2000.0,100.0, , , , , ,, , 
09:56:10,-0.82,0.09,-0.83,0.06,-0.35,-0.96,0.13,-0.45,-0.66,0.07,-2.71, , , , , ,738.01,738.0,31.0,4200.0, , , , , ,, , 
09:56:13,-0.8,-0.03,-0.78,-0.07,-0.38,-0.84,-0.03,-0.45,-0.79,0.02,-2.71, , , , , ,738.01,738.0,400.0,3200.0, , , , , ,, , 
09:56:16,-0.76,-0.02,-0.7,0.02,-0.37,-0.74,-0.02,-0.46,-0.83,-0.06,-2.69, , , , , ,738.01,738.0,300.0,3200.0, , , , , ,, , 
09:56:19,-0.59,0.08,-0.54,0.16,-0.36,-0.75,0.04,-0.47,-0.48,0.04,-2.66, , , , , ,738.01,738.0,100.0,2300.0, , , , , ,, , 
09:56:22,-0.48,0.13,-0.5,0.14,-0.35,-0.67,0.15,-0.49,-0.28,0.1,-2.7, , , , , ,738.02,738.0,1300.0,2163.0, , , , , ,, , 
09:56:25,-0.3,0.28,-0.2,0.14,-0.46,-0.55,0.37,-0.61,-0.16,0.33,-2.88, , , , , ,738.18,738.03,300.0,300.0, , , , , ,, , 
09:56:28,0.03,0.51,-0.04,0.42,-0.49,-0.09,0.66,-0.62,0.2,0.45,-2.83, , , , , ,738.18,738.06,200.0,100.0, , , , , ,, , 
09:56:31,0.19,0.61,0.16,0.47,-0.45,0.11,0.8,-0.56,0.3,0.57,-2.6, , , , , ,738.18,738.0,300.0,2163.0, , , , , ,, , 
09:56:34,-0.12,0.36,-0.22,0.24,-0.28,-0.14,0.59,-0.36,-0.02,0.26,-2.23, , , , , ,738.0,737.9,3237.0,1000.0, , , , , ,, , 
09:56:37,-0.36,0.2,-0.24,0.17,-0.29,-0.55,0.17,-0.35,-0.27,0.25,-2.19, , , , , ,738.0,737.9,3537.0,1400.0, , , , , ,, , 
09:56:40,-0.28,0.25,-0.26,0.27,-0.29,-0.45,0.22,-0.33,-0.14,0.26,-2.27, , , , , ,738.0,737.9,3637.0,1000.0, , , , , ,, , 
09:56:43,-0.2,0.36,-0.24,0.31,-0.31,-0.17,0.43,-0.3,-0.18,0.33,-2.4, , , , , ,738.0,737.9,3616.0,1100.0, , , , , ,, , 
09:56:46,-0.21,0.37,-0.32,0.25,-0.3,-0.18,0.45,-0.24,-0.13,0.41,-2.47, , , , , ,737.95,737.9,400.0,1000.0, , , , , ,, , 
09:56:49,-0.31,0.27,-0.29,0.12,-0.34,-0.44,0.28,-0.22,-0.2,0.4,-2.39, , , , , ,737.95,737.9,300.0,700.0, , , , , ,, , 
09:56:52,-0.3,0.28,-0.4,0.19,-0.38,-0.3,0.36,-0.21,-0.19,0.3,-2.31, , , , , ,737.96,737.9,300.0,200.0, , , , , ,, , 
09:56:55,-0.33,0.2,-0.41,0.17,-0.39,-0.26,0.25,-0.2,-0.34,0.17,-2.29, , , , , ,738.0,737.85,3716.0,1600.0, , , , , ,, , 
09:56:58,-0.28,0.21,-0.37,0.19,-0.31,-0.26,0.33,-0.12,-0.2,0.11,-2.15, , , , , ,737.9,737.85,300.0,2000.0, , , , , ,, , 
09:57:01,-0.36,0.16,-0.4,0.16,-0.3,-0.45,0.21,-0.12,-0.23,0.11,-2.13, , , , , ,737.9,737.85,800.0,400.0, , , , , ,, , 
09:57:04,-0.5,-0.01,-0.54,0.01,-0.17,-0.6,0.03,0.01,-0.36,-0.05,-2.1, , , , , ,737.8,737.77,600.0,100.0, , , , , ,, , 
09:57:07,-0.65,-0.18,-0.62,-0.07,-0.07,-0.75,-0.22,0.1,-0.58,-0.25,-2.12, , , , , ,737.75,737.71,26.0,800.0, , , , , ,, , 
09:57:10,-0.62,-0.24,-0.58,-0.25,-0.07,-0.75,-0.15,0.13,-0.54,-0.33,-2.19, , , , , ,737.75,737.71,200.0,900.0, , , , , ,, , 
09:57:13,-0.71,-0.31,-0.59,-0.22,-0.08,-0.85,-0.4,0.12,-0.68,-0.3,-2.2, , , , , ,737.75,737.71,200.0,400.0, , , , , ,, , 
09:57:16,-0.72,-0.32,-0.59,-0.23,-0.05,-0.76,-0.35,0.15,-0.8,-0.39,-2.0, , , , , ,737.71,737.7,200.0,100.0, , , , , ,, , 
09:57:19,-0.61,-0.14,-0.5,-0.07,-0.15,-0.6,-0.08,0.04,-0.73,-0.27,-2.0, , , , , ,737.79,737.75,210.0,200.0, , , , , ,, , 
09:57:22,-0.52,-0.07,-0.38,-0.09,-0.13,-0.6,-0.07,0.07,-0.59,-0.05,-1.99, , , , , ,737.79,737.7,200.0,200.0, , , , , ,, , 
09:57:25,-0.43,-0.01,-0.3,-0.02,-0.15,-0.5,-0.03,0.1,-0.47,0.02,-2.1, , , , , ,737.79,737.75,100.0,200.0, , , , , ,, , 
09:57:28,-0.42,-0.02,-0.36,-0.03,-0.14,-0.42,-0.04,0.15,-0.46,0.01,-2.27, , , , , ,737.79,737.75,400.0,100.0, , , , , ,, , 
09:57:31,-0.52,-0.06,-0.35,-0.03,-0.12,-0.58,-0.06,0.24,-0.63,-0.09,-2.22, , , , , ,737.79,737.72,1400.0,300.0, , , , , ,, , 
09:57:34,-0.56,-0.13,-0.37,-0.1,-0.07,-0.62,-0.07,0.22,-0.68,-0.23,-2.01, , , , , ,737.75,737.72,100.0,300.0, , , , , ,, , 
09:57:37,-0.61,-0.13,-0.42,-0.09,-0.06,-0.72,-0.19,0.16,-0.7,-0.1,-1.82, , , , , ,737.75,737.72,500.0,400.0, , , , , ,, , 
09:57:40,-0.53,-0.09,-0.41,-0.02,-0.04,-0.59,-0.04,0.12,-0.58,-0.19,-1.65, , , , , ,737.75,737.72,500.0,400.0, , , , , ,, , 
09:57:43,-0.38,0.11,-0.23,0.16,-0.06,-0.44,0.16,0.02,-0.46,0.02,-1.61, , , , , ,737.8,737.73,200.0,100.0, , , , , ,, , 
09:57:46,-0.22,0.13,-0.15,0.15,0.13,-0.3,0.19,0.18,-0.22,0.06,-1.45, , , , , ,737.72,737.58,4200.0,600.0, , , , , ,, , 
09:57:49,-0.37,0.05,-0.26,0.01,0.15,-0.56,-0.02,0.18,-0.3,0.15,-1.38, , , , , ,737.72,737.58,4300.0,800.0, , , , , ,, , 
09:57:52,-0.44,-0.05,-0.29,-0.05,0.17,-0.5,-0.09,0.15,-0.52,-0.01,-1.25, , , , , ,737.72,737.58,4800.0,300.0, , , , , ,, , 
09:57:55,-0.37,0.16,-0.18,0.18,0.18,-0.46,0.15,0.15,-0.48,0.16,-1.11, , , , , ,737.72,737.58,1200.0,281.0, , , , , ,, , 
09:57:58,-0.02,0.38,-0.06,0.37,0.23,0.02,0.45,0.2,-0.04,0.32,-0.81, , , , , ,737.72,737.5,900.0,9081.0, , , , , ,, , 
09:58:01,-0.1,0.38,-0.15,0.43,0.15,-0.12,0.26,0.1,-0.02,0.45,-0.71, , , , , ,737.72,737.63,1000.0,100.0, , , , , ,, , 
09:58:04,0.09,0.51,-0.05,0.54,0.15,0.1,0.49,0.06,0.22,0.5,-0.71, , , , , ,737.72,737.63,900.0,100.0, , , , , ,, , 
09:58:07,0.17,0.72,0.03,0.63,0.17,0.21,0.86,0.02,0.27,0.67,-0.73, , , , , ,737.72,737.63,500.0,100.0, , , , , ,, , 
09:58:10,0.29,0.7,0.15,0.61,0.21,0.32,0.79,-0.01,0.39,0.71,-0.91,1500.0,737.65,737.65,300.0,-1134.0,737.72,737.63,400.0,200.0, , , ,2018-05-15 09:58:10.742000,2018-05-15 09:58:10.742000,, , 
09:58:13,0.25,0.76,0.19,0.72,0.18,0.27,0.84,-0.1,0.29,0.72,-1.11, , , , , ,737.72,737.65,700.0,1500.0, , , , , ,, , 
09:58:16,0.21,0.64,0.14,0.52,0.21,0.14,0.59,-0.14,0.34,0.79,-1.16, , , , , ,737.69,737.63,300.0,100.0, , , , , ,, , 
09:58:19,0.06,0.53,0.08,0.42,0.2,-0.02,0.58,-0.19,0.11,0.59,-1.25, , , , , ,737.69,737.6,100.0,300.0, , , , , ,, , 
09:58:22,0.12,0.54,0.09,0.44,0.2,0.0,0.64,-0.26,0.28,0.54,-1.33, , , , , ,737.69,737.6,400.0,500.0, , , , , ,, , 
09:58:25,0.04,0.56,0.06,0.54,0.27,-0.02,0.64,-0.3,0.09,0.48,-1.38, , , , , ,737.69,737.6,200.0,500.0, , , , , ,, , 
09:58:28,0.11,0.56,0.15,0.55,0.28,0.02,0.69,-0.43,0.15,0.43,-1.45, , , , , ,737.69,737.67,400.0,1000.0, , , , , ,, , 
09:58:31,0.11,0.72,0.16,0.63,0.34,0.08,0.98,-0.51,0.09,0.54,-1.45, , , , , ,737.69,737.67,300.0,1200.0, , , , , ,, , 
09:58:34,0.21,0.77,0.18,0.66,0.29,0.24,0.9,-0.66,0.22,0.77,-1.45, , , , , ,737.7,737.67,100.0,1200.0, , , , , ,, , 
09:58:37,0.19,0.77,0.18,0.69,0.22,0.27,0.86,-0.81,0.13,0.74,-1.48, , , , , ,737.7,737.69,300.0,100.0, , , , , ,, , 
09:58:40,0.28,0.74,0.24,0.66,0.16,0.31,0.92,-0.8,0.28,0.65,-1.52, , , , , ,737.75,737.67,200.0,800.0, , , , , ,, , 
09:58:43,0.27,0.75,0.24,0.68,0.07,0.34,1.06,-0.8,0.23,0.52,-1.53, , , , , ,737.75,737.7,100.0,100.0, , , , , ,, , 
09:58:46,0.3,0.76,0.24,0.68,0.02,0.27,0.97,-0.91,0.38,0.64,-1.56,1200.0,737.77,737.77,300.0,-834.0,737.79,737.75,200.0,300.0, , , ,2018-05-15 09:58:46.677000,2018-05-15 09:58:46.677000,, , 
09:58:49,0.14,0.68,0.22,0.65,0.01,0.05,0.8,-1.04,0.14,0.59,-1.54, , , , , ,737.79,737.77,500.0,900.0, , , , , ,, , 
09:58:52,0.07,0.58,0.24,0.57,-0.01,-0.11,0.69,-1.3,0.09,0.48,-1.5, , , , , ,737.78,737.77,100.0,200.0, , , , , ,, , 
09:58:55,-0.02,0.51,0.16,0.47,-0.02,-0.1,0.71,-1.68,-0.13,0.35,-1.48, , , , , ,737.78,737.77,400.0,200.0, , , , , ,, , 
09:58:58,-0.02,0.49,0.14,0.42,-0.04,-0.1,0.67,-1.97,-0.09,0.37,-1.43, , , , , ,737.8,737.77,200.0,100.0, , , , , ,, , 
09:59:01,-0.01,0.54,0.14,0.57,-0.06,-0.04,0.71,-2.18,-0.14,0.32,-1.45, , , , , ,737.8,737.79,500.0,100.0, , , , , ,, , 
09:59:04,0.04,0.5,0.2,0.55,-0.1,0.03,0.67,-2.34,-0.09,0.28,-1.48, , , , , ,737.8,737.79,600.0,800.0, , , , , ,, , 
09:59:07,-0.06,0.42,0.09,0.49,-0.12,-0.09,0.6,-2.37,-0.16,0.16,-1.5, , , , , ,737.8,737.77,700.0,900.0, , , , , ,, , 
09:59:10,-0.02,0.45,0.1,0.5,-0.23,-0.05,0.57,-2.47,-0.12,0.27,-1.65, , , , , ,737.84,737.83,100.0,2000.0, , , , , ,, , 
09:59:13,-0.03,0.51,0.1,0.65,-0.38,-0.01,0.66,-2.55,-0.17,0.23,-1.71, , , , , ,737.9,737.87,100.0,1300.0, , , , , ,, , 
09:59:16,-0.02,0.32,0.13,0.38,-0.28,0.01,0.46,-2.37,-0.19,0.13,-1.54, , , , , ,737.77,737.76,1900.0,100.0, , , , , ,, , 
09:59:19,-0.13,0.23,0.01,0.35,-0.35,-0.15,0.42,-2.34,-0.24,-0.07,-1.54, , , , , ,737.77,737.76,1700.0,300.0, , , , , ,, , 
09:59:22,-0.07,0.24,0.06,0.31,-0.43,-0.12,0.39,-2.37,-0.16,0.0,-1.54, , , , , ,737.77,737.76,1600.0,200.0, , , , , ,, , 
09:59:25,-0.08,0.29,0.01,0.48,-0.61,-0.05,0.47,-2.58,-0.22,-0.09,-1.71, , , , , ,738.0,737.76,1337.0,101.0, , , , , ,, , 
09:59:28,-0.12,0.27,0.03,0.46,-0.79,-0.2,0.41,-2.59,-0.2,-0.05,-1.81, , , , , ,738.0,737.9,1737.0,100.0, , , , , ,, , 
09:59:31,-0.26,0.22,-0.02,0.4,-0.88,-0.33,0.36,-2.42,-0.43,-0.1,-1.81, , , , , ,738.0,737.9,1837.0,200.0, , , , , ,, , 
09:59:34,-0.19,0.26,0.04,0.38,-1.02,-0.25,0.43,-2.23,-0.36,-0.02,-1.81, , , , , ,738.0,737.9,1837.0,100.0, , , , , ,, , 
09:59:37,-0.23,0.18,0.02,0.38,-0.89,-0.25,0.27,-1.92,-0.45,-0.1,-1.56, , , , , ,737.76,737.75,2200.0,400.0, , , , , ,, , 
09:59:40,-0.26,0.11,-0.1,0.24,-0.87,-0.24,0.13,-2.02,-0.46,-0.05,-1.56, , , , , ,737.76,737.75,300.0,500.0, , , , , ,, , 
09:59:43,-0.13,0.31,0.01,0.51,-0.97,0.02,0.41,-2.26,-0.42,0.03,-1.7, , , , , ,737.9,737.8,3000.0,1700.0, , , , , ,, , 
09:59:46,-0.14,0.23,-0.05,0.37,-0.89,-0.05,0.25,-2.25,-0.32,0.07,-1.58, , , , , ,737.77,737.75,1200.0,400.0, , , , , ,, , 
09:59:49,-0.39,0.03,-0.21,0.18,-1.02,-0.45,0.03,-2.17,-0.52,-0.14,-1.59, , , , , ,737.77,737.76,1400.0,100.0, , , , , ,, , 
09:59:52,-0.37,0.02,-0.2,0.18,-1.29,-0.37,0.07,-2.09,-0.54,-0.18,-1.6, , , , , ,737.77,737.76,1400.0,160.0, , , , , ,, , 
09:59:55,-0.51,-0.1,-0.22,0.17,-1.67,-0.54,-0.12,-2.08,-0.75,-0.36,-1.61, , , , , ,737.77,737.76,1500.0,60.0, , , , , ,, , 
09:59:58,-0.51,-0.12,-0.2,0.03,-1.9,-0.65,-0.17,-1.96,-0.69,-0.23,-1.57, , , , , ,737.77,737.71,1300.0,60.0, , , , , ,, , 
10:00:01,-0.36,-0.02,-0.22,0.15,-2.1,-0.4,0.05,-1.95,-0.45,-0.27,-1.58, , , , , ,737.77,737.71,600.0,247.0, , , , , ,, , 
10:00:04,-0.27,0.04,-0.16,0.14,-2.29,-0.33,0.08,-2.07,-0.31,-0.1,-1.61, , , , , ,737.77,737.75,800.0,500.0, , , , , ,, , 
10:00:07,-0.43,-0.02,-0.2,0.06,-2.16,-0.46,-0.02,-1.99,-0.63,-0.12,-1.47, , , , , ,737.67,737.6,753.0,700.0, , , , , ,, , 
10:00:10,-0.54,-0.12,-0.32,-0.06,-2.21,-0.64,-0.19,-2.06,-0.65,-0.11,-1.48, , , , , ,737.67,737.6,300.0,700.0, , , , , ,, , 
10:00:13,-0.44,-0.12,-0.28,-0.05,-2.21,-0.47,-0.09,-2.06,-0.57,-0.2,-1.56, , , , , ,737.67,737.59,200.0,400.0, , , , , ,, , 
10:00:16,-0.58,-0.28,-0.44,-0.22,-2.05,-0.57,-0.32,-1.76,-0.72,-0.29,-1.51, , , , , ,737.55,737.52,400.0,100.0, , , , , ,, , 
10:00:19,-0.85,-0.44,-0.6,-0.47,-1.88,-1.09,-0.52,-1.54,-0.87,-0.32,-1.5, , , , , ,737.5,737.35,1619.0,300.0, , , , , ,, , 
10:00:22,-1.0,-0.68,-0.77,-0.7,-1.9,-1.32,-0.82,-1.55,-0.92,-0.53,-1.64, , , , , ,737.5,737.35,1919.0,400.0, , , , , ,, , 
10:00:25,-1.19,-0.87,-0.99,-0.83,-1.97,-1.49,-1.01,-1.64,-1.1,-0.77,-1.7,-500.0,737.35,737.35,-500.0,-1334.0,737.5,737.35,2319.0,100.0, , , ,2018-05-15 10:00:25.746000,2018-05-15 10:00:25.746000,, , 
10:00:28,-1.16,-0.93,-1.03,-0.95,-1.88,-1.46,-1.03,-1.8,-0.99,-0.79,-1.77,-500.0,737.35,737.35,-158.0,-1492.0,737.5,737.35,1819.0,58.0, , , ,2018-05-15 10:00:28.736000,2018-05-15 10:00:28.736000,, , 
10:00:31,-1.1,-0.85,-0.99,-0.76,-1.37,-1.34,-0.96,-1.44,-0.98,-0.84,-1.44, , , , , ,737.35,737.01,342.0,100.0, , , , , ,, , 
10:00:34,-1.03,-0.73,-0.92,-0.66,-1.19,-1.36,-0.81,-1.26,-0.81,-0.73,-1.45, , , , , ,737.35,737.01,400.0,200.0, , , , , ,, , 
10:00:37,-1.13,-0.78,-1.06,-0.69,-0.92,-1.41,-0.85,-0.85,-0.91,-0.81,-1.23, , , , , ,737.03,737.0,100.0,10100.0, , , , , ,, , 
10:00:40,-1.25,-0.79,-1.19,-0.71,-1.01,-1.63,-0.84,-0.67,-0.93,-0.82,-1.22, , , , , ,737.03,737.0,700.0,9500.0, , , , , ,, , 
10:00:43,-1.32,-0.77,-1.27,-0.72,-1.45,-1.68,-0.88,-0.92,-1.02,-0.71,-1.53, , , , , ,737.5,737.0,4219.0,7900.0, , , , , ,, , 
10:00:46,-1.18,-0.64,-1.07,-0.55,-1.56,-1.47,-0.69,-0.91,-1.02,-0.67,-1.51, , , , , ,737.5,737.0,1219.0,4100.0, , , , , ,, , 
10:00:49,-1.46,-0.95,-1.38,-0.94,-1.0,-1.79,-0.99,-0.36,-1.19,-0.92,-1.01,-500.0,736.79,736.79,-465.0,-1957.0,737.0,736.79,16700.0,200.0, , , ,2018-05-15 10:00:49.863000,2018-05-15 10:00:49.862000,, , 
10:00:52,-1.83,-1.2,-1.94,-1.35,-0.59,-2.15,-1.23,0.09,-1.38,-1.03,-0.69, , , , , ,736.79,736.53,35.0,100.0, , , , , ,, , 
10:00:55,-1.71,-1.06,-1.77,-1.11,-0.31,-2.16,-1.19,0.49,-1.21,-0.89,-0.41,-500.0,736.15,736.15,-200.0,-2157.0,736.78,736.15,700.0,100.0, , , ,2018-05-15 10:00:55.693000,2018-05-15 10:00:55.693000,, , 
10:00:58,-1.46,-0.71,-1.84,-0.7,0.22,-1.81,-0.71,1.2,-0.72,-0.71,0.06, , , , , ,736.15,736.1,300.0,100.0, , , , , ,, , 
10:01:01,-1.0,-0.34,-1.47,-0.45,0.3,-1.04,-0.24,1.46,-0.49,-0.34,0.11, , , , , ,736.1,736.06,300.0,200.0, , , , , ,, , 
10:01:04,-1.16,-0.2,-1.7,-0.42,0.21,-1.14,-0.05,1.46,-0.63,-0.13,0.12, , , , , ,736.09,736.06,1200.0,100.0, , , , , ,, , 
10:01:07,-0.91,-0.28,-1.46,-0.52,0.23,-0.72,-0.14,1.53,-0.55,-0.17,0.2, , , , , ,736.01,736.0,800.0,9900.0, , , , , ,, , 
10:01:10,-0.62,-0.06,-1.26,-0.25,0.15,-0.35,0.08,1.36,-0.24,-0.02,0.18, , , , , ,736.01,736.0,800.0,10100.0, , , , , ,, , 
10:01:13,-0.92,-0.43,-1.49,-0.8,0.22,-0.79,-0.18,1.25,-0.49,-0.31,0.26, , , , , ,736.0,735.88,100.0,100.0, , , , , ,, , 
10:01:16,-1.17,-0.52,-1.45,-0.86,0.24,-1.11,-0.29,1.03,-0.95,-0.42,0.1, , , , , ,736.09,736.01,133.0,300.0, , , , , ,, , 
10:01:19,-0.96,-0.44,-1.09,-0.65,0.27,-1.04,-0.31,0.85,-0.75,-0.37,0.04, , , , , ,736.1,736.09,400.0,700.0, , , , , ,, , 
10:01:22,-0.62,-0.22,-0.81,-0.36,0.28,-0.67,-0.11,0.79,-0.38,-0.2,0.08, , , , , ,736.15,736.0,200.0,200.0, , , , , ,, , 
10:01:25,-0.62,-0.24,-0.89,-0.4,0.48,-0.54,-0.09,1.04,-0.43,-0.22,0.38, , , , , ,735.88,735.85,400.0,100.0, , , , , ,, , 
10:01:28,-0.47,-0.13,-0.59,-0.28,0.32,-0.51,0.04,1.01,-0.31,-0.15,0.4, , , , , ,735.88,735.85,400.0,400.0, , , , , ,, , 
10:01:31,-0.15,0.21,-0.37,0.03,-0.3,-0.02,0.45,0.38,-0.05,0.16,-0.23, , , , , ,736.66,736.01,1300.0,2700.0, , , , , ,, , 
10:01:34,-0.25,0.38,-0.57,0.26,-0.48,-0.15,0.5,0.01,-0.02,0.39,-0.59, , , , , ,736.66,736.55,1300.0,700.0, , , , , ,, , 
10:01:37,-0.21,0.27,-0.49,0.29,-0.02,-0.1,0.4,0.27,-0.05,0.1,-0.31, , , , , ,736.66,736.15,1200.0,100.0, , , , , ,, , 
10:01:40,-0.42,0.18,-0.53,0.19,0.69,-0.3,0.37,0.79,-0.44,-0.01,0.22, , , , , ,736.14,735.88,100.0,100.0, , , , , ,, , 
10:01:43,-0.31,0.19,-0.32,0.24,0.7,-0.23,0.31,0.74,-0.37,0.03,0.17, , , , , ,736.14,735.97,400.0,100.0, , , , , ,, , 
10:01:46,-0.22,0.25,-0.48,0.24,0.45,-0.09,0.28,0.49,-0.08,0.24,-0.09, , , , , ,736.5,736.01,1100.0,2900.0, , , , , ,, , 
10:01:49,-0.05,0.39,-0.11,0.35,0.75,0.04,0.58,0.77,-0.09,0.24,0.16, , , , , ,736.15,736.01,200.0,2800.0, , , , , ,, , 
10:01:52,-0.03,0.48,-0.12,0.35,0.64,0.05,0.77,0.57,-0.0,0.32,-0.07, , , , , ,736.5,736.01,1800.0,2900.0, , , , , ,, , 
10:01:55,-0.14,0.4,-0.25,0.41,0.72,-0.1,0.45,0.53,-0.06,0.35,-0.13, , , , , ,736.5,736.1,1800.0,100.0, , , , , ,, , 
10:01:58,-0.13,0.32,-0.29,0.36,0.97,-0.04,0.38,0.58,-0.05,0.23,-0.14, , , , , ,736.5,736.1,2200.0,300.0, , , , , ,, , 
10:02:01,-0.07,0.34,-0.18,0.43,1.16,0.09,0.42,0.58,-0.11,0.16,-0.14, , , , , ,736.5,736.1,2200.0,100.0, , , , , ,, , 
10:02:04,-0.01,0.36,-0.13,0.4,1.16,0.11,0.41,0.55,-0.01,0.26,-0.14, , , , , ,736.5,736.1,1200.0,13.0, , , , , ,, , 
10:02:07,-0.08,0.36,-0.2,0.43,1.5,0.04,0.37,0.9,-0.08,0.29,0.23, , , , , ,736.03,736.02,1091.0,100.0, , , , , ,, , 
10:02:10,-0.03,0.34,-0.19,0.41,1.28,0.08,0.34,0.76,0.03,0.28,0.16, , , , , ,736.1,736.03,200.0,409.0, , , , , ,, , 
10:02:13,0.05,0.29,-0.14,0.43,1.07,0.25,0.26,0.75,0.04,0.19,0.15, , , , , ,736.1,736.04,200.0,400.0, , , , , ,, , 
10:02:16,0.05,0.32,-0.13,0.33,0.73,0.18,0.36,0.49,0.09,0.26,-0.12, , , , , ,736.5,736.04,600.0,200.0, , , , , ,, , 
10:02:19,-0.09,0.35,-0.27,0.38,0.28,-0.01,0.39,0.15,-0.0,0.27,-0.45, , , , , ,736.53,736.5,100.0,1200.0, , , , , ,, , 
10:02:22,-0.01,0.38,-0.15,0.41,0.47,0.08,0.44,0.42,0.03,0.3,0.01, , , , , ,736.53,736.1,100.0,100.0, , , , , ,, , 
10:02:25,-0.01,0.37,-0.17,0.43,0.82,0.14,0.41,0.81,0.0,0.27,0.58, , , , , ,736.03,736.02,600.0,300.0, , , , , ,, , 
10:02:28,0.0,0.31,-0.09,0.32,0.79,0.11,0.29,0.8,-0.01,0.31,0.78, , , , , ,736.03,736.02,100.0,200.0, , , , , ,, , 
10:02:31,-0.05,0.33,-0.19,0.3,0.78,0.04,0.31,0.79,-0.0,0.37,0.96, , , , , ,736.04,736.03,200.0,500.0, , , , , ,, , 
10:02:34,0.02,0.47,-0.18,0.41,0.33,0.19,0.46,0.32,0.04,0.53,0.52, , , , , ,736.55,736.2,600.0,100.0, , , , , ,, , 
10:02:37,-0.02,0.54,-0.21,0.48,0.04,0.16,0.48,0.05,-0.02,0.66,0.28, , , , , ,736.58,736.56,100.0,300.0, , , , , ,, , 
10:02:40,-0.0,0.48,-0.1,0.46,0.03,0.07,0.39,0.04,0.03,0.58,0.28, , , , , ,736.58,736.56,100.0,200.0, , , , , ,, , 
10:02:43,-0.08,0.47,-0.21,0.49,0.04,-0.01,0.44,0.03,-0.03,0.48,0.28, , , , , ,736.58,736.56,100.0,100.0, , , , , ,, , 
10:02:46,-0.06,0.42,-0.12,0.45,0.05,-0.02,0.42,0.0,-0.03,0.39,0.26, , , , , ,736.61,736.56,100.0,100.0, , , , , ,, , 
10:02:49,0.02,0.46,-0.05,0.58,0.05,0.13,0.46,-0.01,-0.01,0.33,0.39, , , , , ,736.66,736.55,400.0,200.0, , , , , ,, , 
10:02:52,0.14,0.53,0.1,0.63,-0.14,0.21,0.56,-0.25,0.11,0.4,0.32, , , , , ,736.88,736.66,100.0,300.0, , , , , ,, , 
10:02:55,0.12,0.6,0.04,0.76,-0.34,0.18,0.58,-0.48,0.15,0.47,0.26, , , , , ,736.99,736.88,700.0,300.0, , , , , ,, , 
10:02:58,0.16,0.67,0.13,0.8,-0.38,0.2,0.52,-0.58,0.15,0.7,0.32, , , , , ,737.02,737.0,10.0,1200.0, , , , , ,, , 
10:03:01,0.11,0.69,0.14,0.83,-0.82,0.03,0.52,-1.03,0.16,0.72,-0.11, , , , , ,737.44,737.22,300.0,200.0, , , , , ,, , 
10:03:04,0.02,0.63,0.05,0.72,-0.85,-0.09,0.51,-1.03,0.1,0.65,-0.11, , , , , ,737.44,737.22,600.0,100.0, , , , , ,, , 
10:03:07,-0.13,0.54,-0.02,0.69,-0.34,-0.12,0.44,-0.52,-0.25,0.48,0.33, , , , , ,736.99,736.88,210.0,200.0, , , , , ,, , 
10:03:10,-0.08,0.48,-0.02,0.6,-0.43,0.06,0.37,-0.55,-0.28,0.48,0.23, , , , , ,736.99,736.89,510.0,200.0, , , , , ,, , 
10:03:13,0.01,0.4,0.04,0.57,-0.28,0.12,0.28,-0.47,-0.12,0.36,0.29, , , , , ,736.99,736.66,410.0,300.0, , , , , ,, , 
10:03:16,0.1,0.32,0.11,0.57,-0.16,0.11,0.2,-0.46,0.07,0.2,0.3, , , , , ,736.84,736.66,1000.0,400.0, , , , , ,, , 
10:03:19,-0.1,0.29,-0.14,0.57,-0.11,-0.07,0.24,-0.53,-0.1,0.07,0.36, , , , , ,736.84,736.58,1100.0,1300.0, , , , , ,, , 
10:03:22,-0.22,0.18,-0.19,0.39,0.04,-0.26,0.06,-0.51,-0.21,0.09,0.52, , , , , ,736.61,736.58,100.0,1400.0, , , , , ,, , 
10:03:25,-0.34,0.01,-0.26,0.23,0.04,-0.42,-0.04,-0.57,-0.34,-0.17,0.52, , , , , ,736.6,736.58,300.0,1300.0, , , , , ,, , 
10:03:28,-0.42,-0.1,-0.34,0.15,-0.01,-0.55,-0.2,-0.68,-0.37,-0.27,0.48, , , , , ,736.66,736.58,100.0,1100.0, , , , , ,, , 
10:03:31,-0.49,-0.09,-0.36,0.12,-0.03,-0.71,-0.19,-0.71,-0.41,-0.21,0.46, , , , , ,736.69,736.58,100.0,1200.0, , , , , ,, , 
10:03:34,-0.51,-0.05,-0.4,0.1,0.01,-0.77,-0.1,-0.67,-0.37,-0.14,0.49, , , , , ,736.61,736.6,100.0,100.0, , , , , ,, , 
10:03:37,-0.58,-0.14,-0.46,-0.02,0.01,-0.81,-0.16,-0.66,-0.47,-0.23,0.51, , , , , ,736.61,736.58,300.0,100.0, , , , , ,, , 
10:03:40,-0.69,-0.34,-0.48,-0.14,0.02,-1.02,-0.44,-0.63,-0.58,-0.43,0.53, , , , , ,736.6,736.56,1000.0,100.0, , , , , ,, , 
10:03:43,-0.6,-0.17,-0.44,-0.05,0.01,-0.83,-0.2,-0.64,-0.51,-0.26,0.52, , , , , ,736.6,736.58,600.0,100.0, , , , , ,, , 
10:03:46,-0.26,0.02,-0.19,0.11,-0.06,-0.38,0.02,-0.68,-0.21,-0.05,0.46, , , , , ,736.66,736.6,100.0,3200.0, , , , , ,, , 
10:03:49,-0.27,0.07,-0.21,0.16,-0.11,-0.35,0.09,-0.72,-0.24,-0.06,0.4, , , , , ,736.69,736.66,100.0,100.0, , , , , ,, , 
10:03:52,-0.25,0.05,-0.14,0.19,-0.12,-0.34,0.08,-0.71,-0.27,-0.14,0.41, , , , , ,736.69,736.66,100.0,100.0, , , , , ,, , 
10:03:55,-0.18,0.19,-0.1,0.34,-0.17,-0.19,0.26,-0.73,-0.25,-0.02,0.37, , , , , ,736.74,736.66,100.0,100.0, , , , , ,, , 
10:03:58,-0.13,0.22,-0.07,0.37,-0.15,-0.1,0.22,-0.71,-0.23,0.08,0.39, , , , , ,736.72,736.66,100.0,300.0, , , , , ,, , 
10:04:01,-0.14,0.32,-0.15,0.5,-0.4,-0.04,0.4,-0.94,-0.23,0.06,0.17, , , , , ,737.0,736.72,61.0,100.0, , , , , ,, , 
10:04:04,-0.13,0.26,-0.08,0.5,-0.11,-0.12,0.25,-0.67,-0.2,0.02,0.46, , , , , ,736.66,736.64,1900.0,100.0, , , , , ,, , 
10:04:07,-0.17,0.17,-0.13,0.27,-0.09,-0.15,0.17,-0.63,-0.24,0.09,0.51, , , , , ,736.62,736.61,300.0,300.0, , , , , ,, , 
10:04:10,-0.16,0.21,-0.09,0.25,-0.1,-0.16,0.19,-0.65,-0.23,0.18,0.49, , , , , ,736.62,736.61,300.0,500.0, , , , , ,, , 
10:04:13,-0.16,0.21,-0.1,0.35,-0.19,-0.14,0.18,-0.66,-0.25,0.11,0.48, , , , , ,736.62,736.61,100.0,500.0, , , , , ,, , 
10:04:16,-0.18,0.18,-0.08,0.31,-0.31,-0.18,0.15,-0.72,-0.27,0.07,0.42, , , , , ,736.66,736.63,1500.0,100.0, , , , , ,, , 
10:04:19,-0.26,0.22,-0.09,0.27,-0.44,-0.24,0.26,-0.71,-0.45,0.13,0.42, , , , , ,736.66,736.63,1600.0,200.0, , , , , ,, , 
10:04:22,-0.23,0.26,-0.09,0.32,-0.52,-0.23,0.28,-0.64,-0.38,0.17,0.46, , , , , ,736.61,736.6,205.0,907.0, , , , , ,, , 
10:04:25,-0.23,0.2,-0.16,0.26,-0.59,-0.23,0.25,-0.62,-0.31,0.08,0.46, , , , , ,736.61,736.6,505.0,1107.0, , , , , ,, , 
10:04:28,-0.26,0.15,-0.2,0.28,-0.69,-0.25,0.18,-0.64,-0.33,-0.01,0.39, , , , , ,736.63,736.62,300.0,90.0, , , , , ,, , 
10:04:31,-0.44,0.03,-0.26,0.17,-0.68,-0.5,0.03,-0.61,-0.55,-0.13,0.35, , , , , ,736.63,736.6,600.0,492.0, , , , , ,, , 
10:04:34,-0.51,-0.17,-0.42,-0.03,-0.67,-0.58,-0.2,-0.58,-0.54,-0.28,0.3, , , , , ,736.61,736.6,1900.0,492.0, , , , , ,, , 
10:04:37,-0.71,-0.38,-0.56,-0.24,-0.66,-0.84,-0.31,-0.57,-0.73,-0.59,0.24, , , , , ,736.6,736.59,8.0,100.0, , , , , ,, , 
10:04:40,-0.75,-0.49,-0.6,-0.23,-0.65,-0.88,-0.5,-0.57,-0.78,-0.73,0.2, , , , , ,736.6,736.59,400.0,200.0, , , , , ,, , 
10:04:43,-0.56,-0.28,-0.45,-0.03,-0.65,-0.54,-0.22,-0.57,-0.68,-0.61,0.14, , , , , ,736.61,736.59,1008.0,200.0, , , , , ,, , 
10:04:46,-0.59,-0.29,-0.41,-0.07,-0.64,-0.69,-0.33,-0.55,-0.66,-0.48,0.1, , , , , ,736.61,736.59,1208.0,200.0, , , , , ,, , 
10:04:49,-0.67,-0.41,-0.51,-0.22,-0.57,-0.78,-0.39,-0.51,-0.71,-0.62,0.11, , , , , ,736.61,736.53,1208.0,2000.0, , , , , ,, , 
10:04:52,-0.52,-0.33,-0.36,-0.07,-0.61,-0.56,-0.31,-0.55,-0.65,-0.61,0.04, , , , , ,736.61,736.6,1208.0,300.0, , , , , ,, , 
10:04:55,-0.63,-0.36,-0.39,-0.12,-0.55,-0.71,-0.36,-0.49,-0.79,-0.6,0.06, , , , , ,736.61,736.53,1508.0,1800.0, , , , , ,, , 
10:04:58,-0.69,-0.45,-0.49,-0.25,-0.55,-0.82,-0.46,-0.5,-0.75,-0.63,0.03, , , , , ,736.61,736.53,1208.0,700.0, , , , , ,, , 
10:05:01,-0.75,-0.46,-0.54,-0.26,-0.55,-0.93,-0.42,-0.51,-0.78,-0.68,-0.0, , , , , ,736.61,736.53,1008.0,500.0, , , , , ,, , 
10:05:04,-0.83,-0.57,-0.64,-0.27,-0.56,-1.05,-0.65,-0.51,-0.8,-0.79,-0.02, , , , , ,736.61,736.53,1108.0,500.0, , , , , ,, , 
10:05:07,-0.83,-0.59,-0.59,-0.29,-0.56,-1.07,-0.69,-0.51,-0.85,-0.79,-0.02, , , , , ,736.6,736.53,500.0,700.0, , , , , ,, , 
10:05:10,-0.86,-0.65,-0.68,-0.38,-0.51,-1.09,-0.74,-0.44,-0.8,-0.81,0.03, , , , , ,736.53,736.49,900.0,100.0, , , , , ,, , 
10:05:13,-0.98,-0.76,-0.82,-0.57,-0.52,-1.2,-0.82,-0.44,-0.92,-0.87,-0.05,-300.0,736.49,0.0,-0.0,-2157.0,736.53,736.49,700.0,100.0, , , ,2018-05-15 10:05:13.739000,2018-05-15 10:05:13.739000,, , 
10:05:16,-1.09,-0.84,-0.96,-0.61,-0.28,-1.36,-0.96,-0.19,-0.94,-0.96,0.11, , , , , ,736.44,736.21,1800.0,200.0, , , , , ,, , 
10:05:19,-0.98,-0.66,-0.85,-0.38,-0.27,-1.19,-0.74,-0.19,-0.89,-0.85,0.02, , , , , ,736.44,736.21,1500.0,282.0, , , , , ,, , 
10:05:22,-0.78,-0.5,-0.7,-0.33,0.01,-0.96,-0.57,0.28,-0.69,-0.58,0.22, , , , , ,736.13,736.11,18.0,1100.0, , , , , ,, , 
10:05:25,-0.85,-0.52,-0.85,-0.47,0.04,-1.05,-0.58,0.45,-0.67,-0.52,0.18, , , , , ,736.12,736.11,300.0,1200.0, , , , , ,, , 
10:05:28,-0.76,-0.4,-0.75,-0.33,0.05,-0.95,-0.37,0.65,-0.6,-0.5,0.12, , , , , ,736.13,736.11,200.0,900.0, , , , , ,, , 
10:05:31,-0.77,-0.32,-0.78,-0.34,0.06,-0.89,-0.33,0.84,-0.65,-0.29,0.09, , , , , ,736.13,736.12,300.0,200.0, , , , , ,, , 
10:05:34,-0.79,-0.37,-0.82,-0.37,0.1,-0.87,-0.45,0.89,-0.68,-0.3,0.07, , , , , ,736.11,736.1,300.0,1800.0, , , , , ,, , 
10:05:37,-0.86,-0.42,-0.89,-0.5,0.1,-0.98,-0.44,0.91,-0.7,-0.34,0.04, , , , , ,736.11,736.1,100.0,2000.0, , , , , ,, , 
10:05:40,-0.62,-0.22,-0.71,-0.24,0.09,-0.83,-0.18,0.89,-0.33,-0.25,0.02, , , , , ,736.13,736.1,200.0,2000.0, , , , , ,, , 
10:05:43,-0.56,-0.11,-0.68,-0.19,0.07,-0.72,-0.1,0.86,-0.28,-0.05,-0.07, , , , , ,736.14,736.13,100.0,200.0, , , , , ,, , 
10:05:46,-0.39,0.0,-0.54,-0.09,0.08,-0.46,-0.02,0.86,-0.16,0.11,-0.13, , , , , ,736.14,736.13,100.0,300.0, , , , , ,, , 
10:05:49,-0.22,0.13,-0.33,0.0,0.07,-0.19,0.13,1.0,-0.15,0.26,-0.23, , , , , ,736.16,736.14,100.0,1100.0, , , , , ,, , 
10:05:52,-0.19,0.21,-0.28,0.1,0.05,-0.19,0.25,1.14,-0.11,0.29,-0.33, , , , , ,736.2,736.14,100.0,100.0, , , , , ,, , 
10:05:55,-0.17,0.27,-0.18,0.15,0.06,-0.15,0.33,1.3,-0.17,0.34,-0.39, , , , , ,736.2,736.13,100.0,500.0, , , , , ,, , 
10:05:58,-0.2,0.18,-0.25,0.07,0.05,-0.16,0.24,1.47,-0.2,0.24,-0.49, , , , , ,736.2,736.13,1600.0,400.0, , , , , ,, , 
10:06:01,-0.24,0.11,-0.3,0.01,0.03,-0.21,0.17,1.46,-0.21,0.16,-0.6, , , , , ,736.19,736.16,100.0,400.0, , , , , ,, , 
10:06:04,-0.2,0.11,-0.19,0.06,0.05,-0.24,0.17,1.48,-0.17,0.1,-0.69, , , , , ,736.19,736.13,400.0,700.0, , , , , ,, , 
10:06:07,-0.22,0.1,-0.24,0.12,0.06,-0.21,0.09,1.4,-0.21,0.09,-0.74, , , , , ,736.19,736.11,200.0,1200.0, , , , , ,, , 
10:06:10,-0.21,0.12,-0.21,0.12,0.09,-0.28,0.07,1.34,-0.13,0.18,-0.72, , , , , ,736.13,736.11,300.0,1300.0, , , , , ,, , 
10:06:13,-0.22,0.12,-0.26,0.1,0.09,-0.28,0.07,1.25,-0.11,0.18,-0.74, , , , , ,736.13,736.11,500.0,1400.0, , , , , ,, , 
10:06:16,-0.16,0.15,-0.2,0.15,0.09,-0.23,0.08,1.17,-0.04,0.21,-0.77, , , , , ,736.13,736.11,300.0,1400.0, , , , , ,, , 
10:06:19,-0.23,0.13,-0.29,0.14,0.09,-0.29,0.05,1.17,-0.1,0.19,-0.79, , , , , ,736.13,736.11,500.0,1400.0, , , , , ,, , 
10:06:22,-0.11,0.23,-0.11,0.23,0.24,-0.12,0.19,1.14,-0.1,0.28,-0.84, , , , , ,736.15,736.13,100.0,2600.0, , , , , ,, , 
10:06:25,-0.0,0.39,-0.02,0.42,0.4,0.08,0.49,1.11,-0.07,0.27,-0.88, , , , , ,736.16,736.15,400.0,100.0, , , , , ,, , 
10:06:28,-0.04,0.37,-0.01,0.4,0.58,-0.03,0.48,1.1,-0.09,0.25,-0.9, , , , , ,736.2,736.13,1400.0,2600.0, , , , , ,, , 
10:06:31,0.04,0.51,0.03,0.6,0.78,0.17,0.62,1.08,-0.08,0.31,-0.94, , , , , ,736.2,736.15,1400.0,600.0, , , , , ,, , 
10:06:34,-0.0,0.43,0.02,0.46,0.79,0.13,0.5,1.08,-0.16,0.34,-0.97, , , , , ,736.2,736.15,1500.0,600.0, , , , , ,, , 
10:06:37,0.02,0.3,0.08,0.26,0.81,0.13,0.46,1.08,-0.17,0.18,-0.99, , , , , ,736.2,736.15,1500.0,500.0, , , , , ,, , 
10:06:40,0.04,0.4,0.08,0.43,0.81,0.16,0.58,1.08,-0.13,0.2,-1.02, , , , , ,736.2,736.15,1500.0,900.0, , , , , ,, , 
10:06:43,-0.02,0.33,0.03,0.39,0.81,0.11,0.45,1.08,-0.2,0.14,-1.04, , , , , ,736.2,736.15,1600.0,800.0, , , , , ,, , 
10:06:46,0.03,0.49,0.15,0.53,0.77,0.15,0.6,1.04,-0.2,0.34,-1.12, , , , , ,736.21,736.2,100.0,1300.0, , , , , ,, , 
10:06:49,0.24,0.61,0.33,0.66,0.93,0.4,0.78,1.04,-0.02,0.38,-1.17, , , , , ,736.21,736.2,500.0,1300.0, , , , , ,, , 
10:06:52,0.13,0.56,0.17,0.59,1.09,0.25,0.69,1.04,-0.03,0.39,-1.23, , , , , ,736.21,736.2,500.0,700.0, , , , , ,, , 
10:06:55,0.06,0.5,0.12,0.54,1.25,0.19,0.71,1.04,-0.11,0.26,-1.29, , , , , ,736.21,736.2,400.0,600.0, , , , , ,, , 
10:06:58,0.06,0.48,0.12,0.47,1.41,0.15,0.67,1.06,-0.09,0.3,-1.34, , , , , ,736.21,736.2,600.0,700.0, , , , , ,, , 
10:07:01,0.07,0.45,0.15,0.42,1.43,0.22,0.64,1.08,-0.15,0.28,-1.36, , , , , ,736.21,736.17,500.0,200.0, , , , , ,, , 
10:07:04,0.05,0.52,0.12,0.55,1.43,0.19,0.66,1.08,-0.17,0.34,-1.41, , , , , ,736.21,736.17,400.0,700.0, , , , , ,, , 
10:07:07,0.07,0.55,0.13,0.66,1.33,0.23,0.65,1.06,-0.13,0.34,-1.48, , , , , ,736.21,736.2,100.0,100.0, , , , , ,, , 
10:07:10,0.03,0.43,0.13,0.43,1.27,0.17,0.49,1.08,-0.21,0.37,-1.48, , , , , ,736.21,736.15,100.0,1600.0, , , , , ,, , 
10:07:13,-0.09,0.21,-0.01,0.21,1.19,0.03,0.29,1.09,-0.28,0.12,-1.52, , , , , ,736.19,736.15,10.0,1500.0, , , , , ,, , 
10:07:16,-0.09,0.17,-0.01,0.24,1.06,-0.01,0.2,1.04,-0.24,0.08,-1.57, , , , , ,736.24,736.15,100.0,1200.0, , , , , ,, , 
10:07:19,-0.14,0.06,-0.1,0.21,1.06,-0.05,0.08,1.03,-0.27,-0.09,-1.61, , , , , ,736.2,736.19,800.0,100.0, , , , , ,, , 
10:07:22,-0.24,0.02,-0.14,0.13,1.09,-0.17,-0.04,1.05,-0.42,-0.03,-1.64, , , , , ,736.2,736.15,800.0,1000.0, , , , , ,, , 
10:07:25,-0.23,0.14,-0.11,0.27,0.35,-0.19,0.14,0.31,-0.39,0.01,-2.44, , , , , ,736.94,736.5,100.0,2000.0, , , , , ,, , 
10:07:28,-0.14,0.32,0.05,0.53,0.35,-0.05,0.4,0.26,-0.42,0.05,-2.52, , , , , ,736.94,736.5,200.0,2000.0, , , , , ,, , 
10:07:31,-0.04,0.47,0.05,0.75,0.28,0.15,0.57,0.14,-0.33,0.1,-2.65, , , , , ,736.94,736.6,100.0,1000.0, , , , , ,, , 
10:07:34,-0.03,0.62,0.13,0.9,0.28,0.12,0.71,0.08,-0.35,0.24,-2.69, , , , , ,736.94,736.6,200.0,1100.0, , , , , ,, , 
10:07:37,-0.22,0.42,0.03,0.65,0.28,-0.13,0.47,-0.01,-0.55,0.14,-2.75, , , , , ,736.94,736.6,200.0,1100.0, , , , , ,, , 
10:07:40,-0.32,0.36,-0.07,0.59,0.28,-0.23,0.38,-0.04,-0.68,0.11,-2.79, , , , , ,736.94,736.6,100.0,900.0, , , , , ,, , 
10:07:43,-0.18,0.43,-0.05,0.79,0.28,-0.01,0.46,-0.09,-0.47,0.04,-2.8, , , , , ,736.94,736.6,100.0,900.0, , , , , ,, , 
10:07:46,-0.02,0.48,0.12,0.88,0.28,0.19,0.42,-0.14,-0.36,0.15,-2.76, , , , , ,736.94,736.6,300.0,800.0, , , , , ,, , 
10:07:49,-0.0,0.47,0.11,0.81,0.28,0.14,0.48,-0.15,-0.26,0.13,-2.68, , , , , ,736.94,736.6,200.0,800.0, , , , , ,, , 
10:07:52,-0.01,0.56,0.07,1.0,-0.37,0.11,0.48,-0.83,-0.21,0.19,-3.35, , , , , ,737.49,737.0,100.0,3039.0, , , , , ,, , 
10:07:55,-0.07,0.53,0.03,0.91,-0.37,0.05,0.51,-0.86,-0.29,0.16,-3.31, , , , , ,737.49,737.0,300.0,2239.0, , , , , ,, , 
10:07:58,-0.25,0.54,-0.19,0.85,-0.36,-0.08,0.53,-0.89,-0.47,0.24,-3.3, , , , , ,737.49,737.0,400.0,639.0, , , , , ,, , 
10:08:01,-0.23,0.47,-0.15,0.79,-0.35,-0.05,0.49,-0.92,-0.49,0.14,-3.32, , , , , ,737.49,737.0,200.0,739.0, , , , , ,, , 
10:08:04,-0.23,0.47,-0.16,0.89,-0.34,-0.06,0.45,-0.94,-0.47,0.08,-3.23, , , , , ,737.49,737.0,100.0,739.0, , , , , ,, , 
10:08:07,-0.2,0.46,-0.09,0.86,-0.35,-0.01,0.49,-0.94,-0.51,0.02,-3.25, , , , , ,737.49,737.0,100.0,739.0, , , , , ,, , 
10:08:10,-0.46,0.33,-0.24,0.74,0.0,-0.26,0.28,-0.61,-0.88,-0.02,-2.9, , , , , ,737.0,736.96,1861.0,200.0, , , , , ,, , 
10:08:13,-0.62,0.13,-0.43,0.54,0.0,-0.47,0.16,-0.68,-0.95,-0.31,-2.9, , , , , ,736.98,736.96,300.0,500.0, , , , , ,, , 
10:08:16,-0.45,0.13,-0.28,0.52,-0.03,-0.29,0.05,-0.78,-0.79,-0.18,-2.94, , , , , ,737.0,736.96,1761.0,500.0, , , , , ,, , 
10:08:19,-0.55,0.05,-0.41,0.47,-0.04,-0.4,-0.01,-0.88,-0.85,-0.32,-2.91, , , , , ,737.0,736.96,1761.0,500.0, , , , , ,, , 
10:08:22,-0.57,-0.01,-0.48,0.38,-0.04,-0.44,-0.09,-0.95,-0.8,-0.32,-2.85, , , , , ,737.0,736.96,2061.0,300.0, , , , , ,, , 
10:08:25,-0.55,-0.02,-0.44,0.32,-0.03,-0.41,0.02,-0.99,-0.79,-0.41,-2.76, , , , , ,737.0,736.94,1961.0,300.0, , , , , ,, , 
10:08:28,-0.53,-0.09,-0.42,0.22,-0.1,-0.43,-0.1,-1.04,-0.75,-0.39,-2.7, , , , , ,737.0,736.96,1761.0,100.0, , , , , ,, , 
10:08:31,-0.57,-0.15,-0.46,0.21,-0.13,-0.45,-0.11,-1.06,-0.8,-0.54,-2.62, , , , , ,737.0,736.94,1561.0,200.0, , , , , ,, , 
10:08:34,-0.53,0.0,-0.45,0.26,-0.19,-0.39,0.03,-1.1,-0.75,-0.28,-2.55, , , , , ,737.0,736.94,1461.0,178.0, , , , , ,, , 
10:08:37,-0.45,0.08,-0.42,0.29,-0.28,-0.26,0.16,-1.12,-0.67,-0.21,-2.44, , , , , ,737.0,736.94,1361.0,678.0, , , , , ,, , 
10:08:40,-0.39,0.12,-0.37,0.29,-0.33,-0.2,0.17,-1.15,-0.6,-0.1,-2.33, , , , , ,737.0,736.96,1361.0,100.0, , , , , ,, , 
10:08:43,-0.43,0.04,-0.37,0.24,-0.35,-0.21,0.05,-1.19,-0.7,-0.19,-2.19, , , , , ,736.98,736.95,200.0,100.0, , , , , ,, , 
10:08:46,-0.42,0.05,-0.34,0.2,-0.42,-0.25,0.08,-1.27,-0.66,-0.12,-2.1, , , , , ,736.98,736.97,300.0,500.0, , , , , ,, , 
10:08:49,-0.36,0.11,-0.37,0.22,-0.43,-0.09,0.21,-1.34,-0.62,-0.1,-2.04, , , , , ,736.98,736.97,400.0,500.0, , , , , ,, , 
10:08:52,-0.32,0.12,-0.33,0.21,-0.46,-0.08,0.17,-1.42,-0.56,-0.03,-1.98, , , , , ,736.98,736.97,300.0,500.0, , , , , ,, , 
10:08:55,-0.31,0.1,-0.25,0.21,-0.49,-0.14,0.19,-1.48,-0.56,-0.09,-1.9, , , , , ,736.98,736.97,200.0,300.0, , , , , ,, , 
10:08:58,-0.33,0.12,-0.28,0.22,-0.52,-0.21,0.15,-1.59,-0.5,-0.01,-1.74, , , , , ,736.98,736.97,100.0,200.0, , , , , ,, , 
10:09:01,-0.35,0.05,-0.34,0.15,-0.57,-0.19,0.07,-1.71,-0.51,-0.06,-1.59, , , , , ,737.0,736.98,461.0,300.0, , , , , ,, , 
10:09:04,-0.36,0.02,-0.29,0.11,-0.59,-0.26,0.02,-1.81,-0.51,-0.06,-1.42, , , , , ,737.0,736.98,61.0,100.0, , , , , ,, , 
10:09:07,-0.36,0.05,-0.31,0.16,-0.61,-0.26,0.14,-1.9,-0.52,-0.15,-1.35, , , , , ,737.01,737.0,100.0,39.0, , , , , ,, , 
10:09:10,-0.49,-0.06,-0.38,0.08,-0.58,-0.45,-0.1,-1.86,-0.65,-0.15,-1.29, , , , , ,736.97,736.95,461.0,300.0, , , , , ,, , 
10:09:13,-0.51,-0.16,-0.44,0.0,-0.66,-0.52,-0.16,-1.89,-0.57,-0.32,-1.28, , , , , ,736.97,736.95,661.0,400.0, , , , , ,, , 
