tick_time,bid,ask,bid 20,ask 20,la 20,bid 40,ask 40,la 40,bid 100,ask 100,la 100,volume_ma,volume_ema,order,price,avePrice,trans,net,profit,profit_rate,askp0,bidp0,askv0,bidv0,is_mocked,order_time,exchange_time,orderSide,new_order_status,reason,order_status,earn,cost,order_local_time,exchange_local_time
09:30:16, , , , ,-1.25, , ,-5.12, , ,-3.63,4600,4500.0, , , , , , , ,726.0,725.3,600.0,200.0, , , ,, , , , , , , 
09:30:19, , , , ,-1.49, , ,-5.25, , ,-3.54,1022,4458.0, , , , , , , ,726.0,725.31,800.0,100.0, , , ,, , , , , , , 
09:30:22, , , , ,-2.08, , ,-5.87, , ,-4.05,1022,4460.0, , , , , , , ,726.06,726.0,300.0,4400.0, , , ,, , , , , , , 
09:30:25, , , , ,-2.58, , ,-6.46, , ,-4.4,1022,4459.0, , , , , , , ,726.56,726.0,1900.0,600.0, , , ,, , , , , , , 
09:30:28, , , , ,-1.7, , ,-5.7, , ,-3.38,1022,4425.0, , , , , , , ,726.0,725.2,1700.0,100.0, , , ,, , , , , , , 
09:30:31, , , , ,-2.76, , ,-6.85, , ,-4.35,1022,4438.0, , , , , , , ,726.56,726.0,800.0,4950.0, , , ,, , , , , , , 
09:30:34, , , , ,-3.32, , ,-7.44, , ,-4.61,1022,4451.0, , , , , , , ,726.99,726.0,500.0,450.0, , , ,, , , , , , , 
09:30:37, , , , ,-1.81, , ,-5.8, , ,-3.0,1022,4434.0, , , , , , , ,725.31,725.23,50.0,100.0, , , ,, , , , , , , 
09:30:40, , , , ,-1.85, , ,-5.77, , ,-2.85,1022,4400.0, , , , , , , ,725.31,725.05,100.0,200.0, , , ,, , , , , , , 
09:30:43, , , , ,-1.93, , ,-5.91, , ,-2.78,1022,4382.0, , , , , , , ,725.31,725.0,100.0,3300.0, , , ,, , , , , , , 
09:30:46, , , , ,-2.11, , ,-5.99, , ,-2.89,1022,4353.0, , , , , , , ,725.25,725.2,500.0,300.0, , , ,, , , , , , , 
09:30:49, , , , ,-2.0, , ,-5.96, , ,-2.58,1022,4326.0, , , , , , , ,725.05,725.01,200.0,2000.0, , , ,, , , , , , , 
09:30:52, , , , ,-2.36, , ,-6.29, , ,-2.78,1022,4301.0, , , , , , , ,725.2,725.06,800.0,300.0, , , ,, , , , , , , 
09:30:55, , , , ,-2.62, , ,-6.22, , ,-2.71,1022,4293.0, , , , , , , ,725.2,725.05,300.0,100.0, , , ,, , , , , , , 
09:30:58, , , , ,-2.82, , ,-6.12, , ,-2.6,1022,4272.0, , , , , , , ,725.05,725.0,300.0,3800.0, , , ,, , , , , , , 
09:31:01, , , , ,-3.17, , ,-6.28, , ,-2.67,1022,4276.0, , , , , , , ,725.2,725.0,1600.0,200.0, , , ,, , , , , , , 
09:31:04, , , , ,-3.41, , ,-6.0, , ,-2.51,1022,4246.0, , , , , , , ,725.06,724.99,100.0,252.0, , , ,, , , , , , , 
09:31:07, , , , ,-3.59, , ,-5.96, , ,-2.52,1022,4216.0, , , , , , , ,725.0,724.99,4200.0,52.0, , , ,, , , , , , , 
09:31:10, , , , ,-3.79, , ,-6.03, , ,-2.44,1022,4197.0, , , , , , , ,725.0,724.99,2900.0,1000.0, , , ,, , , , , , , 
09:31:13, , , , ,-3.78, , ,-5.49, , ,-2.07,1022,4170.0, , , , , , , ,724.99,724.6,400.0,100.0, , , ,, , , , , , , 
09:31:16,-1.15,-0.55,-1.38,-0.87,-3.91,-1.72,-0.72,-5.39,-0.37,-0.07,-1.91,1022,4128.0, , , , , , , ,724.92,724.6,200.0,100.0, , , ,, , , , , , , 
09:31:19,-1.27,-0.66,-1.32,-1.01,-3.57,-2.05,-0.9,-4.83,-0.45,-0.06,-1.35,1022,4100.0, , , , , , , ,724.84,724.02,100.0,33.0, , , ,, , , , , , , 
09:31:22,-1.62,-0.63,-2.04,-0.83,-3.49,-2.09,-0.99,-4.48,-0.74,-0.08,-1.09,1022,4068.0, , , , , , , ,724.6,724.0,800.0,1633.0, , , ,, , , , , , , 
09:31:25,-1.82,-0.8,-2.16,-1.21,-4.12,-2.46,-1.14,-4.6,-0.84,-0.05,-1.38,1022,4030.0,-600.0,724.55,724.55,-200.0,-200.0, , ,724.6,724.55,800.0,100.0, ,2018-05-30 09:31:25,2018-05-30 09:31:25.681000,, , ,CANCELED, , ,2018-05-30 09:31:25.681000,2018-05-30 09:31:29.015000
09:31:28,-1.69,-0.56,-1.9,-0.79,-3.92,-2.43,-1.01,-3.9,-0.75,0.11,-0.94,1022,3994.0, , , , , , , ,724.55,724.05,400.0,100.0, , , ,, , , , , , , 
09:31:31,-1.26,-0.47,-1.45,-0.82,-4.11,-1.81,-0.77,-3.6,-0.52,0.17,-0.82,1022,3965.0, , , , , , , ,724.5,724.06,300.0,100.0, , , ,, , , , , , , 
09:31:34,-1.05,-0.32,-1.51,-0.65,-3.93,-1.35,-0.64,-2.8,-0.3,0.32,-0.26,1022,3946.0, , , , , , , ,724.0,723.88,767.0,100.0, , , ,, , , , , , , 
09:31:37,-1.2,-0.47,-1.61,-1.03,-3.8,-1.34,-0.58,-2.12,-0.67,0.22,0.01,1022,3917.0, , , , , , , ,723.86,723.77,100.0,100.0, , , ,, , , , , , , 
09:31:40,-1.31,-0.56,-1.82,-0.99,-3.88,-1.36,-0.88,-1.39,-0.74,0.18,0.13,1022,3899.0, , , , , , , ,724.0,723.6,7567.0,500.0, , , ,, , , , , , , 
09:31:43,-1.34,-0.59,-1.75,-1.21,-4.04,-1.65,-0.74,-0.7,-0.62,0.18,0.25,1022,3866.0, , , , , , , ,724.0,723.6,7967.0,300.0, , , ,, , , , , , , 
09:31:46,-1.32,-0.48,-1.78,-0.96,-3.76,-1.39,-0.61,0.21,-0.81,0.13,0.66,1022,3832.0, , , , , , , ,723.88,723.33,100.0,200.0, , , ,, , , , , , , 
09:31:49,-1.05,-0.26,-1.45,-0.7,-3.96,-1.02,-0.41,0.65,-0.67,0.34,0.82,1022,3800.0, , , , , , , ,723.6,723.55,700.0,100.0, , , ,, , , , , , , 
09:31:52,-0.96,-0.15,-1.24,-0.34,-3.82,-0.98,-0.39,1.14,-0.65,0.3,1.32,1022,3794.0, , , , , , , ,723.5,723.15,100.0,100.0, , , ,, , , , , , , 
09:31:55,-0.82,-0.03,-1.1,-0.4,-3.53,-0.67,0.01,1.51,-0.67,0.29,1.65,1022,3764.0, , , , , , , ,723.33,723.0,100.0,2300.0, , , ,, , , , , , , 
09:31:58,-0.87,0.01,-1.23,-0.38,-3.09,-0.71,0.02,2.09,-0.67,0.4,2.19,1022,3759.0, , , , , , , ,723.0,722.65,3600.0,100.0, , , ,, , , , , , , 
09:32:01,-1.32,-0.3,-1.91,-1.08,-2.86,-1.24,-0.22,2.48,-0.8,0.4,2.54,1022,3768.0, , , , , , , ,723.0,722.22,4000.0,4484.0, , , ,, , , , , , , 
09:32:04,-1.25,-0.12,-1.63,-0.41,-2.68,-1.24,-0.21,2.55,-0.87,0.26,2.64,1022,3787.0, , , , , , , ,723.0,722.22,1618.0,2384.0, , , ,, , , , , , , 
09:32:07,-1.1,-0.07,-1.79,-0.54,-2.07,-0.64,-0.16,3.23,-0.87,0.49,3.4,1022,3781.0, , , , , , , ,722.22,722.11,2216.0,400.0, , , ,, , , , , , , 
09:32:10,-1.18,-0.01,-1.73,-0.53,-2.14,-1.06,-0.11,3.37,-0.76,0.61,3.53,1022,3759.0, , , , , , , ,722.22,722.11,1116.0,600.0, , , ,, , , , , , , 
09:32:13,-0.95,0.17,-1.55,-0.41,-1.73,-0.65,-0.04,3.55,-0.66,0.97,4.04,1022,3741.0, , , , , , , ,722.11,722.02,100.0,500.0, , , ,, , , , , , , 
09:32:16,-0.98,0.17,-1.49,-0.14,-1.35,-0.65,-0.08,3.93,-0.81,0.74,4.69,1022,3745.0, , , , , , , ,722.11,721.55,100.0,100.0, , , ,, , , , , , , 
09:32:19,-1.15,0.05,-1.77,-0.68,-1.01,-0.98,-0.01,4.14,-0.7,0.86,5.49,1022,3723.0, , , , , , , ,722.0,721.33,400.0,500.0, , , ,, , , , , , , 
09:32:22,-1.46,-0.04,-1.88,-0.59,-1.05,-1.39,-0.11,3.85,-1.11,0.58,5.92,1022,3698.0, , , , , , , ,722.0,721.63,800.0,100.0, , , ,, , , , , , , 
09:32:25,-0.96,0.18,-1.27,-0.32,-0.73,-0.75,-0.03,3.75,-0.86,0.89,6.34,1022,3666.0, , , , , , , ,722.0,721.55,1400.0,200.0, , , ,, , , , , , , 
09:32:28,-1.03,0.37,-1.27,0.38,0.51,-0.85,0.04,4.56,-0.96,0.69,7.6,1022,3659.0, , , , , , , ,721.2,721.02,400.0,300.0, , , ,, , , , , , , 
09:32:31,-0.67,0.55,-1.19,0.28,0.7,-0.32,0.15,4.0,-0.5,1.22,7.69,1022,3635.0, , , , , , , ,721.31,721.02,300.0,300.0, , , ,, , , , , , , 
09:32:34,-0.68,0.5,-1.02,0.05,1.04,-0.52,0.3,3.79,-0.49,1.13,7.79,1022,3613.0, , , , , , , ,721.33,721.0,1100.0,900.0, , , ,, , , , , , , 
09:32:37,-0.92,0.14,-1.42,-0.41,1.85,-0.56,0.08,3.84,-0.78,0.75,8.21,1022,3610.0, , , , , , , ,720.95,720.94,600.0,600.0, , , ,, , , , , , , 
09:32:40,-1.12,0.12,-1.65,-0.26,2.52,-0.87,-0.1,3.77,-0.84,0.73,8.27,1022,3592.0, , , , , , , ,721.0,720.95,6800.0,500.0, , , ,, , , , , , , 
09:32:43,-1.31,-0.01,-1.91,-0.47,3.31,-1.07,-0.17,4.21,-0.95,0.61,8.38,1022,3575.0, , , , , , , ,721.0,720.8,8400.0,100.0, , , ,, , , , , , , 
09:32:46,-1.62,-0.21,-1.93,-0.47,4.29,-1.56,-0.44,4.4,-1.36,0.29,8.68,1973,3546.0, , , , , , , ,720.88,720.46,7.0,200.0, , , ,, , , , , , , 
09:32:49,-1.17,0.17,-1.17,0.04,4.25,-1.25,-0.07,4.06,-1.08,0.53,8.23,2349,3537.0, , , , , , , ,721.0,720.95,8600.0,377.0, , , ,, , , , , , , 
09:32:52,-0.29,0.71,-0.51,0.77,5.37,-0.18,0.4,4.59,-0.17,0.96,9.12,2373,3533.0, , , , , , , ,720.46,720.11,100.0,100.0, , , ,, , , , , , , 
09:32:55,-0.03,1.17,-0.19,0.92,5.44,-0.02,0.95,4.35,0.12,1.63,8.97,2030,3503.0, , , , , , , ,720.46,720.22,400.0,300.0, , , ,, , , , , , , 
09:32:58,-0.26,0.98,-0.3,0.71,4.86,-0.06,0.77,3.62,-0.44,1.44,8.11,2371,3484.0, , , , , , , ,720.88,720.8,100.0,200.0, , , ,, , , , , , , 
09:33:01,-0.27,0.73,-0.15,0.68,4.88,0.17,0.43,3.36,-0.82,1.08,7.88,2314,3461.0, , , , , , , ,720.91,720.88,100.0,100.0, , , ,, , , , , , , 
09:33:04,-0.06,0.97,0.14,1.13,6.04,0.12,0.69,4.6,-0.44,1.09,8.81,2056,3442.0, , , , , , , ,720.11,720.1,100.0,800.0, , , ,, , , , , , , 
09:33:07,0.06,1.13,0.08,1.08,5.08,0.27,0.95,3.31,-0.17,1.36,7.54,2009,3445.0, , , , , , , ,720.88,720.8,718.0,100.0, , , ,, , , , , , , 
09:33:10,-0.23,1.03,-0.05,1.15,5.21,0.0,0.81,3.23,-0.65,1.12,7.37,2092,3422.0, , , , , , , ,720.88,720.8,618.0,500.0, , , ,, , , , , , , 
09:33:13,0.62,1.49,0.64,1.59,5.45,0.97,1.54,3.38,0.26,1.34,7.31,2012,3409.0,200.0,720.48,720.46,200.0,0.0,647.46,4.47,720.95,720.46,518.0,100.0, ,2018-05-30 09:33:13,2018-05-30 09:33:13.605000,, , ,FILLED,144752.23784486417,144104.77927668497,2018-05-30 09:33:13.605000,2018-05-30 09:33:14.706000
09:33:16,0.7,1.54,0.82,1.74,5.25,0.86,1.58,2.96,0.43,1.29,6.83,2327,3454.0, , , , , , , ,721.0,720.76,683.0,300.0, , , ,, , , , , , , 
09:33:19,0.64,1.69,0.98,2.08,5.1,0.67,1.6,2.92,0.27,1.41,6.67,2328,3440.0, , , , , , , ,721.02,720.94,3500.0,500.0, , , ,, , , , , , , 
09:33:22,1.06,1.82,1.12,2.12,4.75,1.19,1.79,2.67,0.87,1.53,6.25,2557,3448.0,600.0,721.31,721.31,600.0,600.0, ,-1.58,721.31,721.02,400.0,2000.0, ,2018-05-30 09:33:22,2018-05-30 09:33:22.656000,, , ,FILLED, , ,2018-05-30 09:33:22.656000,2018-05-30 09:33:24.098000
09:33:25,1.8,2.15,1.48,2.45,4.56,1.85,2.08,2.63,2.08,1.91,6.12,2539,3455.0,600.0,721.33,721.33,600.0,1200.0, ,-1.55,721.33,721.05,200.0,500.0, ,2018-05-30 09:33:25,2018-05-30 09:33:25.605000,, , ,FILLED, , ,2018-05-30 09:33:25.605000,2018-05-30 09:33:28.130000
09:33:28,1.29,2.0,0.99,2.23,3.8,1.3,1.94,2.06,1.57,1.84,5.46,2760,3450.0, , , , , , , ,722.0,721.31,600.0,400.0, , , ,, , , , , , , 
09:33:31,1.11,1.92,1.07,2.08,2.99,0.74,1.73,1.71,1.51,1.95,4.99,2526,3448.0, , , , , , , ,722.02,721.77,1100.0,400.0, , , ,, , , , , , , 
09:33:34,0.94,1.83,0.9,1.98,2.71,0.82,1.6,1.67,1.1,1.92,4.88,2526,3439.0, , , , , , , ,722.11,721.78,500.0,700.0, , , ,, , , , , , , 
09:33:37,0.96,1.99,0.92,2.09,2.15,0.69,1.76,1.28,1.26,2.12,4.48,2636,3434.0, , , , , , , ,722.22,722.11,100.0,500.0, , , ,, , , , , , , 
09:33:40,0.09,1.67,0.22,1.65,0.77,0.07,1.48,-0.03,-0.04,1.87,3.09,2826,3476.0, , , , , , , ,724.05,722.22,600.0,100.0, , , ,, , , , , , , 
09:33:43,-0.93,1.15,-0.07,0.97,0.03,-1.22,1.0,-1.08,-1.49,1.47,2.04,2594,3445.0, , , , , , , ,724.04,723.81,100.0,400.0, , , ,, , , , , , , 
09:33:46,-1.14,0.63,-0.59,0.48,-0.12,-1.23,0.85,-1.1,-1.61,0.56,2.17,2590,3415.0, , , , , , , ,724.05,723.81,600.0,300.0, , , ,, , , , , , , 
09:33:49,-0.96,0.62,-0.36,0.65,-0.19,-0.99,0.97,-1.22,-1.53,0.24,2.19,2454,3385.0, , , , , , , ,724.05,724.04,600.0,100.0, , , ,, , , , , , , 
09:33:52,-0.93,0.58,-0.38,0.74,-0.93,-0.91,1.12,-1.59,-1.51,-0.13,1.98,2340,3361.0, , , , , , , ,724.48,724.05,400.0,600.0, , , ,, , , , , , , 
09:33:55,-0.92,0.63,-0.24,0.86,-1.23,-1.02,1.03,-1.66,-1.51,-0.02,1.71,2241,3328.0, , , , , , , ,724.48,724.24,300.0,400.0, , , ,, , , , , , , 
09:33:58,-0.54,0.65,-0.25,0.83,-1.26,-0.15,0.88,-1.69,-1.22,0.24,1.57,2198,3297.0, , , , , , , ,724.48,724.24,300.0,300.0, , , ,, , , , , , , 
09:34:01,-0.47,0.63,-0.31,0.74,-1.44,-0.19,0.82,-1.64,-0.93,0.32,1.46,2202,3271.0, , , , , , , ,724.48,724.24,100.0,659.0, , , ,, , , , , , , 
09:34:04,-0.69,0.58,-0.51,0.85,-1.56,-0.67,0.64,-1.85,-0.9,0.25,0.99,2057,3246.0, , , , , , , ,724.6,724.5,300.0,100.0, , , ,, , , , , , , 
09:34:07,-0.81,0.49,-0.64,0.59,-1.81,-1.02,0.36,-1.9,-0.77,0.51,0.94,2069,3219.0, , , , , , , ,724.59,724.5,400.0,200.0, , , ,, , , , , , , 
09:34:10,-0.8,0.18,-0.91,0.34,-1.9,-1.03,0.12,-1.82,-0.47,0.09,0.88,1905,3197.0, , , , , , , ,724.6,724.5,100.0,200.0, , , ,, , , , , , , 
09:34:13,-0.61,0.18,-0.84,0.18,-2.19,-1.14,0.25,-1.97,0.17,0.12,0.61,1902,3184.0, , , , , , , ,724.95,724.5,100.0,300.0, , , ,, , , , , , , 
09:34:16,-0.81,-0.03,-0.92,-0.12,-2.33,-1.31,0.19,-1.83,-0.21,-0.15,0.73,1875,3163.0, , , , , , , ,724.81,724.59,1000.0,100.0, , , ,, , , , , , , 
09:34:19,-1.01,-0.17,-1.11,-0.24,-2.22,-1.49,-0.01,-1.73,-0.42,-0.26,0.78,2056,3145.0,-1200.0,724.79,0.0,-0.0,1200.0, , ,724.81,724.59,1000.0,100.0, ,2018-05-30 09:34:19,2018-05-30 09:34:19.618000,, , ,CANCELED, , ,2018-05-30 09:34:19.618000,2018-05-30 09:34:23.449000
09:34:22,-1.22,-0.5,-1.46,-0.55,-1.94,-1.63,-0.37,-1.36,-0.58,-0.59,1.08,1859,3131.0,-1200.0,724.49,724.49,-1000.0,200.0, ,3.21,724.5,724.49,1500.0,300.0, ,2018-05-30 09:34:22,2018-05-30 09:34:23.449000,, , ,CANCELED, , ,2018-05-30 09:34:23.449000,2018-05-30 09:34:26.463000
09:34:25,-1.48,-0.78,-1.61,-0.72,-1.93,-1.89,-0.7,-1.25,-0.94,-0.9,1.03,2063,3120.0,-200.0,724.48,724.48,-200.0,0.0,2778.74,3.21,724.49,724.48,800.0,200.0, ,2018-05-30 09:34:25,2018-05-30 09:34:26.463000,, , ,FILLED,868439.5076322897,865660.7671864509,2018-05-30 09:34:26.463000,2018-05-30 09:34:27.485000
09:34:28,-1.46,-0.71,-1.43,-0.63,-1.53,-1.78,-0.58,-0.88,-1.18,-0.93,1.25,2126,3101.0, , , , , , , ,724.46,724.05,1500.0,700.0, , , ,, , , , , , , 
09:34:31,-1.32,-0.67,-1.5,-0.83,-1.71,-1.85,-0.54,-0.93,-0.6,-0.63,1.06,2163,3081.0, , , , , , , ,724.46,724.26,1500.0,100.0, , , ,, , , , , , , 
09:34:34,-1.33,-0.29,-1.28,-0.39,0.05,-1.64,-0.0,0.89,-1.05,-0.47,2.75,1967,3070.0, , , , , , , ,724.0,722.23,100.0,100.0, , , ,, , , , , , , 
09:34:37,-1.5,-0.38,-1.81,-0.71,-1.09,-1.93,-0.23,-0.07,-0.76,-0.2,1.65,1761,3041.0, , , , , , , ,724.0,723.76,500.0,300.0, , , ,, , , , , , , 
09:34:40,-1.74,-0.49,-1.96,-0.79,-0.54,-2.06,-0.53,0.55,-1.21,-0.14,2.15,1769,3023.0, , , , , , , ,724.0,723.0,200.0,100.0, , , ,, , , , , , , 
09:34:43,-1.57,-0.26,-1.68,-0.61,-1.57,-1.88,-0.21,-0.4,-1.15,0.04,1.05,1917,3007.0, , , , , , , ,724.3,724.25,800.0,100.0, , , ,, , , , , , , 
09:34:46,-1.28,-0.16,-1.35,-0.59,-1.35,-1.74,0.06,-0.04,-0.76,0.05,1.28,1676,2987.0, , , , , , , ,724.26,723.96,100.0,100.0, , , ,, , , , , , , 
09:34:49,-0.65,0.09,-1.2,-0.17,-0.44,-1.47,0.27,0.95,0.74,0.18,2.19,1614,2965.0, , , , , , , ,723.96,723.0,200.0,200.0, , , ,, , , , , , , 
09:34:52,-0.75,0.2,-1.0,0.04,-0.9,-1.42,0.38,0.71,0.16,0.18,1.82,1485,2935.0, , , , , , , ,723.81,723.72,100.0,100.0, , , ,, , , , , , , 
09:34:55,-1.01,0.55,-0.97,0.4,0.21,-1.36,0.87,1.86,-0.69,0.37,2.85,1698,2924.0, , , , , , , ,723.76,722.26,1000.0,100.0, , , ,, , , , , , , 
09:34:58,-1.31,0.36,-1.32,0.32,-0.69,-1.66,0.38,1.06,-0.97,0.37,1.97,1522,2902.0, , , , , , , ,723.75,723.52,500.0,200.0, , , ,, , , , , , , 
09:35:01,-1.33,0.53,-1.41,0.4,-0.29,-1.62,0.42,1.48,-0.96,0.79,2.24,1484,2878.0, , , , , , , ,723.75,723.0,300.0,300.0, , , ,, , , , , , , 
09:35:04,-1.03,0.38,-1.03,0.34,-0.08,-1.43,0.44,1.74,-0.64,0.35,2.33,1591,2855.0, , , , , , , ,723.52,723.0,100.0,100.0, , , ,, , , , , , , 
09:35:07,-1.06,0.36,-1.1,0.04,-0.32,-1.51,0.36,1.69,-0.57,0.68,2.09,1401,2826.0, , , , , , , ,723.51,723.28,300.0,100.0, , , ,, , , , , , , 
09:35:10,-1.09,0.21,-0.94,0.1,0.47,-1.52,-0.11,2.52,-0.82,0.64,2.72,1388,2807.0, , , , , , , ,723.28,722.5,100.0,100.0, , , ,, , , , , , , 
09:35:13,-1.02,0.21,-0.94,0.02,0.22,-1.4,-0.19,2.56,-0.71,0.79,2.78,1237,2780.0, , , , , , , ,723.27,723.0,100.0,100.0, , , ,, , , , , , , 
09:35:16,-0.99,0.26,-0.98,-0.09,0.33,-1.31,-0.04,2.87,-0.68,0.91,3.19,1348,2756.0, , , , , , , ,723.27,723.0,100.0,100.0, , , ,, , , , , , , 
09:35:19,-0.79,0.37,-0.82,-0.04,0.76,-0.98,0.19,3.77,-0.57,0.97,3.95,1343,2731.0, , , , , , , ,723.0,722.81,100.0,800.0, , , ,, , , , , , , 
09:35:22,-0.58,0.52,-0.56,0.1,0.45,-0.72,0.51,4.0,-0.44,0.94,4.09,1090,2707.0, , , , , , , ,723.27,723.1,600.0,2500.0, , , ,, , , , , , , 
09:35:25,-0.48,0.55,-0.55,0.03,0.61,-0.69,0.64,4.45,-0.2,0.97,4.21,1150,2685.0, , , , , , , ,723.16,723.1,1000.0,2100.0, , , ,, , , , , , , 
09:35:28,-0.55,0.66,-0.41,0.11,0.69,-0.88,0.92,4.79,-0.37,0.96,4.3,1077,2660.0, , , , , , , ,723.16,723.1,1000.0,2000.0, , , ,, , , , , , , 
09:35:31,-0.4,0.67,-0.3,0.1,0.77,-0.78,0.81,4.95,-0.13,1.11,4.44,1099,2641.0, , , , , , , ,723.16,723.1,700.0,1500.0, , , ,, , , , , , , 
09:35:34,-0.54,0.53,-0.37,0.12,0.89,-0.91,0.5,5.08,-0.34,0.98,4.58,1285,2630.0, , , , , , , ,723.16,723.06,700.0,100.0, , , ,, , , , , , , 
09:35:37,-0.41,0.57,-0.32,0.19,0.84,-0.76,0.41,5.04,-0.15,1.13,4.63,1076,2614.0, , , , , , , ,723.27,723.16,1100.0,200.0, , , ,, , , , , , , 
09:35:40,-0.37,0.69,-0.13,0.24,1.38,-0.87,0.91,5.57,-0.12,0.92,5.23,1164,2600.0, , , , , , , ,723.0,722.81,800.0,800.0, , , ,, , , , , , , 
09:35:43,-0.4,0.62,-0.32,0.24,1.06,-0.87,0.71,5.15,-0.01,0.9,4.9,1687,2600.0, , , , , , , ,723.27,723.16,1100.0,400.0, , , ,, , , , , , , 
09:35:46,-0.07,0.91,-0.03,0.45,1.19,-0.53,0.93,5.12,0.34,1.34,4.95,1190,2580.0, , , , , , , ,723.27,723.17,500.0,200.0, , , ,, , , , , , , 
09:35:49,0.74,1.09,0.11,0.64,1.38,0.39,0.97,5.17,1.74,1.67,5.02,1349,2564.0, , , , , , , ,723.19,723.17,600.0,100.0, , , ,, , , , , , , 
09:35:52,0.31,0.9,-0.07,0.4,1.74,-0.14,0.83,5.29,1.12,1.49,5.24,1344,2551.0, , , , , , , ,723.06,723.0,1100.0,500.0, , , ,, , , , , , , 
09:35:55,0.14,0.72,-0.11,0.24,1.83,-0.15,0.68,5.21,0.69,1.23,5.24,1222,2531.0, , , , , , , ,723.06,723.0,900.0,493.0, , , ,, , , , , , , 
09:35:58,0.15,0.89,-0.26,0.24,1.4,-0.31,0.88,4.56,1.03,1.54,4.75,1359,2540.0, , , , , , , ,723.5,723.28,100.0,100.0, , , ,, , , , , , , 
09:36:01,0.32,1.03,0.06,0.39,1.84,-0.24,1.05,4.79,1.14,1.65,5.16,1275,2523.0, , , , , , , ,723.16,723.06,200.0,1100.0, , , ,, , , , , , , 
09:36:04,0.33,1.13,0.04,0.46,1.9,-0.21,1.34,4.57,1.15,1.59,5.14,1272,2503.0, , , , , , , ,723.23,723.06,60.0,2100.0, , , ,, , , , , , , 
09:36:07,0.64,1.29,0.22,0.57,1.99,0.07,1.55,4.29,1.62,1.75,5.18,1616,2486.0, , , , , , , ,723.28,723.08,100.0,400.0, , , ,, , , , , , , 
09:36:10,0.91,1.32,0.23,0.5,2.06,0.26,1.55,4.05,2.24,1.9,5.21,1056,2475.0,500.0,723.28,723.28,500.0,500.0, ,-1.34,723.28,723.16,200.0,100.0, ,2018-05-30 09:36:10,2018-05-30 09:36:10.742000,, , ,FILLED, , ,2018-05-30 09:36:10.742000,2018-05-30 09:36:12.909000
09:36:13,1.01,1.4,0.21,0.67,2.23,0.57,1.42,3.6,2.25,2.12,5.08,1104,2469.0,500.0,723.42,723.42,500.0,1000.0, ,-1.23,723.42,723.31,400.0,200.0, ,2018-05-30 09:36:13,2018-05-30 09:36:13.684000,, , ,FILLED, , ,2018-05-30 09:36:13.684000,2018-05-30 09:36:14.485000
09:36:16,1.21,1.71,0.5,0.92,2.48,0.6,2.23,3.3,2.54,1.98,5.08,1088,2451.0,600.0,723.52,723.52,600.0,1600.0, ,-1.32,723.52,723.31,3567.0,600.0, ,2018-05-30 09:36:16,2018-05-30 09:36:16.663000,, , ,FILLED, , ,2018-05-30 09:36:16.663000,2018-05-30 09:36:17.512000
09:36:19,2.04,2.27,0.97,1.34,2.94,1.45,2.97,3.16,3.7,2.49,5.03,1235,2456.0,600.0,723.52,723.52,600.0,2200.0, ,-1.1,723.52,723.5,1567.0,500.0, ,2018-05-30 09:36:19,2018-05-30 09:36:19.600000,, , ,FILLED, , ,2018-05-30 09:36:19.600000,2018-05-30 09:36:20.560000
09:36:22,2.41,2.5,1.07,1.68,3.55,1.99,3.08,2.99,4.18,2.75,5.08,1204,2450.0,600.0,723.52,723.52,467.0,2667.0, ,-1.12,723.52,723.5,167.0,300.0, ,2018-05-30 09:36:22,2018-05-30 09:36:22.625000,, , ,CANCELED, , ,2018-05-30 09:36:22.625000,2018-05-30 09:36:26.170000
09:36:25,2.61,2.49,0.99,1.82,3.82,2.0,2.87,2.78,4.85,2.8,5.06,1200,2434.0,500.0,723.66,723.66,300.0,2967.0, ,-1.12,723.66,723.52,200.0,433.0, ,2018-05-30 09:36:25,2018-05-30 09:36:26.170000,, , ,CANCELED, , ,2018-05-30 09:36:26.170000,2018-05-30 09:36:29.504000
09:36:28,2.7,2.45,1.04,1.66,4.01,2.18,2.91,2.63,4.87,2.78,5.04,1232,2419.0,600.0,723.72,723.72,600.0,3567.0, ,-0.98,723.72,723.66,1000.0,200.0, ,2018-05-30 09:36:28,2018-05-30 09:36:29.504000,, , ,FILLED, , ,2018-05-30 09:36:29.504000,2018-05-30 09:36:30.363000
09:36:31,2.65,2.27,1.15,1.71,4.15,2.19,2.48,2.48,4.61,2.63,5.17,1330,2425.0,600.0,723.75,723.75,200.0,3767.0, ,-1.0,723.75,723.66,100.0,100.0, ,2018-05-30 09:36:31,2018-05-30 09:36:31.703000,, , ,CANCELED, , ,2018-05-30 09:36:31.703000,2018-05-30 09:36:35.579000
09:36:34,2.6,2.3,1.07,1.72,4.19,2.03,2.58,2.37,4.68,2.6,5.33,1280,2408.0,600.0,723.76,723.76,200.0,3967.0, ,-0.89,723.76,723.75,300.0,400.0, ,2018-05-30 09:36:34,2018-05-30 09:36:35.579000,, , ,CANCELED, , ,2018-05-30 09:36:35.579000,2018-05-30 09:36:38.587000
09:36:37,2.67,2.35,1.1,1.75,4.14,2.15,2.72,2.13,4.76,2.57,5.39,1274,2387.0,600.0,723.96,723.96,200.0,4167.0, ,-0.9,723.96,723.76,200.0,800.0, ,2018-05-30 09:36:37,2018-05-30 09:36:38.587000,, , ,CANCELED, , ,2018-05-30 09:36:38.587000,2018-05-30 09:36:41.140000
09:36:40,2.64,2.39,1.09,1.59,4.09,2.16,2.86,1.94,4.67,2.71,5.4,1347,2376.0,600.0,723.99,723.99,100.0,4267.0, ,-0.64,723.99,723.96,100.0,600.0, ,2018-05-30 09:36:40,2018-05-30 09:36:41.140000,, , ,CANCELED, , ,2018-05-30 09:36:41.140000,2018-05-30 09:36:44.186000
09:36:43,2.93,2.44,1.26,1.67,4.06,2.61,3.1,1.94,4.91,2.55,5.47,1283,2364.0,600.0,724.0,724.0,600.0,4867.0, ,-0.67,724.0,723.99,2100.0,600.0, ,2018-05-30 09:36:43,2018-05-30 09:36:44.186000,, , ,FILLED, , ,2018-05-30 09:36:44.186000,2018-05-30 09:36:45.178000
09:36:46,2.91,2.46,1.18,1.54,3.9,2.46,3.14,1.93,5.1,2.72,5.45,1377,2366.0,600.0,724.2,724.2,200.0,5067.0, ,-0.69,724.2,724.0,200.0,2500.0, ,2018-05-30 09:36:46,2018-05-30 09:36:46.686000,, , ,CANCELED, , ,2018-05-30 09:36:46.686000,2018-05-30 09:36:50.285000
09:36:49,3.04,2.69,1.36,1.84,3.68,2.81,3.31,1.9,4.94,2.93,5.49,1347,2344.0,300.0,724.3,724.3,100.0,5167.0, ,-0.43,724.3,724.2,100.0,700.0, ,2018-05-30 09:36:49,2018-05-30 09:36:50.285000,, , ,CANCELED, , ,2018-05-30 09:36:50.285000,2018-05-30 09:36:53.501000
09:36:52,3.37,2.83,1.47,1.96,3.46,2.98,3.74,1.87,5.65,2.78,5.68,1337,2327.0,100.0,724.4,724.4,100.0,5267.0, ,-0.31,724.4,724.3,1250.0,300.0, ,2018-05-30 09:36:52,2018-05-30 09:36:53.501000,, , ,FILLED, , ,2018-05-30 09:36:53.501000,2018-05-30 09:36:54.370000
09:36:55,3.4,2.99,1.49,2.05,3.26,3.04,3.87,1.6,5.66,3.04,5.91,1291,2319.0, , , , , , , ,724.48,724.4,400.0,50.0, , , ,, , , , , , , 
09:36:58,3.29,2.82,1.3,1.91,3.17,2.82,3.44,1.53,5.74,3.1,6.29,1247,2300.0, , , , , , , ,724.48,724.3,150.0,2600.0, , , ,, , , , , , , 
09:37:01,3.1,2.64,1.08,1.89,2.94,2.58,3.19,1.33,5.63,2.84,6.45,1294,2284.0, , , , , , , ,724.49,724.4,50.0,700.0, , , ,, , , , , , , 
09:37:04,3.12,2.49,1.16,1.7,2.71,2.59,3.01,1.06,5.6,2.76,6.65,1148,2272.0, , , , , , , ,724.5,724.48,1385.0,100.0, , , ,, , , , , , , 
09:37:07,3.04,2.42,1.27,1.73,2.11,2.7,2.83,0.66,5.16,2.7,6.56,1377,2290.0,200.0,725.0,724.995,200.0,5467.0, ,-0.1,725.0,724.5,20974.0,518.0, ,2018-05-30 09:37:07,2018-05-30 09:37:07.647000,, , ,FILLED, , ,2018-05-30 09:37:07.647000,2018-05-30 09:37:08.280000
09:37:10,2.86,2.37,1.01,1.76,1.89,2.52,2.64,0.56,5.06,2.7,6.79,1558,2313.0,500.0,725.0,725.0,500.0,5967.0, ,-0.17,725.0,724.56,17974.0,100.0, ,2018-05-30 09:37:10,2018-05-30 09:37:10.710000,, , ,FILLED, , ,2018-05-30 09:37:10.710000,2018-05-30 09:37:11.810000
09:37:13,2.71,2.52,1.14,1.86,1.57,2.11,2.88,0.47,4.87,2.82,6.92,1850,2369.0, , , , , , , ,725.0,724.66,10374.0,300.0, , , ,, , , , , , , 
09:37:16,2.61,2.54,1.16,1.89,0.32,1.96,2.91,-0.47,4.69,2.83,5.98,2326,2461.0, , , , , , , ,725.6,725.55,200.0,100.0, , , ,, , , , , , , 
09:37:19,2.61,2.43,1.14,1.78,0.2,2.4,2.86,-0.54,4.28,2.66,6.01,2248,2455.0, , , , , , , ,726.0,725.3,400.0,300.0, , , ,, , , , , , , 
09:37:22,2.05,2.25,0.64,1.59,-1.1,1.69,2.5,-1.64,3.83,2.67,4.96,2304,2435.0, , , , , , , ,726.56,726.38,100.0,100.0, , , ,, , , , , , , 
09:37:25,1.34,1.95,0.09,1.3,-1.42,1.53,1.88,-1.93,2.4,2.65,4.86,2130,2415.0, , , , , , , ,726.89,726.38,100.0,100.0, , , ,, , , , , , , 
09:37:28,0.71,1.5,0.08,0.99,-1.44,1.01,1.52,-2.02,1.03,1.99,5.12,2013,2391.0, , , , , , , ,726.89,726.38,100.0,100.0, , , ,, , , , , , , 
09:37:31,0.51,1.29,0.02,0.92,-1.56,0.87,1.11,-2.06,0.64,1.83,5.25,1930,2368.0, , , , , , , ,726.89,726.37,100.0,600.0, , , ,, , , , , , , 
09:37:34,0.59,0.87,-0.11,0.61,-2.01,0.79,0.5,-2.51,1.1,1.5,4.76,1802,2346.0, , , , , , , ,726.95,726.9,200.0,100.0, , , ,, , , , , , , 
09:37:37,0.53,0.79,-0.28,0.72,-2.12,0.65,0.44,-2.58,1.21,1.22,4.58,1836,2333.0, , , , , , , ,727.0,726.89,3400.0,1300.0, , , ,, , , , , , , 
09:37:40,0.73,0.67,-0.08,0.55,-2.16,0.97,0.22,-2.59,1.31,1.25,4.3,1763,2325.0, , , , , , , ,726.99,726.89,200.0,1500.0, , , ,, , , , , , , 
09:37:43,0.63,0.57,-0.21,0.35,-2.1,0.98,0.22,-2.6,1.11,1.15,4.05,1798,2321.0, , , , , , , ,726.97,726.89,2200.0,1600.0, , , ,, , , , , , , 
09:37:46,0.47,0.49,-0.43,0.26,-1.98,0.74,0.06,-2.62,1.08,1.17,3.88,1740,2305.0, , , , , , , ,726.97,726.9,1500.0,500.0, , , ,, , , , , , , 
09:37:49,0.33,0.4,-0.41,0.2,-1.75,0.21,0.1,-2.52,1.19,0.89,3.75,1733,2297.0, , , , , , , ,726.9,726.89,1900.0,1600.0, , , ,, , , , , , , 
09:37:52,0.07,0.0,-0.74,-0.12,-1.65,-0.04,-0.18,-2.5,1.0,0.3,3.5,1732,2287.0, , , , , , , ,726.9,726.89,2100.0,1000.0, , , ,, , , , , , , 
09:37:55,-0.05,-0.1,-0.78,-0.15,-1.52,-0.14,-0.19,-2.25,0.78,0.02,3.64,1862,2311.0,-3000.0,726.84,726.84,-100.0,5867.0, ,2.6,726.86,726.56,2400.0,100.0, ,2018-05-30 09:37:55,2018-05-30 09:37:55.654000,, , ,CANCELED, , ,2018-05-30 09:37:55.654000,2018-05-30 09:37:59.039000
09:37:58,-0.21,-0.14,-0.93,-0.3,-1.65,-0.25,-0.31,-2.26,0.54,0.18,3.62,1855,2295.0,-3000.0,726.82,0.0,-0.0,5867.0, , ,726.84,726.56,2900.0,100.0, ,2018-05-30 09:37:58,2018-05-30 09:37:59.040000,, , ,CANCELED, , ,2018-05-30 09:37:59.040000,2018-05-30 09:38:02.597000
09:38:01,-0.48,-0.13,-1.13,-0.33,-1.42,-0.48,-0.26,-2.0,0.16,0.2,3.91,1841,2276.0,-3000.0,726.49,726.49,-800.0,5067.0, ,2.37,726.51,726.38,9700.0,100.0, ,2018-05-30 09:38:01,2018-05-30 09:38:02.597000,, , ,CANCELED, , ,2018-05-30 09:38:02.597000,2018-05-30 09:38:05.197000
09:38:04,-0.67,-0.18,-1.24,-0.52,-1.61,-0.66,-0.03,-2.06,-0.1,0.01,3.92,1756,2261.0,-3000.0,726.47,0.0,-0.0,5067.0, , ,726.49,726.38,2200.0,100.0, ,2018-05-30 09:38:04,2018-05-30 09:38:05.197000,, , ,CANCELED, , ,2018-05-30 09:38:05.197000,2018-05-30 09:38:08.675000
09:38:07,-0.78,-0.19,-1.34,-0.53,-1.36,-0.83,-0.17,-1.8,-0.18,0.13,4.16,1753,2251.0,-3000.0,726.31,0.0,-0.0,5067.0, , ,726.33,726.1,8500.0,200.0, ,2018-05-30 09:38:07,2018-05-30 09:38:08.675000,, , ,CANCELED, , ,2018-05-30 09:38:08.675000,2018-05-30 09:38:11.200000
09:38:10,-0.75,-0.09,-1.26,-0.35,-1.16,-0.77,-0.02,-1.61,-0.21,0.09,4.34,1809,2234.0, , , , , , , ,726.05,726.0,8400.0,1100.0, , , ,, , , , , , , 
09:38:13,-0.61,-0.06,-1.44,-0.39,-1.02,-0.59,-0.05,-1.06,0.19,0.26,4.47,1719,2242.0, , , , , , , ,725.95,725.88,5500.0,100.0, , , ,, , , , , , , 
09:38:16,-0.63,0.04,-1.31,-0.32,-0.68,-0.44,-0.03,-0.39,-0.14,0.45,4.69,1694,2225.0, , , , , , , ,725.83,725.62,5000.0,1500.0, , , ,, , , , , , , 
09:38:19,-0.41,0.08,-0.96,-0.23,-0.42,-0.28,0.17,0.28,0.01,0.3,4.85,1867,2249.0, , , , , , , ,725.57,725.55,400.0,300.0, , , ,, , , , , , , 
09:38:22,-0.42,0.15,-0.92,-0.22,-0.96,-0.16,0.23,0.23,-0.19,0.43,4.21,1743,2232.0, , , , , , , ,726.38,725.57,300.0,500.0, , , ,, , , , , , , 
09:38:25,-0.52,0.09,-0.98,-0.4,-0.28,-0.48,0.13,1.02,-0.12,0.53,4.9,1943,2222.0, , , , , , , ,725.57,725.3,2400.0,100.0, , , ,, , , , , , , 
09:38:28,-0.48,0.32,-0.83,0.05,-0.36,-0.36,0.22,1.12,-0.25,0.69,4.88,1683,2206.0, , , , , , , ,725.55,725.31,100.0,72.0, , , ,, , , , , , , 
09:38:31,-0.07,0.86,-0.48,0.71,-0.57,0.09,0.79,1.09,0.17,1.09,4.56,2595,2387.0, , , , , , , ,726.0,725.08,1800.0,72.0, , , ,, , , , , , , 
09:38:34,0.78,1.14,-0.08,0.97,-0.68,1.06,0.83,1.15,1.34,1.61,4.33,2521,2368.0, , , , , , , ,725.61,725.57,100.0,200.0, , , ,, , , , , , , 
09:38:37,1.32,1.44,0.12,0.87,-0.31,1.2,1.39,1.75,2.64,2.06,4.39,2479,2351.0,600.0,725.5,725.5,600.0,5667.0, ,0.64,725.5,725.1,1900.0,100.0, ,2018-05-30 09:38:37,2018-05-30 09:38:37.647000,, , ,FILLED, , ,2018-05-30 09:38:37.647000,2018-05-30 09:38:38.253000
09:38:40,1.25,1.57,0.34,1.07,-0.17,1.1,1.5,2.08,2.31,2.16,4.42,2448,2337.0, , , , , , , ,725.31,725.04,53.0,300.0, , , ,, , , , , , , 
09:38:43,0.66,1.13,-0.06,0.69,-0.55,0.66,0.99,1.82,1.38,1.71,4.07,2269,2320.0, , , , , , , ,725.5,725.37,753.0,400.0, , , ,, , , , , , , 
09:38:46,0.49,1.06,-0.14,0.61,-0.91,0.46,0.96,1.53,1.16,1.62,3.72,2390,2307.0, , , , , , , ,725.88,725.5,300.0,147.0, , , ,, , , , , , , 
09:38:49,0.82,1.23,0.17,0.78,-0.86,0.68,1.29,1.54,1.61,1.61,3.85,2221,2290.0, , , , , , , ,725.88,725.5,300.0,2700.0, , , ,, , , , , , , 
09:38:52,0.85,1.2,0.15,0.71,-0.83,0.64,1.12,1.55,1.78,1.77,3.91,2070,2274.0, , , , , , , ,725.88,725.5,200.0,2500.0, , , ,, , , , , , , 
09:38:55,0.73,1.18,0.2,0.5,-0.92,0.66,1.22,1.49,1.34,1.83,3.69,2014,2259.0, , , , , , , ,725.98,725.5,1600.0,2300.0, , , ,, , , , , , , 
09:38:58,0.51,1.07,0.25,0.76,-0.32,0.41,0.97,2.12,0.87,1.5,4.2,2252,2271.0, , , , , , , ,725.37,725.2,1653.0,100.0, , , ,, , , , , , , 
09:39:01,0.71,1.16,0.3,0.88,-0.4,0.64,1.21,2.15,1.19,1.39,4.15,2038,2262.0, , , , , , , ,725.37,725.2,253.0,100.0, , , ,, , , , , , , 
09:39:04,0.82,1.22,0.4,0.83,-0.56,0.37,1.12,2.09,1.7,1.71,3.92,1940,2245.0, , , , , , , ,725.5,725.2,153.0,100.0, , , ,, , , , , , , 
09:39:07,0.71,1.26,0.34,0.97,-0.32,0.49,1.08,2.46,1.31,1.74,4.27,1951,2229.0, , , , , , , ,725.2,725.08,353.0,300.0, , , ,, , , , , , , 
09:39:10,0.8,1.13,0.28,0.98,-0.4,0.69,0.83,2.54,1.43,1.59,4.29,1865,2209.0, , , , , , , ,725.2,725.08,453.0,300.0, , , ,, , , , , , , 
09:39:13,0.7,1.07,0.07,0.79,0.04,0.54,1.02,2.66,1.47,1.39,4.37,1904,2191.0, , , , , , , ,725.2,725.03,553.0,100.0, , , ,, , , , , , , 
09:39:16,0.62,0.91,0.04,0.67,0.21,0.45,0.7,2.49,1.38,1.35,4.17,1672,2178.0, , , , , , , ,725.37,725.2,100.0,47.0, , , ,, , , , , , , 
09:39:19,0.66,1.01,0.21,0.69,0.52,0.45,0.96,2.42,1.32,1.37,4.03,1674,2166.0, , , , , , , ,725.4,725.37,200.0,100.0, , , ,, , , , , , , 
09:39:22,0.53,0.77,-0.06,0.63,1.22,0.41,0.54,2.66,1.24,1.14,4.25,1729,2156.0, , , , , , , ,725.31,725.2,100.0,100.0, , , ,, , , , , , , 
09:39:25,0.32,0.75,-0.01,0.56,1.35,0.37,0.72,2.83,0.59,0.98,4.38,1688,2159.0, , , , , , , ,725.31,725.08,100.0,100.0, , , ,, , , , , , , 
09:39:28,0.49,0.85,0.16,0.65,1.57,0.47,0.64,3.08,0.84,1.26,4.46,1650,2142.0, , , , , , , ,725.2,725.01,453.0,1572.0, , , ,, , , , , , , 
09:39:31,0.16,0.8,0.04,0.63,1.7,0.04,0.66,3.24,0.38,1.11,4.45,1634,2128.0, , , , , , , ,725.2,725.01,453.0,1172.0, , , ,, , , , , , , 
09:39:34,-0.2,0.48,-0.24,0.4,1.81,-0.2,0.37,3.46,-0.14,0.67,4.62,1856,2120.0, , , , , , , ,725.2,725.01,653.0,172.0, , , ,, , , , , , , 
09:39:37,-0.31,0.47,-0.38,0.27,2.06,-0.19,0.41,3.71,-0.37,0.74,4.77,1818,2101.0, , , , , , , ,725.08,725.07,100.0,1200.0, , , ,, , , , , , , 
09:39:40,-0.46,0.26,-0.56,0.16,2.31,-0.39,0.12,3.96,-0.44,0.5,5.05,2052,2093.0, , , , , , , ,725.02,725.01,100.0,72.0, , , ,, , , , , , , 
09:39:43,-0.6,0.13,-0.63,0.03,2.39,-0.56,0.12,4.05,-0.61,0.25,5.1,2270,2079.0, , , , , , , ,725.05,725.0,2100.0,15583.0, , , ,, , , , , , , 
09:39:46,-0.6,0.09,-0.73,-0.06,2.43,-0.62,-0.08,4.14,-0.46,0.42,4.96,1898,2154.0, , , , , , , ,725.08,725.0,100.0,6583.0, , , ,, , , , , , , 
09:39:49,-0.89,-0.11,-0.8,-0.23,2.42,-1.11,-0.29,4.38,-0.76,0.19,4.85,1760,2144.0, , , , , , , ,725.08,725.03,1100.0,200.0, , , ,, , , , , , , 
09:39:52,-0.79,-0.1,-0.75,-0.16,2.31,-0.87,-0.49,4.59,-0.74,0.34,4.72,1734,2136.0, , , , , , , ,725.19,725.08,300.0,300.0, , , ,, , , , , , , 
09:39:55,-0.53,0.11,-0.59,-0.09,2.37,-0.69,-0.18,4.99,-0.32,0.61,4.81,1837,2158.0, , , , , , , ,725.2,725.0,353.0,1483.0, , , ,, , , , , , , 
09:39:58,-0.75,-0.14,-0.71,-0.27,2.51,-0.96,-0.44,5.43,-0.56,0.28,5.04,1798,2144.0,-3000.0,725.0,725.0,-1000.0,4667.0, ,0.52,725.01,725.0,100.0,100.0, ,2018-05-30 09:39:58,2018-05-30 09:39:58.620000,, , ,CANCELED, , ,2018-05-30 09:39:58.620000,2018-05-30 09:40:02.338000
09:40:01,-0.86,-0.14,-0.82,-0.24,2.54,-0.95,-0.29,5.69,-0.8,0.11,5.15,1737,2126.0, , , , , , , ,725.0,724.99,3900.0,164.0, , , ,, , , , , , , 
09:40:04,-0.75,-0.03,-0.68,-0.12,2.74,-0.84,-0.26,6.11,-0.72,0.29,5.33,1795,2120.0, , , , , , , ,725.0,724.76,996.0,200.0, , , ,, , , , , , , 
09:40:07,-0.63,0.3,-0.56,0.19,2.82,-0.77,0.16,6.38,-0.55,0.56,5.44,1759,2101.0, , , , , , , ,725.0,724.76,996.0,200.0, , , ,, , , , , , , 
09:40:10,-0.47,0.15,-0.55,0.05,2.91,-0.62,0.07,6.66,-0.25,0.33,5.45,1747,2088.0, , , , , , , ,724.99,724.76,100.0,100.0, , , ,, , , , , , , 
09:40:13,-0.5,0.29,-0.51,0.18,3.12,-0.52,0.21,6.99,-0.48,0.46,5.49,1632,2079.0, , , , , , , ,725.0,724.56,396.0,200.0, , , ,, , , , , , , 
09:40:16,-0.31,0.5,-0.38,0.21,1.44,-0.56,0.39,5.33,0.01,0.91,3.74,1957,2126.0, , , , , , , ,726.1,726.0,1000.0,6404.0, , , ,, , , , , , , 
09:40:19,0.51,1.37,0.2,0.9,1.5,0.44,1.4,5.46,0.89,1.82,3.75,1914,2118.0, , , , , , , ,726.1,726.0,200.0,14404.0, , , ,, , , , , , , 
09:40:22,1.2,1.86,0.74,1.29,1.42,1.28,1.66,5.38,1.56,2.61,3.6,2159,2112.0,600.0,726.22,726.22,600.0,5267.0, ,1.35,726.22,726.1,100.0,200.0, ,2018-05-30 09:40:22,2018-05-30 09:40:22.643000,, , ,FILLED, , ,2018-05-30 09:40:22.643000,2018-05-30 09:40:24.568000
09:40:25,1.03,1.71,0.42,0.9,1.31,0.79,1.78,5.32,1.87,2.46,3.4,2259,2193.0, , , , , , , ,726.38,726.22,36.0,200.0, , , ,, , , , , , , 
09:40:28,0.5,1.15,-0.05,0.74,1.58,0.21,0.9,5.73,1.34,1.82,3.46,2158,2177.0, , , , , , , ,726.38,726.0,36.0,4604.0, , , ,, , , , , , , 
09:40:31,0.18,1.05,-0.13,0.75,1.54,0.11,1.12,5.67,0.55,1.29,3.12,2196,2177.0, , , , , , , ,726.56,726.1,136.0,200.0, , , ,, , , , , , , 
09:40:34,0.24,1.13,0.07,0.84,1.5,0.22,0.83,5.31,0.42,1.72,2.71,2246,2179.0, , , , , , , ,726.55,726.5,100.0,5664.0, , , ,, , , , , , , 
09:40:37,0.09,0.84,0.1,0.59,1.54,-0.07,0.6,5.0,0.23,1.32,2.64,2100,2160.0, , , , , , , ,726.78,726.5,100.0,5564.0, , , ,, , , , , , , 
09:40:40,0.17,0.92,0.2,0.74,1.52,-0.19,0.89,4.52,0.5,1.13,2.29,2210,2143.0, , , , , , , ,726.79,726.78,300.0,100.0, , , ,, , , , , , , 
09:40:43,0.2,1.1,0.24,0.87,1.6,-0.24,1.51,4.23,0.59,0.93,2.19,1947,2129.0, , , , , , , ,726.8,726.79,600.0,300.0, , , ,, , , , , , , 
09:40:46,0.49,1.09,0.5,1.07,1.71,0.34,1.1,4.05,0.61,1.09,2.08,2215,2117.0, , , , , , , ,726.81,726.8,500.0,400.0, , , ,, , , , , , , 
09:40:49,0.53,1.09,0.72,0.98,1.94,0.33,1.02,3.86,0.53,1.28,1.77,1844,2106.0, , , , , , , ,726.82,726.81,900.0,100.0, , , ,, , , , , , , 
09:40:52,0.45,0.85,0.52,0.86,2.27,0.26,0.52,3.61,0.57,1.15,1.68,1915,2106.0, , , , , , , ,726.82,726.81,1200.0,100.0, , , ,, , , , , , , 
09:40:55,0.26,1.1,0.43,1.02,2.6,0.13,0.68,3.48,0.22,1.61,1.57,1886,2106.0, , , , , , , ,726.83,726.82,400.0,100.0, , , ,, , , , , , , 
09:40:58,0.3,0.91,0.2,0.89,2.92,0.26,0.16,3.44,0.45,1.67,1.49,3340,2091.0, , , , , , , ,726.84,726.81,800.0,200.0, , , ,, , , , , , , 
09:41:01,0.24,0.8,0.08,0.7,3.13,0.09,0.1,3.37,0.54,1.61,1.34,1739,2087.0, , , , , , , ,726.88,726.8,200.0,100.0, , , ,, , , , , , , 
09:41:04,0.39,0.75,0.16,0.79,3.36,0.3,0.27,3.33,0.73,1.19,1.23,1708,2073.0, , , , , , , ,726.89,726.84,100.0,300.0, , , ,, , , , , , , 
09:41:07,0.13,0.68,-0.02,0.54,3.54,-0.08,0.4,3.17,0.49,1.12,1.08,1666,2055.0, , , , , , , ,726.97,726.89,1000.0,200.0, , , ,, , , , , , , 
09:41:10,0.21,0.73,0.17,0.81,3.65,-0.1,0.13,2.93,0.57,1.26,0.85,1686,2060.0, , , , , , , ,727.1,727.0,100.0,800.0, , , ,, , , , , , , 
09:41:13,0.02,0.7,-0.02,0.77,3.79,-0.34,0.18,2.84,0.44,1.14,0.82,1656,2042.0, , , , , , , ,727.18,727.0,100.0,920.0, , , ,, , , , , , , 
09:41:16,-0.17,0.38,-0.3,0.52,3.87,-0.42,-0.01,2.77,0.21,0.62,0.8,1563,2026.0, , , , , , , ,727.22,727.0,10232.0,1720.0, , , ,, , , , , , , 
09:41:19,-0.0,0.59,-0.19,0.87,3.99,-0.17,0.36,2.71,0.35,0.55,0.78,1888,2084.0, , , , , , , ,727.22,727.0,4932.0,1120.0, , , ,, , , , , , , 
09:41:22,0.1,0.68,0.08,0.96,3.87,-0.06,0.24,2.44,0.27,0.86,0.54,2033,2108.0, , , , , , , ,727.3,727.22,5300.0,168.0, , , ,, , , , , , , 
09:41:25,0.4,0.9,0.24,1.23,4.0,0.33,0.16,2.38,0.64,1.32,0.57,2515,2162.0, , , , , , , ,727.3,727.22,1100.0,2100.0, , , ,, , , , , , , 
09:41:28,0.42,0.88,0.24,1.22,4.09,0.25,0.2,2.19,0.77,1.23,0.46,2302,2153.0, , , , , , , ,727.43,727.32,100.0,1900.0, , , ,, , , , , , , 
09:41:31,0.36,1.11,0.25,1.25,4.08,0.39,0.44,1.89,0.44,1.65,0.33,2185,2142.0, , , , , , , ,727.5,727.45,100.0,2200.0, , , ,, , , , , , , 
09:41:34,0.52,1.16,0.25,1.2,3.7,0.51,0.49,1.44,0.8,1.79,0.14,2091,2123.0, , , , , , , ,727.88,727.5,300.0,600.0, , , ,, , , , , , , 
09:41:37,0.4,1.17,0.14,1.2,3.25,0.38,0.39,0.79,0.67,1.92,-0.29,1980,2106.0, , , , , , , ,727.95,727.88,2100.0,100.0, , , ,, , , , , , , 
09:41:40,0.51,1.2,0.2,1.36,2.87,0.45,0.54,0.56,0.88,1.7,-0.51,2072,2119.0, , , , , , , ,728.0,727.95,6120.0,1000.0, , , ,, , , , , , , 
09:41:43,0.38,1.22,0.17,1.35,2.61,0.11,0.64,0.56,0.85,1.67,-0.59,2068,2110.0, , , , , , , ,728.0,727.95,6020.0,300.0, , , ,, , , , , , , 
09:41:46,0.5,1.13,0.15,1.26,2.45,0.08,0.4,0.57,1.27,1.74,-0.75,2101,2113.0, , , , , , , ,728.0,727.95,3720.0,400.0, , , ,, , , , , , , 
09:41:49,0.68,1.22,0.22,1.21,1.87,0.21,0.52,0.31,1.62,1.95,-1.22,2212,2131.0, , , , , , , ,728.5,728.02,1000.0,100.0, , , ,, , , , , , , 
09:41:52,0.81,1.26,0.24,1.19,1.01,0.43,0.77,-0.24,1.77,1.8,-1.9,2257,2120.0,600.0,728.88,728.88,200.0,5467.0, ,3.65,728.88,728.52,800.0,1200.0, ,2018-05-30 09:41:52,2018-05-30 09:41:52.652000,, , ,CANCELED, , ,2018-05-30 09:41:52.653000,2018-05-30 09:41:56.528000
09:41:55,0.46,1.27,0.17,1.28,0.59,0.24,0.92,-0.7,0.98,1.61,-2.27,2046,2110.0, , , , , , , ,728.95,728.9,100.0,200.0, , , ,, , , , , , , 
09:41:58,0.45,1.44,0.13,1.52,0.47,0.32,1.0,-0.9,0.92,1.79,-2.42,2018,2099.0, , , , , , , ,729.0,728.97,900.0,1300.0, , , ,, , , , , , , 
09:42:01,0.38,1.38,0.1,1.36,0.17,0.21,0.66,-1.19,0.83,2.12,-2.63,2033,2091.0, , , , , , , ,729.3,729.02,100.0,1500.0, , , ,, , , , , , , 
09:42:04,0.49,1.23,0.14,1.31,-0.16,0.46,0.67,-1.66,0.86,1.71,-2.95,1897,2079.0, , , , , , , ,729.5,729.3,1000.0,100.0, , , ,, , , , , , , 
09:42:07,0.19,1.03,0.17,1.13,-0.62,0.07,0.31,-1.99,0.34,1.65,-3.19,1952,2070.0, , , , , , , ,729.88,729.5,200.0,2100.0, , , ,, , , , , , , 
09:42:10,0.26,1.11,0.15,1.32,-0.79,0.05,0.21,-2.06,0.59,1.81,-3.21,1897,2066.0, , , , , , , ,730.0,729.51,3800.0,500.0, , , ,, , , , , , , 
09:42:13,0.28,1.13,0.21,1.07,-1.11,-0.06,0.45,-2.31,0.71,1.89,-3.46,2498,2046.0, , , , , , , ,730.0,729.95,3700.0,500.0, , , ,, , , , , , , 
09:42:16,0.22,0.93,-0.0,1.11,-1.17,-0.21,0.25,-2.28,0.87,1.45,-3.33,1807,2041.0, , , , , , , ,730.0,729.95,2300.0,300.0, , , ,, , , , , , , 
09:42:19,0.25,1.11,0.13,1.28,-1.23,-0.26,0.45,-2.28,0.88,1.61,-3.4,1814,2038.0, , , , , , , ,730.0,729.95,600.0,300.0, , , ,, , , , , , , 
09:42:22,0.56,1.1,0.07,1.38,-1.48,-0.16,0.23,-2.43,1.76,1.69,-3.67,2071,2040.0, , , , , , , ,730.22,730.0,100.0,1456.0, , , ,, , , , , , , 
09:42:25,-0.05,0.55,-0.54,0.76,-1.68,-0.74,-0.44,-2.52,1.13,1.33,-3.88,1794,2038.0, , , , , , , ,730.43,730.0,100.0,456.0, , , ,, , , , , , , 
09:42:28,-0.58,-0.11,-1.07,0.54,-1.9,-0.77,-0.75,-2.77,0.1,-0.12,-4.22,1753,2034.0, , , , , , , ,730.5,730.22,900.0,1200.0, , , ,, , , , , , , 
09:42:31,-0.88,-0.3,-1.28,0.25,-2.56,-1.06,-0.83,-3.27,-0.32,-0.33,-4.56,1870,2035.0,-3000.0,730.96,730.96,-600.0,4867.0, ,5.7,730.98,730.47,100.0,500.0, ,2018-05-30 09:42:31,2018-05-30 09:42:31.707000,, , ,CANCELED, , ,2018-05-30 09:42:31.707000,2018-05-30 09:42:35.523000
09:42:34,-1.14,-0.64,-1.35,-0.15,-2.39,-1.14,-1.05,-2.77,-0.92,-0.73,-4.0,1857,2051.0,-3000.0,730.94,0.0,-0.0,4867.0, , ,730.96,730.0,2400.0,200.0, ,2018-05-30 09:42:34,2018-05-30 09:42:35.523000,, , ,CANCELED, , ,2018-05-30 09:42:35.523000,2018-05-30 09:42:38.057000
09:42:37,-1.49,-0.91,-1.62,-0.49,-2.04,-1.54,-1.34,-1.98,-1.3,-0.91,-3.08,1845,2036.0,-5400.0,729.95,729.95,-200.0,4667.0, ,5.23,730.0,729.95,700.0,100.0, ,2018-05-30 09:42:37,2018-05-30 09:42:38.057000,, , ,CANCELED, , ,2018-05-30 09:42:38.057000,2018-05-30 09:42:41.105000
09:42:40,-1.46,-1.02,-1.77,-0.68,-2.11,-1.4,-1.25,-1.71,-1.22,-1.13,-2.79,1823,2023.0,-5200.0,729.9,0.0,-0.0,4667.0, , ,729.95,729.9,5200.0,156.0, ,2018-05-30 09:42:40,2018-05-30 09:42:41.105000,, , ,CANCELED, , ,2018-05-30 09:42:41.105000,2018-05-30 09:42:44.149000
09:42:43,-1.73,-1.16,-1.93,-0.99,-2.06,-1.62,-1.34,-1.6,-1.62,-1.14,-2.74,2191,2007.0,-5200.0,729.88,729.88,-800.0,3867.0, ,5.17,729.9,729.88,5644.0,900.0, ,2018-05-30 09:42:43,2018-05-30 09:42:44.149000,, , ,CANCELED, , ,2018-05-30 09:42:44.149000,2018-05-30 09:42:47.209000
09:42:46,-1.84,-1.23,-2.06,-1.1,-1.79,-1.6,-1.34,-1.44,-1.86,-1.24,-2.48,1748,2004.0,-4400.0,729.51,729.51,-800.0,3067.0, ,4.9,729.88,729.51,4900.0,600.0, ,2018-05-30 09:42:46,2018-05-30 09:42:47.209000,, , ,CANCELED, , ,2018-05-30 09:42:47.209000,2018-05-30 09:42:50.332000
09:42:49,-1.78,-1.11,-1.99,-1.06,-1.4,-1.58,-1.32,-1.28,-1.76,-0.96,-2.23,1766,2001.0,-3600.0,729.5,0.0,-0.0,3067.0, , ,729.51,729.5,3600.0,200.0, ,2018-05-30 09:42:49,2018-05-30 09:42:50.333000,, , ,CANCELED, , ,2018-05-30 09:42:50.333000,2018-05-30 09:42:53.306000
09:42:52,-1.78,-1.15,-2.06,-1.0,-1.19,-1.64,-1.29,-1.14,-1.65,-1.16,-2.08,2362,1983.0,-3600.0,729.3,729.3,-900.0,2167.0, ,4.78,729.48,729.3,400.0,300.0, ,2018-05-30 09:42:52,2018-05-30 09:42:53.306000,, , ,CANCELED, , ,2018-05-30 09:42:53.306000,2018-05-30 09:42:56.329000
09:42:55,-1.78,-1.03,-2.05,-1.0,-1.03,-1.77,-1.26,-0.8,-1.53,-0.83,-1.79,1591,1979.0,-2700.0,729.03,729.04,-2700.0,-533.0,24939.44,4.67,729.3,729.03,3100.0,200.0, ,2018-05-30 09:42:55,2018-05-30 09:42:56.329000,, , ,FILLED,5361310.510229094,5336371.071788441,2018-05-30 09:42:56.329000,2018-05-30 09:42:57.766000
09:42:58,-1.49,-0.86,-1.88,-0.92,-1.41,-1.54,-1.1,-0.95,-1.04,-0.56,-2.05,1804,1992.0, , , , , , , ,729.4,729.31,100.0,1900.0, , , ,, , , , , , , 
09:43:01,-1.5,-0.72,-1.84,-1.06,-1.5,-1.61,-0.88,-0.9,-1.07,-0.21,-2.1,1834,1993.0, , , , , , , ,729.47,729.31,800.0,100.0, , , ,, , , , , , , 
09:43:04,-1.38,-0.54,-1.79,-0.78,-1.43,-1.47,-0.77,-0.67,-0.88,-0.09,-1.91,1621,1979.0, , , , , , , ,729.47,729.0,516.0,408.0, , , ,, , , , , , , 
09:43:07,-1.27,-0.35,-1.65,-0.61,-1.27,-1.36,-0.58,-0.47,-0.8,0.16,-1.84,1610,1969.0, , , , , , , ,729.3,729.03,2192.0,200.0, , , ,, , , , , , , 
09:43:10,-1.11,-0.32,-1.35,-0.65,-1.25,-1.2,-0.45,-0.47,-0.78,0.13,-1.9,1590,1957.0, , , , , , , ,729.3,729.03,1492.0,100.0, , , ,, , , , , , , 
09:43:13,-0.96,-0.23,-1.26,-0.53,-1.21,-1.14,-0.4,-0.55,-0.49,0.23,-1.94,1541,1939.0, , , , , , , ,729.3,729.03,1292.0,100.0, , , ,, , , , , , , 
09:43:16,-0.56,-0.01,-1.08,-0.14,-1.15,-0.97,-0.03,-0.53,0.39,0.14,-1.92,1502,1925.0, , , , , , , ,729.3,729.0,992.0,2200.0, , , ,, , , , , , , 
09:43:19,-0.65,0.07,-1.01,0.02,-0.97,-1.04,0.05,-0.34,0.1,0.14,-1.75,1606,1924.0, , , , , , , ,729.03,729.0,500.0,900.0, , , ,, , , , , , , 
09:43:22,-0.83,-0.17,-1.24,-0.34,-0.91,-1.08,-0.06,-0.3,-0.17,-0.1,-1.73,1586,1916.0, , , , , , , ,729.03,728.96,2800.0,100.0, , , ,, , , , , , , 
09:43:25,-0.9,-0.3,-1.21,-0.43,-0.83,-1.1,-0.32,-0.28,-0.39,-0.15,-1.75,1401,1898.0, , , , , , , ,729.0,728.95,200.0,200.0, , , ,, , , , , , , 
09:43:28,-0.84,-0.44,-1.25,-0.51,-0.88,-1.03,-0.4,-0.38,-0.25,-0.42,-1.75,1431,1881.0, , , , , , , ,729.0,728.95,4000.0,100.0, , , ,, , , , , , , 
09:43:31,-1.2,-0.49,-1.27,-0.58,-0.82,-1.25,-0.49,-0.46,-1.09,-0.4,-1.75,1302,1865.0, , , , , , , ,728.99,728.88,1271.0,500.0, , , ,, , , , , , , 
09:43:34,-1.17,-0.47,-1.18,-0.52,-0.09,-1.3,-0.46,-0.03,-1.05,-0.44,-1.23,1246,1853.0, , , , , , , ,728.88,728.15,800.0,100.0, , , ,, , , , , , , 
09:43:37,-1.16,-0.41,-1.16,-0.49,0.03,-1.28,-0.28,0.07,-1.02,-0.46,-1.22,1371,1835.0, , , , , , , ,728.87,728.15,1200.0,100.0, , , ,, , , , , , , 
09:43:40,-1.05,-0.2,-1.05,-0.07,0.95,-1.04,-0.18,0.65,-1.06,-0.35,-0.56,1204,1832.0, , , , , , , ,728.02,727.95,500.0,300.0, , , ,, , , , , , , 
09:43:43,-1.28,-0.33,-1.27,-0.29,0.28,-1.09,-0.42,-0.18,-1.47,-0.27,-1.24,1248,1832.0, , , , , , , ,728.87,728.15,900.0,100.0, , , ,, , , , , , , 
09:43:46,-1.15,-0.41,-1.15,-0.45,0.14,-1.08,-0.52,-0.3,-1.22,-0.25,-1.39,1770,1816.0, , , , , , , ,728.85,728.22,100.0,900.0, , , ,, , , , , , , 
09:43:49,-0.86,-0.08,-0.84,-0.04,0.05,-0.8,-0.11,-0.59,-0.95,-0.08,-1.5,1470,1805.0, , , , , , , ,728.85,728.22,200.0,200.0, , , ,, , , , , , , 
09:43:52,-0.72,-0.06,-0.8,0.13,0.28,-0.84,-0.05,-0.45,-0.51,-0.25,-1.39,1635,1788.0, , , , , , , ,728.5,728.22,1000.0,100.0, , , ,, , , , , , , 
09:43:55,-0.78,-0.0,-0.72,0.18,-0.12,-0.83,0.08,-0.97,-0.78,-0.27,-2.01,1181,1790.0, , , , , , , ,728.85,728.5,173.0,100.0, , , ,, , , , , , , 
09:43:58,-0.66,0.18,-0.58,0.43,0.79,-0.8,0.29,-0.26,-0.6,-0.17,-1.27,1127,1775.0, , , , , , , ,728.15,728.03,500.0,500.0, , , ,, , , , , , , 
09:44:01,-0.43,0.54,-0.49,0.95,0.75,-0.48,0.66,-0.51,-0.31,0.0,-1.47,1046,1765.0, , , , , , , ,728.22,728.15,400.0,200.0, , , ,, , , , , , , 
09:44:04,-0.33,0.43,-0.52,0.37,0.7,-0.39,0.65,-0.66,-0.07,0.26,-1.58,1039,1752.0, , , , , , , ,728.3,728.17,1700.0,400.0, , , ,, , , , , , , 
09:44:07,-0.43,0.51,-0.22,0.57,0.77,-0.47,0.58,-0.76,-0.59,0.37,-1.64,1263,1742.0, , , , , , , ,728.3,728.22,1200.0,700.0, , , ,, , , , , , , 
09:44:10,-0.43,0.41,-0.26,0.4,0.77,-0.57,0.58,-0.82,-0.46,0.27,-1.65,1051,1728.0, , , , , , , ,728.3,728.22,1200.0,400.0, , , ,, , , , , , , 
09:44:13,-0.29,0.55,-0.21,0.69,0.69,-0.39,0.71,-0.78,-0.28,0.26,-1.66,1100,1712.0, , , , , , , ,728.3,728.22,1100.0,400.0, , , ,, , , , , , , 
09:44:16,0.08,0.74,-0.04,0.85,0.55,-0.14,0.75,-0.91,0.42,0.63,-1.81,1232,1708.0, , , , , , , ,728.5,728.22,200.0,600.0, , , ,, , , , , , , 
09:44:19,0.17,0.83,0.06,1.05,0.56,0.13,0.62,-0.93,0.31,0.83,-1.83,961,1693.0, , , , , , , ,728.5,728.22,100.0,500.0, , , ,, , , , , , , 
09:44:22,-0.01,0.49,-0.15,0.66,0.72,0.09,0.46,-0.82,0.01,0.35,-1.69,1086,1708.0, , , , , , , ,728.5,728.0,200.0,1400.0, , , ,, , , , , , , 
09:44:25,-0.26,0.32,-0.25,0.36,0.56,-0.15,0.4,-0.94,-0.39,0.21,-1.85,1049,1695.0, , , , , , , ,728.5,728.22,100.0,900.0, , , ,, , , , , , , 
09:44:28,-0.28,0.14,-0.5,0.12,0.26,-0.44,0.23,-1.09,0.12,0.05,-2.06,1059,1685.0, , , , , , , ,728.8,728.22,800.0,600.0, , , ,, , , , , , , 
09:44:31,-0.36,0.19,-0.3,0.44,0.49,-0.49,0.13,-0.71,-0.31,-0.02,-1.7,986,1669.0, , , , , , , ,728.25,728.22,100.0,600.0, , , ,, , , , , , , 
09:44:34,-0.49,0.13,-0.26,0.31,0.35,-0.51,0.22,-0.61,-0.7,-0.13,-1.73,974,1654.0, , , , , , , ,728.25,728.22,100.0,600.0, , , ,, , , , , , , 
09:44:37,-0.6,0.08,-0.42,0.43,-0.37,-0.62,0.17,-1.54,-0.77,-0.36,-2.58,1094,1662.0, , , , , , , ,728.85,728.8,73.0,900.0, , , ,, , , , , , , 
09:44:40,-0.6,0.07,-0.61,0.35,-0.51,-0.61,0.22,-1.68,-0.58,-0.35,-2.62,926,1646.0, , , , , , , ,728.85,728.8,73.0,900.0, , , ,, , , , , , , 
09:44:43,-0.64,0.14,-0.47,0.48,-0.6,-0.64,0.16,-1.75,-0.8,-0.24,-2.66,1008,1633.0, , , , , , , ,728.84,728.8,100.0,1200.0, , , ,, , , , , , , 
09:44:46,-0.6,0.13,-0.46,0.56,-0.12,-0.55,0.09,-1.34,-0.8,-0.26,-2.12,1088,1639.0, , , , , , , ,728.8,728.01,500.0,300.0, , , ,, , , , , , , 
09:44:49,-0.82,-0.08,-0.63,0.19,-0.56,-0.74,-0.06,-1.56,-1.1,-0.37,-2.35,1090,1625.0, , , , , , , ,728.8,728.22,1600.0,100.0, , , ,, , , , , , , 
09:44:52,-0.82,-0.23,-0.72,-0.07,-0.7,-0.62,-0.09,-1.69,-1.13,-0.53,-2.48,1007,1609.0, , , , , , , ,728.8,728.3,1700.0,100.0, , , ,, , , , , , , 
09:44:55,-0.81,-0.18,-0.62,-0.06,-1.1,-0.56,-0.15,-2.06,-1.25,-0.33,-2.99,961,1596.0, , , , , , , ,728.8,728.74,2000.0,1200.0, , , ,, , , , , , , 
09:44:58,-0.92,-0.37,-0.7,-0.12,-0.84,-0.61,-0.28,-1.77,-1.44,-0.72,-2.84,1022,1593.0, , , , , , , ,728.74,728.3,1100.0,200.0, , , ,, , , , , , , 
09:45:01,-0.91,-0.18,-0.6,0.32,-1.38,-0.66,-0.11,-2.17,-1.46,-0.75,-3.61,1276,1614.0, , , , , , , ,728.84,728.8,100.0,5800.0, , , ,, , , , , , , 
09:45:04,-0.54,0.12,-0.09,0.84,-1.46,-0.52,0.19,-2.16,-1.01,-0.66,-3.97,1236,1648.0, , , , , , , ,728.84,728.8,100.0,1800.0, , , ,, , , , , , , 
09:45:07,-0.98,-0.36,-0.74,0.07,-1.52,-0.83,-0.37,-2.0,-1.37,-0.79,-4.2,1202,1635.0, , , , , , , ,728.84,728.8,100.0,1600.0, , , ,, , , , , , , 
09:45:10,-1.13,-0.48,-0.79,0.1,-1.6,-0.91,-0.54,-1.95,-1.71,-1.01,-4.42,1168,1627.0, , , , , , , ,728.85,728.8,2173.0,1000.0, , , ,, , , , , , , 
09:45:13,-1.06,-0.49,-0.85,-0.1,-1.56,-0.88,-0.55,-1.9,-1.45,-0.81,-4.44,1267,1622.0, , , , , , , ,728.84,728.82,200.0,100.0, , , ,, , , , , , , 
09:45:16,-1.29,-0.62,-1.02,-0.08,-1.19,-1.2,-0.84,-1.39,-1.64,-0.96,-4.22,1232,1610.0, , , , , , , ,728.82,728.3,29.0,200.0, , , ,, , , , , , , 
09:45:19,-1.27,-0.54,-1.04,-0.16,-1.59,-1.07,-0.72,-1.85,-1.7,-0.74,-4.78,1087,1599.0, , , , , , , ,728.85,728.84,2173.0,171.0, , , ,, , , , , , , 
09:45:22,-1.16,-0.47,-0.9,-0.14,-1.65,-1.01,-0.74,-1.94,-1.56,-0.53,-4.94,1195,1593.0, , , , , , , ,728.85,728.84,2073.0,371.0, , , ,, , , , , , , 
09:45:25,-1.22,-0.5,-0.96,-0.14,-1.6,-1.1,-0.71,-2.0,-1.59,-0.65,-5.11,1280,1579.0, , , , , , , ,728.85,728.84,2073.0,171.0, , , ,, , , , , , , 
09:45:28,-1.26,-0.64,-1.04,-0.18,-1.15,-1.12,-0.91,-1.75,-1.61,-0.83,-4.71,1138,1565.0, , , , , , , ,728.8,728.3,100.0,300.0, , , ,, , , , , , , 
09:45:31,-1.15,-0.49,-0.99,-0.25,-1.18,-1.03,-0.84,-1.62,-1.43,-0.39,-4.75,1001,1555.0, , , , , , , ,728.84,728.3,200.0,400.0, , , ,, , , , , , , 
09:45:34,-1.27,-0.52,-1.11,-0.35,-0.87,-1.07,-0.85,-1.19,-1.61,-0.35,-4.55,1142,1570.0, , , , , , , ,728.85,728.0,2073.0,3295.0, , , ,, , , , , , , 
09:45:37,-1.47,-0.65,-1.23,-0.53,-0.98,-1.39,-0.95,-0.96,-1.78,-0.48,-4.54,1074,1554.0, , , , , , , ,728.84,728.0,200.0,3295.0, , , ,, , , , , , , 
09:45:40,-1.55,-0.81,-1.46,-0.6,-1.66,-1.42,-1.06,-1.27,-1.78,-0.78,-5.07,1044,1551.0,-500.0,728.8,0.0,-0.0,-533.0, , ,728.83,728.8,500.0,100.0, ,2018-05-30 09:45:40,2018-05-30 09:45:40.672000,, , ,REJECTED, , ,2018-05-30 09:45:40.672000,2018-05-30 09:45:41.008000
09:45:43,-1.39,-0.77,-1.19,-0.74,-0.83,-1.32,-1.09,-0.36,-1.66,-0.48,-4.15,1040,1539.0, , , , , , , ,728.3,728.0,3400.0,2895.0, , , ,, , , , , , , 
09:45:46,-1.65,-0.77,-1.66,-0.75,-0.98,-1.44,-1.11,-0.36,-1.85,-0.45,-4.17,1183,1542.0, , , , , , , ,728.3,728.0,3292.0,1995.0, , , ,, , , , , , , 
09:45:49,-1.83,-1.03,-1.74,-1.05,-1.06,-1.87,-1.43,-0.37,-1.88,-0.6,-4.16,1080,1528.0,-600.0,728.0,728.0,-600.0,-1133.0, ,-0.92,728.3,728.0,3292.0,1895.0, ,2018-05-30 09:45:49,2018-05-30 09:45:49.663000,, , ,FILLED, , ,2018-05-30 09:45:49.663000,2018-05-30 09:45:50.976000
09:45:52,-1.85,-0.98,-1.87,-0.76,-0.86,-1.81,-1.6,-0.11,-1.87,-0.58,-3.94,1159,1554.0,-500.0,727.9,727.9,-500.0,-1633.0, ,-0.75,728.0,727.9,500.0,200.0, ,2018-05-30 09:45:52,2018-05-30 09:45:52.631000,, , ,FILLED, , ,2018-05-30 09:45:52.631000,2018-05-30 09:45:55.009000
09:45:55,-1.72,-0.81,-1.66,-0.89,-0.85,-1.64,-1.41,-0.05,-1.85,-0.12,-3.87,1154,1546.0, , , , , , , ,727.9,727.88,100.0,100.0, , , ,, , , , , , , 
09:45:58,-1.2,-0.38,-1.24,-0.63,-0.92,-1.03,-0.58,-0.04,-1.35,0.07,-3.88,1124,1534.0, , , , , , , ,728.0,727.78,800.0,100.0, , , ,, , , , , , , 
09:46:01,-1.1,-0.35,-1.15,-0.63,-0.89,-1.21,-0.66,-0.04,-0.95,0.24,-3.92,1133,1525.0, , , , , , , ,728.0,727.78,300.0,100.0, , , ,, , , , , , , 
09:46:04,-1.29,-0.25,-1.3,-0.47,-0.48,-1.34,-0.61,0.32,-1.22,0.33,-3.52,1160,1535.0, , , , , , , ,727.78,727.43,100.0,400.0, , , ,, , , , , , , 
09:46:07,-0.91,0.11,-0.91,0.05,-0.39,-0.79,-0.31,0.24,-1.02,0.6,-3.58,1215,1520.0, , , , , , , ,727.78,727.51,100.0,200.0, , , ,, , , , , , , 
09:46:10,-0.76,0.26,-0.85,-0.09,-0.41,-0.61,0.03,0.1,-0.82,0.82,-3.66,1202,1509.0, , , , , , , ,727.9,727.51,500.0,200.0, , , ,, , , , , , , 
09:46:13,-0.67,0.36,-0.8,0.04,-0.36,-0.65,0.16,0.06,-0.57,0.89,-3.66,1029,1495.0, , , , , , , ,727.9,727.51,400.0,200.0, , , ,, , , , , , , 
09:46:16,-0.76,0.26,-0.84,0.0,-0.22,-0.99,-0.11,0.06,-0.46,0.87,-3.67,1031,1482.0, , , , , , , ,727.9,727.51,300.0,100.0, , , ,, , , , , , , 
09:46:19,-0.96,0.12,-1.04,-0.15,-0.24,-0.95,-0.33,0.1,-0.9,0.84,-3.61,944,1468.0, , , , , , , ,727.9,727.43,300.0,100.0, , , ,, , , , , , , 
09:46:22,-1.06,0.1,-1.1,-0.16,-0.29,-0.92,-0.3,0.12,-1.15,0.77,-3.58,1053,1454.0, , , , , , , ,727.86,727.43,100.0,100.0, , , ,, , , , , , , 
09:46:25,-1.08,0.0,-0.99,-0.16,-0.27,-1.05,-0.47,0.15,-1.2,0.63,-3.5,884,1441.0, , , , , , , ,727.86,727.3,200.0,200.0, , , ,, , , , , , , 
09:46:28,-0.93,0.05,-0.9,-0.12,-0.73,-1.0,-0.4,-0.16,-0.87,0.68,-3.81,893,1429.0, , , , , , , ,727.85,727.77,1400.0,100.0, , , ,, , , , , , , 
09:46:31,-0.94,0.17,-0.96,-0.03,-0.58,-1.05,-0.29,-0.21,-0.82,0.83,-3.57,866,1422.0, , , , , , , ,727.85,727.77,700.0,187.0, , , ,, , , , , , , 
09:46:34,-0.74,0.35,-0.69,0.11,-0.15,-0.87,0.11,-0.07,-0.66,0.83,-3.12,966,1431.0, , , , , , , ,727.9,727.43,300.0,300.0, , , ,, , , , , , , 
09:46:37,-0.74,0.35,-0.78,0.23,-0.21,-0.81,0.01,-0.35,-0.62,0.81,-3.17,894,1419.0, , , , , , , ,727.9,727.85,300.0,100.0, , , ,, , , , , , , 
09:46:40,-0.71,0.28,-0.7,0.23,0.6,-0.77,-0.03,0.18,-0.65,0.65,-2.33,889,1415.0, , , , , , , ,727.9,727.0,300.0,2375.0, , , ,, , , , , , , 
09:46:43,-0.56,0.31,-0.43,0.37,0.64,-0.67,-0.05,0.25,-0.56,0.62,-2.12,962,1405.0, , , , , , , ,727.85,727.0,100.0,2675.0, , , ,, , , , , , , 
09:46:46,-0.61,0.11,-0.61,0.1,0.64,-0.67,-0.15,0.15,-0.54,0.39,-2.29,834,1391.0, , , , , , , ,727.85,727.0,300.0,2675.0, , , ,, , , , , , , 
09:46:49,-0.86,-0.0,-0.66,0.18,0.62,-0.93,-0.28,0.03,-0.98,0.08,-2.44,1028,1377.0, , , , , , , ,727.85,727.0,300.0,2675.0, , , ,, , , , , , , 
09:46:52,-0.96,0.06,-0.7,0.22,0.9,-1.13,-0.05,0.19,-1.05,0.02,-2.31,792,1368.0, , , , , , , ,727.43,727.0,400.0,2175.0, , , ,, , , , , , , 
09:46:55,-1.02,0.12,-0.92,0.12,0.89,-1.06,0.1,-0.02,-1.09,0.12,-2.65,812,1361.0, , , , , , , ,727.43,727.0,200.0,1739.0, , , ,, , , , , , , 
09:46:58,-0.97,0.13,-0.79,0.13,0.88,-0.97,0.05,-0.08,-1.16,0.22,-2.66,735,1348.0, , , , , , , ,727.43,727.01,300.0,100.0, , , ,, , , , , , , 
09:47:01,-0.88,0.16,-0.65,0.25,0.82,-0.87,-0.04,-0.19,-1.13,0.27,-2.71,726,1338.0, , , , , , , ,727.5,727.01,300.0,400.0, , , ,, , , , , , , 
09:47:04,-0.66,0.29,-0.56,0.33,0.77,-0.67,0.24,-0.27,-0.74,0.32,-2.73,877,1326.0, , , , , , , ,727.5,727.06,300.0,100.0, , , ,, , , , , , , 
09:47:07,-0.53,0.46,-0.45,0.43,0.79,-0.44,0.41,-0.24,-0.71,0.53,-2.66,673,1317.0, , , , , , , ,727.5,727.0,400.0,2039.0, , , ,, , , , , , , 
09:47:10,-0.6,0.38,-0.5,0.43,0.17,-0.55,0.31,-0.81,-0.74,0.39,-3.19,715,1315.0, , , , , , , ,727.88,727.43,400.0,300.0, , , ,, , , , , , , 
09:47:13,-0.68,0.42,-0.58,0.48,0.44,-0.49,0.38,-0.53,-0.97,0.4,-2.86,845,1305.0, , , , , , , ,727.88,727.0,400.0,1739.0, , , ,, , , , , , , 
09:47:16,-0.47,0.36,-0.32,0.43,0.43,-0.42,0.36,-0.54,-0.68,0.28,-2.83,659,1293.0, , , , , , , ,727.8,727.06,100.0,200.0, , , ,, , , , , , , 
09:47:19,-0.42,0.44,-0.4,0.54,0.11,-0.43,0.43,-0.85,-0.44,0.35,-3.12,626,1282.0, , , , , , , ,727.88,727.43,400.0,300.0, , , ,, , , , , , , 
09:47:22,-0.61,0.28,-0.42,0.41,0.41,-0.6,0.25,-0.58,-0.8,0.17,-2.83,673,1279.0, , , , , , , ,727.88,727.0,400.0,1039.0, , , ,, , , , , , , 
09:47:25,-0.37,0.47,-0.2,0.61,0.65,-0.38,0.47,-0.29,-0.54,0.32,-2.53,741,1270.0, , , , , , , ,727.43,727.01,100.0,1700.0, , , ,, , , , , , , 
09:47:28,-0.05,0.49,-0.07,0.65,0.65,-0.14,0.51,-0.29,0.06,0.33,-2.53,899,1258.0, , , , , , , ,727.43,727.01,200.0,2000.0, , , ,, , , , , , , 
09:47:31,-0.15,0.45,-0.13,0.66,0.59,-0.18,0.45,-0.31,-0.14,0.24,-2.54,974,1248.0, , , , , , , ,727.43,727.02,100.0,100.0, , , ,, , , , , , , 
09:47:34,-0.26,0.53,-0.13,0.63,-0.38,-0.16,0.57,-1.25,-0.47,0.38,-3.45,588,1240.0, , , , , , , ,727.9,727.88,300.0,700.0, , , ,, , , , , , , 
09:47:37,-0.43,0.46,-0.41,0.48,-0.37,-0.38,0.56,-1.29,-0.51,0.34,-3.45,622,1232.0, , , , , , , ,727.9,727.88,300.0,500.0, , , ,, , , , , , , 
09:47:40,-0.33,0.53,-0.21,0.7,-0.43,-0.31,0.68,-1.33,-0.47,0.22,-3.45,627,1221.0, , , , , , , ,727.9,727.88,300.0,800.0, , , ,, , , , , , , 
09:47:43,-0.06,0.64,-0.11,0.76,-0.39,-0.04,0.87,-1.39,-0.03,0.29,-3.52,565,1212.0, , , , , , , ,727.9,727.88,300.0,500.0, , , ,, , , , , , , 
09:47:46,-0.44,0.38,-0.2,0.68,-0.49,-0.43,0.41,-1.42,-0.7,0.04,-3.6,556,1202.0, , , , , , , ,727.9,727.88,300.0,300.0, , , ,, , , , , , , 
09:47:49,-0.34,0.49,-0.18,0.72,-0.61,-0.17,0.63,-1.5,-0.67,0.12,-3.67,579,1192.0, , , , , , , ,727.9,727.88,100.0,300.0, , , ,, , , , , , , 
09:47:52,-0.17,0.36,-0.18,0.72,-0.68,-0.15,0.59,-1.52,-0.19,-0.22,-3.69,509,1183.0, , , , , , , ,727.88,727.81,100.0,400.0, , , ,, , , , , , , 
09:47:55,-0.29,0.28,-0.3,0.67,-0.88,-0.18,0.39,-1.72,-0.38,-0.23,-3.69,486,1171.0, , , , , , , ,727.88,727.81,100.0,400.0, , , ,, , , , , , , 
09:47:58,-0.31,0.14,-0.3,0.59,-0.94,-0.22,0.25,-1.92,-0.42,-0.41,-3.69,505,1160.0, , , , , , , ,727.88,727.81,300.0,400.0, , , ,, , , , , , , 
09:48:01,-0.18,0.14,-0.27,0.53,-1.07,-0.1,0.4,-2.34,-0.16,-0.51,-3.76,692,1151.0, , , , , , , ,727.9,727.89,100.0,100.0, , , ,, , , , , , , 
09:48:04,-0.21,0.11,-0.18,0.52,-1.05,-0.25,0.44,-2.64,-0.21,-0.63,-3.68,464,1147.0, , , , , , , ,727.88,727.81,200.0,400.0, , , ,, , , , , , , 
09:48:07,-0.45,-0.15,-0.32,0.35,-0.97,-0.48,0.05,-2.76,-0.54,-0.85,-3.6,591,1145.0, , , , , , , ,727.81,727.74,800.0,300.0, , , ,, , , , , , , 
09:48:10,-0.6,-0.25,-0.38,0.24,-0.98,-0.61,-0.17,-2.99,-0.82,-0.82,-3.6,502,1135.0, , , , , , , ,727.81,727.74,1100.0,300.0, , , ,, , , , , , , 
09:48:13,-0.81,-0.33,-0.54,0.05,-0.94,-0.83,-0.33,-2.94,-1.06,-0.7,-3.54,610,1128.0, , , , , , , ,727.74,727.73,300.0,200.0, , , ,, , , , , , , 
09:48:16,-0.77,-0.26,-0.56,0.08,-0.95,-0.77,-0.3,-3.09,-0.97,-0.56,-3.54,458,1118.0, , , , , , , ,727.74,727.73,200.0,300.0, , , ,, , , , , , , 
09:48:19,-0.82,-0.3,-0.58,0.05,-0.96,-0.86,-0.3,-3.26,-1.01,-0.65,-3.53,748,1107.0, , , , , , , ,727.74,727.73,1600.0,300.0, , , ,, , , , , , , 
09:48:22,-0.95,-0.48,-0.74,-0.2,-0.98,-0.91,-0.53,-3.42,-1.2,-0.71,-3.52,472,1098.0, , , , , , , ,727.74,727.73,1900.0,300.0, , , ,, , , , , , , 
09:48:25,-0.98,-0.46,-0.7,-0.05,-0.99,-1.02,-0.44,-3.59,-1.22,-0.88,-3.51,420,1088.0, , , , , , , ,727.74,727.73,1900.0,200.0, , , ,, , , , , , , 
09:48:28,-0.96,-0.53,-0.73,-0.17,-0.77,-1.04,-0.39,-3.36,-1.12,-1.03,-3.23,437,1079.0, , , , , , , ,727.7,727.43,100.0,200.0, , , ,, , , , , , , 
09:48:31,-0.97,-0.51,-0.81,-0.12,-1.02,-0.99,-0.48,-3.62,-1.11,-0.93,-3.42,586,1072.0, , , , , , , ,727.74,727.73,3900.0,100.0, , , ,, , , , , , , 
09:48:34,-1.07,-0.49,-0.75,-0.19,-0.82,-1.21,-0.51,-3.4,-1.25,-0.78,-3.17,380,1063.0, , , , , , , ,727.73,727.43,200.0,200.0, , , ,, , , , , , , 
09:48:37,-1.03,-0.55,-0.83,-0.18,-0.87,-1.04,-0.55,-3.4,-1.21,-0.91,-3.08,401,1053.0, , , , , , , ,727.73,727.43,500.0,200.0, , , ,, , , , , , , 
09:48:40,-0.86,-0.42,-0.77,-0.13,-0.92,-0.88,-0.37,-3.39,-0.92,-0.77,-3.04,413,1052.0, , , , , , , ,727.74,727.43,4200.0,200.0, , , ,, , , , , , , 
09:48:43,-0.79,-0.37,-0.61,-0.03,-0.96,-0.81,-0.27,-3.38,-0.95,-0.83,-2.98,420,1044.0, , , , , , , ,727.74,727.43,3900.0,200.0, , , ,, , , , , , , 
09:48:46,-0.87,-0.29,-0.74,-0.11,-1.12,-0.79,-0.36,-3.52,-1.08,-0.41,-3.06,401,1035.0, , , , , , , ,727.7,727.65,5200.0,100.0, , , ,, , , , , , , 
09:48:49,-1.03,-0.46,-0.75,-0.19,-0.64,-1.05,-0.48,-2.95,-1.28,-0.72,-2.5,411,1030.0, , , , , , , ,727.43,727.1,600.0,1300.0, , , ,, , , , , , , 
09:48:52,-1.01,-0.49,-0.8,-0.21,-0.72,-1.1,-0.54,-3.0,-1.12,-0.73,-2.5,409,1021.0, , , , , , , ,727.43,727.1,900.0,1296.0, , , ,, , , , , , , 
09:48:55,-0.94,-0.47,-0.74,-0.11,-0.83,-1.15,-0.4,-2.92,-0.94,-0.9,-2.41,393,1011.0, , , , , , , ,727.3,727.1,100.0,1296.0, , , ,, , , , , , , 
09:48:58,-0.98,-0.49,-0.82,-0.3,-0.89,-1.06,-0.53,-2.79,-1.05,-0.63,-2.26,498,1017.0, , , , , , , ,727.1,727.09,1804.0,100.0, , , ,, , , , , , , 
09:49:01,-0.88,-0.36,-0.82,-0.24,-1.25,-0.98,-0.24,-2.83,-0.83,-0.61,-2.26,605,1008.0, , , , , , , ,727.1,727.09,1804.0,300.0, , , ,, , , , , , , 
09:49:04,-0.98,-0.39,-0.87,-0.15,-1.58,-1.19,-0.26,-2.79,-0.87,-0.76,-2.23,438,1002.0, , , , , , , ,727.09,727.06,300.0,200.0, , , ,, , , , , , , 
09:49:07,-0.89,-0.41,-0.83,-0.21,-1.79,-0.99,-0.17,-2.78,-0.85,-0.85,-2.21,493,994.0, , , , , , , ,727.09,727.03,100.0,100.0, , , ,, , , , , , , 
09:49:10,-0.93,-0.36,-0.81,-0.25,-2.0,-1.04,-0.25,-2.77,-0.92,-0.58,-2.19,442,987.0, , , , , , , ,727.09,727.01,100.0,1700.0, , , ,, , , , , , , 
09:49:13,-0.91,-0.45,-0.81,-0.31,-2.01,-1.02,-0.25,-2.78,-0.91,-0.78,-2.21,394,977.0, , , , , , , ,727.09,727.03,400.0,100.0, , , ,, , , , , , , 
09:49:16,-0.92,-0.29,-0.82,-0.17,-2.15,-1.06,-0.2,-2.76,-0.88,-0.49,-2.18,435,978.0, , , , , , , ,727.06,727.03,200.0,100.0, , , ,, , , , , , , 
09:49:19,-1.0,-0.48,-0.8,-0.32,-2.27,-1.15,-0.26,-2.71,-1.06,-0.86,-2.13,511,979.0, , , , , , , ,727.02,727.0,200.0,2039.0, , , ,, , , , , , , 
09:49:22,-1.05,-0.39,-0.86,-0.4,-2.44,-1.07,-0.35,-2.73,-1.23,-0.42,-2.15,531,975.0, , , , , , , ,727.02,727.01,300.0,100.0, , , ,, , , , , , , 
09:49:25,-0.92,-0.26,-0.76,-0.26,-2.59,-1.0,-0.19,-2.71,-1.0,-0.33,-2.15,478,967.0, , , , , , , ,727.02,727.0,200.0,1839.0, , , ,, , , , , , , 
09:49:28,-0.84,-0.22,-0.75,-0.25,-2.6,-0.96,-0.1,-2.71,-0.82,-0.31,-2.16,535,969.0, , , , , , , ,727.02,727.0,100.0,731.0, , , ,, , , , , , , 
09:49:31,-0.99,-0.38,-0.81,-0.38,-2.58,-1.09,-0.26,-2.43,-1.07,-0.48,-2.13,545,969.0, , , , , , , ,727.0,726.97,973.0,100.0, , , ,, , , , , , , 
09:49:34,-1.07,-0.49,-0.94,-0.53,-2.58,-1.12,-0.53,-2.19,-1.15,-0.4,-2.12,550,960.0, , , , , , , ,727.0,726.97,1273.0,100.0, , , ,, , , , , , , 
09:49:37,-0.97,-0.41,-0.82,-0.44,-2.52,-1.03,-0.39,-1.88,-1.08,-0.42,-2.04,612,956.0, , , , , , , ,727.0,726.88,873.0,100.0, , , ,, , , , , , , 
09:49:40,-0.86,-0.34,-0.85,-0.36,-2.42,-0.94,-0.26,-1.56,-0.79,-0.39,-1.97,535,948.0, , , , , , , ,726.89,726.88,300.0,100.0, , , ,, , , , , , , 
09:49:43,-0.93,-0.42,-0.74,-0.41,-2.41,-1.06,-0.35,-1.36,-0.99,-0.5,-1.95,508,941.0, , , , , , , ,726.88,726.86,100.0,100.0, , , ,, , , , , , , 
09:49:46,-1.03,-0.46,-0.93,-0.51,-2.37,-1.07,-0.51,-1.48,-1.11,-0.37,-1.91,560,945.0, , , , , , , ,726.85,726.82,800.0,400.0, , , ,, , , , , , , 
09:49:49,-1.12,-0.7,-1.02,-0.59,-2.35,-1.18,-0.8,-1.63,-1.17,-0.69,-1.92,613,939.0, , , , , , , ,726.84,726.82,500.0,400.0, , , ,, , , , , , , 
09:49:52,-1.11,-0.65,-0.98,-0.48,-2.15,-1.28,-0.74,-1.54,-1.07,-0.74,-1.65,597,941.0, , , , , , , ,726.8,726.5,100.0,5264.0, , , ,, , , , , , , 
09:49:55,-1.45,-0.93,-1.38,-0.92,-2.16,-1.69,-1.02,-1.88,-1.29,-0.85,-1.65,709,964.0,-600.0,726.5,726.5,-600.0,-2233.0, ,0.23,726.8,726.5,100.0,2364.0, ,2018-05-30 09:49:55,2018-05-30 09:49:55.705000,, , ,FILLED, , ,2018-05-30 09:49:55.705000,2018-05-30 09:49:56.877000
09:49:58,-1.49,-0.8,-1.43,-0.76,-1.62,-1.65,-0.91,-1.32,-1.4,-0.73,-1.08,1024,1020.0, , , , , , , ,726.5,726.0,500.0,3368.0, , , ,, , , , , , , 
09:50:01,-1.27,-0.49,-1.08,-0.51,-1.67,-1.38,-0.34,-1.32,-1.34,-0.61,-1.08,990,1011.0, , , , , , , ,726.5,726.0,800.0,5268.0, , , ,, , , , , , , 
09:50:04,-1.05,-0.04,-0.99,0.13,-0.78,-1.2,0.3,-0.43,-0.96,-0.54,-0.2,1226,1057.0, , , , , , , ,726.0,725.21,100.0,68.0, , , ,, , , , , , , 
09:50:07,-0.84,0.05,-0.79,0.09,-0.77,-1.0,0.3,-0.39,-0.74,-0.23,-0.02,1176,1052.0, , , , , , , ,725.99,725.21,100.0,1668.0, , , ,, , , , , , , 
09:50:10,-0.89,0.24,-0.82,0.28,-0.77,-0.88,0.44,-0.36,-0.96,-0.02,0.19,1158,1045.0, , , , , , , ,725.98,725.21,200.0,1668.0, , , ,, , , , , , , 
09:50:13,-0.67,0.27,-0.75,0.35,-0.77,-0.65,0.45,-0.33,-0.6,0.0,0.41,1102,1036.0, , , , , , , ,725.98,725.21,500.0,1768.0, , , ,, , , , , , , 
09:50:16,-0.67,0.3,-0.9,0.3,-0.77,-0.67,0.54,-0.3,-0.44,0.07,0.47,1072,1030.0, , , , , , , ,725.98,725.21,500.0,1368.0, , , ,, , , , , , , 
09:50:19,-0.62,0.33,-0.81,0.38,-0.14,-0.51,0.55,0.33,-0.55,0.05,1.35,1128,1039.0, , , , , , , ,725.18,725.1,49.0,127.0, , , ,, , , , , , , 
09:50:22,-0.57,0.52,-0.7,0.4,-0.12,-0.5,0.65,0.36,-0.51,0.52,1.56,1150,1048.0, , , , , , , ,725.14,725.1,400.0,600.0, , , ,, , , , , , , 
09:50:25,-0.43,0.46,-0.48,0.44,-0.12,-0.39,0.5,0.36,-0.41,0.42,1.55,1121,1041.0, , , , , , , ,725.14,725.1,400.0,978.0, , , ,, , , , , , , 
09:50:28,-0.43,0.5,-0.81,0.36,-0.12,-0.37,0.59,0.36,-0.12,0.53,1.79,1091,1032.0, , , , , , , ,725.14,725.1,400.0,878.0, , , ,, , , , , , , 
09:50:31,-0.24,0.53,-0.56,0.37,0.14,-0.08,0.53,0.36,-0.08,0.68,1.59,1115,1029.0, , , , , , , ,725.14,725.1,300.0,378.0, , , ,, , , , , , , 
09:50:34,-0.17,0.65,-0.42,0.37,0.46,-0.1,0.7,0.44,0.02,0.89,1.54,1101,1024.0, , , , , , , ,725.1,725.02,222.0,500.0, , , ,, , , , , , , 
09:50:37,-0.16,0.75,-0.37,0.42,0.62,-0.04,0.87,0.36,-0.07,0.97,1.5,1010,1018.0, , , , , , , ,725.14,725.11,400.0,378.0, , , ,, , , , , , , 
09:50:40,0.13,0.93,-0.17,0.59,0.86,0.25,1.04,0.36,0.31,1.15,1.46,1018,1014.0,2300.0,725.13,725.13,2300.0,67.0,4095.74,2.52,725.14,725.11,100.0,78.0, ,2018-05-30 09:50:40,2018-05-30 09:50:40.670000,, , ,FILLED,1672042.6592019117,1667946.9142830686,2018-05-30 09:50:40.670000,2018-05-30 09:50:44.103000
09:50:43,0.22,1.12,0.02,0.95,0.98,0.32,1.11,0.21,0.32,1.31,1.43,974,1009.0, , , , , , , ,725.21,725.13,1932.0,1900.0, , , ,, , , , , , , 
09:50:46,0.43,1.22,0.3,0.99,0.95,0.49,1.27,0.27,0.51,1.4,1.59,1046,1024.0, , , , , , , ,725.1,725.05,100.0,100.0, , , ,, , , , , , , 
09:50:49,0.34,1.06,0.25,0.89,0.79,0.38,1.08,0.2,0.38,1.2,1.59,1024,1016.0, , , , , , , ,725.1,725.05,100.0,800.0, , , ,, , , , , , , 
09:50:52,0.38,1.07,0.26,0.9,0.51,0.5,1.18,0.0,0.39,1.12,1.5,981,1008.0, , , , , , , ,725.21,725.11,1932.0,78.0, , , ,, , , , , , , 
09:50:55,0.4,1.08,0.39,0.93,0.35,0.49,1.19,0.17,0.33,1.12,1.67,1105,1030.0, , , , , , , ,725.05,725.03,2900.0,200.0, , , ,, , , , , , , 
09:50:58,0.46,1.06,0.44,0.88,0.35,0.55,1.14,0.17,0.4,1.15,1.72,1128,1031.0, , , , , , , ,725.05,725.03,2100.0,900.0, , , ,, , , , , , , 
09:51:01,0.56,1.03,0.43,0.97,0.35,0.77,1.05,0.17,0.48,1.05,1.79,1116,1032.0, , , , , , , ,725.05,725.03,1400.0,700.0, , , ,, , , , , , , 
09:51:04,0.44,0.95,0.29,0.83,0.35,0.56,1.0,0.17,0.48,1.01,1.9,1127,1036.0, , , , , , , ,725.05,725.03,1700.0,400.0, , , ,, , , , , , , 
09:51:07,0.43,0.94,0.3,0.81,0.38,0.53,1.0,0.17,0.47,1.0,2.06,1150,1027.0, , , , , , , ,725.05,725.03,1600.0,800.0, , , ,, , , , , , , 
09:51:10,0.44,1.02,0.38,0.82,0.41,0.53,1.15,0.16,0.4,1.11,2.2,1089,1026.0, , , , , , , ,725.05,725.03,1200.0,400.0, , , ,, , , , , , , 
09:51:13,0.3,0.95,0.2,0.77,0.44,0.39,1.08,0.16,0.31,0.99,2.32,1024,1016.0, , , , , , , ,725.05,725.03,1200.0,400.0, , , ,, , , , , , , 
09:51:16,0.39,0.93,0.22,0.73,0.47,0.56,1.08,0.16,0.38,0.97,2.41,1019,1008.0, , , , , , , ,725.05,725.03,1200.0,300.0, , , ,, , , , , , , 
09:51:19,0.33,0.9,0.21,0.75,0.47,0.53,1.01,0.18,0.25,0.95,2.44,967,1003.0, , , , , , , ,725.05,725.02,1100.0,200.0, , , ,, , , , , , , 
09:51:22,0.3,0.88,0.25,0.75,0.47,0.47,0.96,0.2,0.18,0.94,2.48,931,996.0, , , , , , , ,725.05,725.02,1100.0,300.0, , , ,, , , , , , , 
09:51:25,0.32,0.89,0.22,0.75,0.47,0.43,0.97,0.21,0.31,0.95,2.39,1017,987.0, , , , , , , ,725.05,725.02,1000.0,400.0, , , ,, , , , , , , 
09:51:28,0.4,0.92,0.21,0.75,0.47,0.59,1.09,0.25,0.41,0.94,2.29,896,985.0, , , , , , , ,725.05,725.03,700.0,500.0, , , ,, , , , , , , 
09:51:31,0.47,1.03,0.24,0.92,0.47,0.66,1.2,0.29,0.52,0.98,2.3,1084,1016.0, , , , , , , ,725.05,725.03,800.0,700.0, , , ,, , , , , , , 
09:51:34,0.37,1.14,0.2,1.05,-0.51,0.51,1.26,-0.66,0.39,1.1,1.32,1065,1015.0, , , , , , , ,726.0,725.5,1632.0,1400.0, , , ,, , , , , , , 
09:51:37,0.34,1.21,0.06,1.2,-0.51,0.48,1.27,-0.56,0.47,1.16,1.41,1034,1007.0, , , , , , , ,726.0,725.5,1532.0,3900.0, , , ,, , , , , , , 
09:51:40,0.46,1.23,0.13,1.27,-0.52,0.63,1.25,-0.52,0.63,1.16,1.46,969,998.0, , , , , , , ,726.0,725.51,1532.0,100.0, , , ,, , , , , , , 
09:51:43,0.22,1.28,-0.06,1.37,-0.59,0.27,1.27,-0.48,0.45,1.19,1.49,1043,994.0, , , , , , , ,726.0,725.51,932.0,157.0, , , ,, , , , , , , 
09:51:46,-0.09,1.1,-0.17,1.08,-1.35,-0.17,1.07,-1.1,0.06,1.16,0.78,1046,994.0, , , , , , , ,726.5,726.0,100.0,700.0, , , ,, , , , , , , 
09:51:49,-0.29,0.87,-0.15,0.86,-0.1,-0.64,0.76,0.21,-0.07,0.98,2.16,1373,1067.0, , , , , , , ,725.5,725.08,11843.0,100.0, , , ,, , , , , , , 
09:51:52,0.02,1.0,0.31,1.17,-0.17,-0.13,1.08,0.21,-0.13,0.76,2.23,1318,1064.0, , , , , , , ,725.5,725.08,11843.0,600.0, , , ,, , , , , , , 
09:51:55,-0.08,0.83,0.04,0.92,-0.17,-0.17,0.99,0.22,-0.1,0.57,2.25,1435,1073.0, , , , , , , ,725.5,725.08,11743.0,200.0, , , ,, , , , , , , 
09:51:58,-0.27,0.65,-0.19,0.84,-0.17,-0.32,0.78,0.22,-0.28,0.32,2.29,1379,1069.0, , , , , , , ,725.5,725.08,11243.0,1200.0, , , ,, , , , , , , 
09:52:01,-0.12,0.71,-0.11,0.82,-0.17,-0.17,0.95,0.22,-0.1,0.38,2.44,1277,1063.0, , , , , , , ,725.5,725.08,11143.0,1300.0, , , ,, , , , , , , 
09:52:04,-0.11,0.76,-0.09,0.89,-0.17,-0.17,0.99,0.22,-0.08,0.42,2.58,1271,1055.0, , , , , , , ,725.5,725.08,10943.0,1400.0, , , ,, , , , , , , 
09:52:07,-0.21,0.65,-0.09,0.71,-0.2,-0.25,0.82,0.21,-0.28,0.42,2.77,1187,1045.0, , , , , , , ,725.5,725.11,11143.0,500.0, , , ,, , , , , , , 
09:52:10,-0.19,0.71,-0.09,0.82,-0.3,-0.14,0.85,0.11,-0.32,0.46,2.76,1162,1041.0, , , , , , , ,725.5,725.25,10743.0,200.0, , , ,, , , , , , , 
09:52:13,-0.08,0.72,-0.1,0.73,-0.3,-0.07,0.84,0.11,-0.05,0.58,2.75,1194,1031.0, , , , , , , ,725.5,725.26,10743.0,100.0, , , ,, , , , , , , 
09:52:16,-0.03,0.74,0.02,0.77,-0.3,-0.05,0.87,0.12,-0.07,0.59,2.75,1077,1024.0, , , , , , , ,725.5,725.25,10743.0,100.0, , , ,, , , , , , , 
09:52:19,-0.03,0.72,-0.08,0.68,-0.29,-0.06,0.87,0.11,0.06,0.6,2.68,1090,1014.0, , , , , , , ,725.5,725.26,10743.0,1300.0, , , ,, , , , , , , 
09:52:22,-0.11,0.69,-0.1,0.65,-0.28,-0.16,0.77,0.1,-0.07,0.64,2.72,1207,1005.0, , , , , , , ,725.5,725.26,10743.0,1300.0, , , ,, , , , , , , 
09:52:25,-0.14,0.61,0.01,0.6,-0.27,-0.31,0.66,0.09,-0.13,0.56,2.71,1428,998.0, , , , , , , ,725.5,725.26,10643.0,1100.0, , , ,, , , , , , , 
09:52:28,-0.24,0.46,0.03,0.62,-0.22,-0.32,0.48,0.08,-0.41,0.29,2.71,912,998.0, , , , , , , ,725.5,725.26,10243.0,500.0, , , ,, , , , , , , 
09:52:31,-0.13,0.51,0.08,0.61,-0.18,-0.21,0.62,0.08,-0.25,0.28,2.82,1314,992.0, , , , , , , ,725.5,725.26,10143.0,1800.0, , , ,, , , , , , , 
09:52:34,-0.14,0.49,0.03,0.69,-0.14,-0.09,0.59,0.08,-0.36,0.2,2.94,899,988.0, , , , , , , ,725.5,725.26,10143.0,1300.0, , , ,, , , , , , , 
09:52:37,-0.26,0.35,-0.04,0.53,-0.05,-0.38,0.36,0.1,-0.37,0.17,3.08,859,981.0, , , , , , , ,725.5,725.26,10043.0,800.0, , , ,, , , , , , , 
09:52:40,-0.33,0.39,-0.03,0.63,-0.01,-0.41,0.37,0.1,-0.55,0.16,3.21,873,986.0, , , , , , , ,725.5,725.26,8843.0,1000.0, , , ,, , , , , , , 
09:52:43,-0.16,0.53,0.05,0.63,0.04,-0.21,0.66,0.1,-0.32,0.31,3.25,867,978.0, , , , , , , ,725.5,725.26,8643.0,1500.0, , , ,, , , , , , , 
09:52:46,-0.01,0.56,0.15,0.64,0.4,0.1,0.73,0.4,-0.28,0.31,3.58,1072,993.0, , , , , , , ,725.2,725.12,300.0,100.0, , , ,, , , , , , , 
09:52:49,-0.07,0.51,0.11,0.51,0.4,-0.11,0.65,0.39,-0.22,0.39,3.62,1045,987.0, , , , , , , ,725.2,725.12,100.0,200.0, , , ,, , , , , , , 
09:52:52,-0.07,0.56,0.12,0.59,0.4,0.02,0.7,0.4,-0.34,0.39,3.71,919,986.0, , , , , , , ,725.2,725.12,200.0,900.0, , , ,, , , , , , , 
09:52:55,-0.2,0.44,0.01,0.41,0.4,-0.3,0.61,0.4,-0.31,0.31,4.13,861,976.0, , , , , , , ,725.2,725.12,600.0,1198.0, , , ,, , , , , , , 
09:52:58,-0.24,0.31,-0.03,0.32,0.4,-0.17,0.32,0.42,-0.54,0.28,4.56,936,980.0, , , , , , , ,725.2,725.12,200.0,560.0, , , ,, , , , , , , 
09:53:01,-0.43,0.27,-0.13,0.15,0.4,-0.51,0.38,0.42,-0.64,0.29,4.96,890,971.0, , , , , , , ,725.2,725.12,3300.0,660.0, , , ,, , , , , , , 
09:53:04,-0.43,0.26,-0.14,0.19,0.39,-0.44,0.33,0.41,-0.7,0.26,5.12,883,970.0, , , , , , , ,725.2,725.13,2800.0,100.0, , , ,, , , , , , , 
09:53:07,-0.28,0.39,-0.07,0.34,0.4,-0.29,0.55,0.58,-0.48,0.28,4.77,923,973.0, , , , , , , ,725.2,725.13,2500.0,100.0, , , ,, , , , , , , 
09:53:10,-0.26,0.29,-0.11,0.3,0.42,-0.17,0.35,0.81,-0.5,0.22,4.48,899,968.0, , , , , , , ,725.2,725.1,2200.0,1661.0, , , ,, , , , , , , 
09:53:13,-0.23,0.43,-0.05,0.46,0.42,-0.21,0.5,1.01,-0.41,0.32,4.17,1036,963.0, , , , , , , ,725.2,725.11,2100.0,100.0, , , ,, , , , , , , 
09:53:16,-0.14,0.52,-0.02,0.52,0.4,-0.11,0.64,1.07,-0.28,0.38,4.03,819,954.0, , , , , , , ,725.2,725.13,2000.0,100.0, , , ,, , , , , , , 
09:53:19,-0.07,0.56,-0.0,0.51,0.42,-0.08,0.7,1.33,-0.13,0.48,4.06,805,948.0, , , , , , , ,725.2,725.11,1800.0,400.0, , , ,, , , , , , , 
09:53:22,-0.01,0.58,0.03,0.52,0.36,0.05,0.77,1.46,-0.12,0.45,4.05,1014,942.0, , , , , , , ,725.2,725.18,1800.0,100.0, , , ,, , , , , , , 
09:53:25,0.03,0.68,0.06,0.53,0.35,0.04,0.86,1.46,0.0,0.65,4.11,810,933.0, , , , , , , ,725.2,725.18,1800.0,300.0, , , ,, , , , , , , 
09:53:28,0.06,0.66,0.08,0.58,0.34,0.12,0.8,1.69,-0.02,0.62,4.16,781,926.0, , , , , , , ,725.2,725.18,1800.0,100.0, , , ,, , , , , , , 
09:53:31,0.11,0.78,0.16,0.75,0.18,0.16,1.02,1.34,0.01,0.57,4.37,882,939.0, , , , , , , ,725.41,725.2,100.0,2800.0, , , ,, , , , , , , 
09:53:34,0.09,0.73,0.13,0.73,0.18,0.13,0.89,1.2,0.0,0.58,4.67,742,930.0, , , , , , , ,725.41,725.2,100.0,3400.0, , , ,, , , , , , , 
09:53:37,-0.06,0.54,0.14,0.58,0.21,-0.16,0.56,1.25,-0.14,0.49,4.96,802,927.0, , , , , , , ,725.41,725.2,100.0,3100.0, , , ,, , , , , , , 
09:53:40,-0.25,0.36,-0.01,0.5,0.0,-0.21,0.38,1.0,-0.52,0.2,5.12,752,929.0, , , , , , , ,725.5,725.4,10743.0,100.0, , , ,, , , , , , , 
09:53:43,-0.26,0.44,-0.03,0.67,0.0,-0.24,0.47,1.04,-0.5,0.19,5.12,805,934.0, , , , , , , ,725.5,725.4,9774.0,1600.0, , , ,, , , , , , , 
09:53:46,-0.1,0.55,0.14,0.78,0.01,0.04,0.67,1.08,-0.47,0.2,5.15,803,927.0, , , , , , , ,725.49,725.4,200.0,2000.0, , , ,, , , , , , , 
09:53:49,-0.18,0.41,0.09,0.67,-0.01,-0.08,0.42,1.08,-0.56,0.13,5.16,773,922.0, , , , , , , ,725.49,725.4,200.0,1900.0, , , ,, , , , , , , 
09:53:52,-0.14,0.42,0.17,0.65,0.0,-0.0,0.56,1.1,-0.58,0.04,5.15,789,926.0, , , , , , , ,725.5,725.4,9174.0,2700.0, , , ,, , , , , , , 
09:53:55,0.02,0.57,0.25,0.69,-0.01,0.1,0.79,1.1,-0.3,0.22,5.19,818,919.0, , , , , , , ,725.5,725.4,8974.0,3100.0, , , ,, , , , , , , 
09:53:58,0.09,0.61,0.23,0.76,0.01,0.27,0.78,1.16,-0.22,0.3,5.36,1066,916.0, , , , , , , ,725.5,725.4,8574.0,3200.0, , , ,, , , , , , , 
09:54:01,-0.04,0.48,0.14,0.57,0.03,0.03,0.56,1.23,-0.29,0.33,5.62,872,927.0, , , , , , , ,725.49,725.4,100.0,1487.0, , , ,, , , , , , , 
09:54:04,-0.1,0.49,0.14,0.55,0.01,0.03,0.61,1.33,-0.48,0.3,5.81,810,924.0, , , , , , , ,725.5,725.4,8274.0,1487.0, , , ,, , , , , , , 
09:54:07,-0.1,0.53,0.13,0.68,0.18,-0.1,0.58,1.49,-0.34,0.32,6.01,861,934.0, , , , , , , ,725.49,725.42,300.0,100.0, , , ,, , , , , , , 
09:54:10,-0.16,0.49,0.15,0.68,0.38,-0.07,0.51,1.62,-0.57,0.28,5.98,880,928.0, , , , , , , ,725.49,725.42,200.0,200.0, , , ,, , , , , , , 
09:54:13,-0.16,0.47,0.14,0.66,0.59,-0.04,0.44,1.74,-0.57,0.32,6.06,969,939.0, , , , , , , ,725.5,725.42,7874.0,100.0, , , ,, , , , , , , 
09:54:16,-0.15,0.47,0.18,0.6,0.67,-0.0,0.58,1.83,-0.62,0.24,6.17,1518,936.0, , , , , , , ,725.5,725.42,7674.0,200.0, , , ,, , , , , , , 
09:54:19,-0.2,0.4,0.15,0.5,0.92,-0.12,0.45,1.85,-0.64,0.26,6.26,933,939.0, , , , , , , ,725.49,725.42,200.0,100.0, , , ,, , , , , , , 
09:54:22,-0.26,0.35,0.13,0.5,1.09,-0.12,0.39,1.9,-0.8,0.17,6.46,989,931.0, , , , , , , ,725.49,725.42,300.0,400.0, , , ,, , , , , , , 
09:54:25,-0.31,0.21,0.09,0.36,1.11,-0.29,0.12,1.82,-0.74,0.14,6.42,880,930.0, , , , , , , ,725.49,725.4,300.0,908.0, , , ,, , , , , , , 
09:54:28,-0.5,0.03,-0.04,0.18,1.37,-0.51,0.03,1.77,-0.96,-0.11,6.41,840,923.0, , , , , , , ,725.45,725.4,400.0,808.0, , , ,, , , , , , , 
09:54:31,-0.61,-0.06,-0.17,0.04,1.18,-0.68,-0.11,1.77,-0.98,-0.09,6.36,837,924.0, , , , , , , ,725.45,725.4,200.0,500.0, , , ,, , , , , , , 
09:54:34,-0.52,0.01,-0.15,0.14,0.99,-0.47,-0.06,1.73,-0.95,-0.04,6.27,815,921.0, , , , , , , ,725.5,725.41,4774.0,700.0, , , ,, , , , , , , 
09:54:37,-0.38,0.09,-0.09,0.21,1.05,-0.33,-0.01,1.81,-0.7,0.08,6.24,888,926.0, , , , , , , ,725.5,725.41,4974.0,800.0, , , ,, , , , , , , 
09:54:40,-0.35,0.25,-0.04,0.33,0.94,-0.15,0.26,1.83,-0.86,0.15,6.16,802,917.0, , , , , , , ,725.5,725.49,4974.0,1000.0, , , ,, , , , , , , 
09:54:43,-0.28,0.25,-0.06,0.25,1.1,-0.18,0.19,1.98,-0.59,0.32,6.26,900,930.0, , , , , , , ,725.41,725.4,300.0,300.0, , , ,, , , , , , , 
09:54:46,-0.38,0.25,-0.12,0.24,1.07,-0.19,0.21,1.89,-0.83,0.28,6.17,852,924.0, , , , , , , ,725.5,725.4,4974.0,300.0, , , ,, , , , , , , 
09:54:49,-0.37,0.21,-0.15,0.2,1.08,-0.27,0.12,1.95,-0.7,0.29,6.19,857,922.0, , , , , , , ,725.49,725.4,400.0,300.0, , , ,, , , , , , , 
09:54:52,-0.46,0.2,-0.13,0.22,1.1,-0.31,0.14,2.0,-0.94,0.24,6.17,860,918.0, , , , , , , ,725.49,725.41,200.0,100.0, , , ,, , , , , , , 
09:54:55,-0.41,0.17,-0.15,0.22,1.1,-0.32,0.06,2.04,-0.75,0.22,6.21,896,913.0, , , , , , , ,725.49,725.41,300.0,200.0, , , ,, , , , , , , 
09:54:58,-0.4,0.22,-0.1,0.3,1.16,-0.25,0.18,2.08,-0.87,0.2,6.25,825,907.0, , , , , , , ,725.49,725.41,200.0,200.0, , , ,, , , , , , , 
09:55:01,-0.26,0.3,-0.06,0.31,1.17,-0.16,0.3,2.16,-0.58,0.3,6.28,814,900.0, , , , , , , ,725.5,725.49,4474.0,300.0, , , ,, , , , , , , 
09:55:04,-0.25,0.38,-0.02,0.34,1.33,-0.09,0.46,2.35,-0.65,0.32,6.46,790,898.0, , , , , , , ,725.5,725.41,4274.0,100.0, , , ,, , , , , , , 
09:55:07,-0.25,0.31,-0.05,0.37,1.5,-0.17,0.26,2.57,-0.53,0.29,6.61,919,903.0, , , , , , , ,725.5,725.4,3574.0,581.0, , , ,, , , , , , , 
09:55:10,-0.28,0.45,-0.12,0.53,0.94,-0.07,0.5,1.96,-0.66,0.31,5.97,1018,942.0, , , , , , , ,726.5,725.41,474.0,100.0, , , ,, , , , , , , 
09:55:13,-0.24,0.55,-0.16,0.57,0.89,-0.1,0.59,1.79,-0.46,0.5,5.77,1188,940.0, , , , , , , ,726.66,725.49,100.0,26.0, , , ,, , , , , , , 
09:55:16,-0.4,0.6,-0.4,0.61,0.97,-0.15,0.76,1.78,-0.66,0.44,5.7,980,932.0, , , , , , , ,726.66,725.5,100.0,500.0, , , ,, , , , , , , 
09:55:19,-0.51,0.52,-0.43,0.77,1.57,-0.48,0.43,2.29,-0.63,0.35,6.15,976,924.0, , , , , , , ,725.82,725.5,200.0,400.0, , , ,, , , , , , , 
09:55:22,-0.59,0.56,-0.58,0.66,0.2,-0.45,0.73,0.93,-0.72,0.28,4.67,888,920.0, , , , , , , ,726.86,726.5,100.0,100.0, , , ,, , , , , , , 
09:55:25,-0.66,0.45,-0.68,0.5,0.27,-0.7,0.47,1.07,-0.62,0.37,4.8,952,911.0, , , , , , , ,726.65,726.5,100.0,100.0, , , ,, , , , , , , 
09:55:28,-0.68,0.39,-0.45,0.76,0.85,-0.62,0.29,1.74,-0.96,0.11,5.46,824,904.0, , , , , , , ,726.65,725.52,200.0,100.0, , , ,, , , , , , , 
09:55:31,-0.76,0.25,-0.66,0.72,0.53,-0.7,0.13,1.52,-0.93,-0.1,5.12,859,897.0, , , , , , , ,726.65,726.0,2200.0,1600.0, , , ,, , , , , , , 
09:55:34,-0.85,0.09,-0.64,0.47,0.81,-0.71,-0.01,1.92,-1.19,-0.2,5.38,902,898.0, , , , , , , ,726.25,726.0,500.0,2200.0, , , ,, , , , , , , 
09:55:37,-0.83,0.22,-0.6,0.74,0.84,-0.77,0.07,2.0,-1.11,-0.15,5.23,840,897.0, , , , , , , ,726.32,726.0,300.0,2200.0, , , ,, , , , , , , 
09:55:40,-0.81,0.22,-0.72,0.61,0.79,-0.65,0.1,2.01,-1.07,-0.04,4.93,813,890.0, , , , , , , ,726.5,726.0,500.0,2200.0, , , ,, , , , , , , 
09:55:43,-0.89,-0.05,-0.75,0.32,0.92,-0.89,-0.16,2.15,-1.03,-0.31,4.76,747,881.0, , , , , , , ,726.35,726.0,200.0,2200.0, , , ,, , , , , , , 
09:55:46,-0.78,-0.02,-0.54,0.46,0.79,-0.76,-0.16,2.08,-1.04,-0.35,4.39,758,876.0, , , , , , , ,726.49,726.0,100.0,3700.0, , , ,, , , , , , , 
09:55:49,-0.76,0.07,-0.6,0.43,0.83,-0.82,-0.01,2.12,-0.87,-0.2,4.18,732,870.0, , , , , , , ,726.5,726.0,1600.0,3800.0, , , ,, , , , , , , 
09:55:52,-0.77,-0.0,-0.64,0.35,0.9,-0.77,-0.09,2.2,-0.9,-0.27,4.0,732,872.0, , , , , , , ,726.5,726.0,1300.0,3600.0, , , ,, , , , , , , 
09:55:55,-0.79,-0.05,-0.61,0.25,0.93,-0.85,-0.03,2.63,-0.91,-0.36,3.92,716,863.0, , , , , , , ,726.5,726.0,1300.0,3600.0, , , ,, , , , , , , 
09:55:58,-0.8,-0.09,-0.62,0.23,0.97,-0.8,-0.04,3.06,-0.99,-0.46,3.83,847,855.0, , , , , , , ,726.5,726.0,1500.0,3500.0, , , ,, , , , , , , 
09:56:01,-0.84,-0.03,-0.7,0.17,0.9,-0.92,-0.06,3.23,-0.89,-0.22,3.42,713,861.0, , , , , , , ,726.5,726.32,200.0,200.0, , , ,, , , , , , , 
09:56:04,-0.8,-0.02,-0.7,0.11,0.97,-0.81,-0.03,3.34,-0.9,-0.15,3.21,728,852.0, , , , , , , ,726.5,726.41,200.0,200.0, , , ,, , , , , , , 
09:56:07,-0.69,0.01,-0.57,0.18,1.05,-0.73,-0.02,2.85,-0.78,-0.13,2.76,780,852.0, , , , , , , ,726.6,726.5,1400.0,1100.0, , , ,, , , , , , , 
09:56:10,-0.61,0.06,-0.54,0.21,0.89,-0.53,0.09,2.3,-0.77,-0.11,2.19,839,857.0, , , , , , , ,726.86,726.6,100.0,1000.0, , , ,, , , , , , , 
09:56:13,-0.49,0.26,-0.51,0.33,0.78,-0.42,0.32,1.89,-0.53,0.14,1.85,730,852.0, , , , , , , ,726.88,726.73,100.0,200.0, , , ,, , , , , , , 
09:56:16,-0.54,0.17,-0.62,0.2,0.78,-0.44,0.15,1.76,-0.57,0.15,1.6,764,853.0, , , , , , , ,726.88,726.73,300.0,100.0, , , ,, , , , , , , 
09:56:19,-0.85,-0.1,-0.73,0.01,0.71,-0.91,-0.11,1.79,-0.92,-0.21,1.52,810,846.0, , , , , , , ,726.88,726.73,300.0,100.0, , , ,, , , , , , , 
09:56:22,-0.93,-0.17,-0.7,0.07,0.79,-0.82,-0.09,1.85,-1.25,-0.48,1.5,710,842.0, , , , , , , ,726.97,726.6,300.0,100.0, , , ,, , , , , , , 
09:56:25,-0.84,-0.06,-0.71,0.09,0.58,-0.83,-0.12,1.71,-0.97,-0.16,1.25,710,834.0, , , , , , , ,726.97,726.89,300.0,100.0, , , ,, , , , , , , 
09:56:28,-0.86,-0.11,-0.64,0.22,1.1,-0.82,-0.11,2.28,-1.12,-0.44,1.75,843,837.0, , , , , , , ,726.6,726.5,200.0,2700.0, , , ,, , , , , , , 
09:56:31,-0.88,-0.24,-0.6,0.15,1.21,-0.84,-0.21,2.64,-1.18,-0.65,1.74,708,831.0, , , , , , , ,726.6,726.5,600.0,2680.0, , , ,, , , , , , , 
09:56:34,-0.93,-0.19,-0.62,0.09,0.98,-0.92,-0.14,2.61,-1.26,-0.52,1.4,993,866.0, , , , , , , ,727.0,726.6,19592.0,600.0, , , ,, , , , , , , 
09:56:37,-0.79,-0.05,-0.65,0.06,0.93,-0.8,-0.07,2.71,-0.92,-0.15,1.31,840,860.0, , , , , , , ,726.99,726.88,300.0,100.0, , , ,, , , , , , , 
09:56:40,-0.7,0.05,-0.57,0.22,1.27,-0.67,-0.0,3.28,-0.87,-0.06,1.73,1069,878.0, , , , , , , ,726.97,726.6,100.0,500.0, , , ,, , , , , , , 
09:56:43,-0.75,-0.08,-0.46,0.17,1.34,-0.87,-0.14,3.32,-0.91,-0.27,1.98,944,874.0, , , , , , , ,726.92,726.6,200.0,300.0, , , ,, , , , , , , 
09:56:46,-0.88,-0.21,-0.72,-0.08,1.21,-0.87,-0.18,3.19,-1.04,-0.37,2.02,1099,897.0, , , , , , , ,727.0,726.74,14092.0,66.0, , , ,, , , , , , , 
09:56:49,-0.82,-0.15,-0.68,-0.03,1.29,-0.88,-0.27,3.22,-0.9,-0.15,2.15,972,890.0, , , , , , , ,727.0,726.69,14092.0,100.0, , , ,, , , , , , , 
09:56:52,-0.83,-0.14,-0.71,-0.08,1.25,-0.87,-0.18,3.09,-0.9,-0.16,1.95,1038,892.0, , , , , , , ,727.0,726.88,14192.0,100.0, , , ,, , , , , , , 
09:56:55,-0.71,0.05,-0.59,0.1,1.65,-0.8,0.01,3.1,-0.74,0.04,1.83,1164,927.0, , , , , , , ,727.0,726.92,9892.0,100.0, , , ,, , , , , , , 
09:56:58,-0.27,0.4,-0.22,0.38,2.08,-0.29,0.58,3.27,-0.31,0.25,1.75,1455,974.0, , , , , , , ,727.0,726.92,3592.0,63.0, , , ,, , , , , , , 
09:57:01,-0.07,0.6,-0.04,0.64,2.47,-0.08,0.47,3.52,-0.08,0.67,1.68,1386,970.0, , , , , , , ,727.0,726.92,2092.0,263.0, , , ,, , , , , , , 
09:57:04,-0.24,0.56,-0.13,0.49,2.08,-0.24,0.62,3.16,-0.34,0.58,1.02,1583,1000.0, , , , , , , ,727.73,727.0,500.0,308.0, , , ,, , , , , , , 
09:57:07,-0.21,0.44,-0.05,0.57,1.73,-0.2,0.39,3.37,-0.38,0.36,0.95,1426,995.0, , , , , , , ,727.73,727.0,500.0,8.0, , , ,, , , , , , , 
09:57:10,-0.23,0.41,-0.06,0.63,1.15,-0.24,0.38,3.06,-0.39,0.24,0.6,1541,987.0, , , , , , , ,727.73,727.4,500.0,100.0, , , ,, , , , , , , 
09:57:13,-0.39,0.32,-0.2,0.51,1.34,-0.36,0.32,3.65,-0.6,0.13,1.04,1327,978.0, , , , , , , ,727.4,727.0,400.0,300.0, , , ,, , , , , , , 
09:57:16,-0.43,0.31,-0.26,0.46,0.99,-0.36,0.44,3.53,-0.65,0.04,0.8,1362,981.0, , , , , , , ,727.73,727.0,200.0,600.0, , , ,, , , , , , , 
09:57:19,-0.46,0.19,-0.24,0.48,1.02,-0.5,0.19,3.62,-0.64,-0.11,0.76,1298,974.0, , , , , , , ,727.72,727.0,200.0,600.0, , , ,, , , , , , , 
09:57:22,-0.54,0.09,-0.28,0.41,1.06,-0.64,0.22,3.82,-0.7,-0.35,0.71,1276,973.0, , , , , , , ,727.72,727.0,300.0,399.0, , , ,, , , , , , , 
09:57:25,-0.61,-0.05,-0.42,0.24,1.14,-0.69,0.07,3.79,-0.73,-0.47,0.65,1219,965.0, , , , , , , ,727.69,727.0,500.0,199.0, , , ,, , , , , , , 
09:57:28,-0.83,-0.09,-0.56,0.2,1.19,-0.82,0.04,3.75,-1.11,-0.51,0.58,1206,965.0, , , , , , , ,727.69,726.99,101.0,79.0, , , ,, , , , , , , 
09:57:31,-0.57,0.02,-0.45,0.28,1.53,-0.47,0.02,3.69,-0.78,-0.22,0.51,1219,961.0, , , , , , , ,727.72,727.0,101.0,200.0, , , ,, , , , , , , 
09:57:34,-0.41,0.16,-0.24,0.35,1.43,-0.33,0.16,3.22,-0.67,-0.05,0.09,1223,952.0, , , , , , , ,727.72,727.6,1.0,4000.0, , , ,, , , , , , , 
09:57:37,-0.3,0.27,-0.19,0.48,1.65,-0.22,0.21,3.13,-0.5,0.11,0.06,1427,942.0, , , , , , , ,727.72,727.69,200.0,100.0, , , ,, , , , , , , 
09:57:40,-0.25,0.46,-0.08,0.64,1.98,-0.15,0.48,3.06,-0.53,0.24,0.06,1101,943.0, , , , , , , ,727.74,727.72,500.0,200.0, , , ,, , , , , , , 
09:57:43,-0.17,0.5,0.0,0.77,1.97,-0.04,0.45,3.02,-0.46,0.28,-0.01,1029,940.0, , , , , , , ,727.76,727.72,100.0,100.0, , , ,, , , , , , , 
09:57:46,-0.19,0.48,-0.03,0.73,1.94,-0.02,0.42,2.96,-0.52,0.28,-0.14,988,932.0, , , , , , , ,727.81,727.73,200.0,100.0, , , ,, , , , , , , 
09:57:49,-0.11,0.48,0.03,0.72,1.96,0.09,0.42,2.98,-0.45,0.31,-0.23,989,926.0, , , , , , , ,727.81,727.72,100.0,300.0, , , ,, , , , , , , 
09:57:52,0.0,0.66,0.12,0.83,1.82,0.18,0.72,2.84,-0.29,0.43,-0.41,921,920.0, , , , , , , ,727.99,727.73,100.0,100.0, , , ,, , , , , , , 
09:57:55,0.13,0.62,0.16,0.82,1.68,0.32,0.69,2.69,-0.1,0.34,-0.65,915,915.0, , , , , , , ,728.0,727.99,6500.0,900.0, , , ,, , , , , , , 
09:57:58,-0.05,0.56,0.03,0.72,0.44,-0.02,0.66,1.33,-0.17,0.31,-2.08,1355,1002.0, , , , , , , ,729.03,729.0,100.0,100.0, , , ,, , , , , , , 
09:58:01,-0.02,0.67,0.08,0.77,0.69,-0.14,0.64,1.42,0.01,0.61,-2.15,1353,992.0, , , , , , , ,729.03,729.0,2200.0,300.0, , , ,, , , , , , , 
09:58:04,-0.25,0.63,-0.39,0.69,0.9,-0.32,0.57,1.55,-0.03,0.62,-2.25,1345,996.0, , , , , , , ,729.02,729.0,1600.0,300.0, , , ,, , , , , , , 
09:58:07,-0.36,0.77,-0.25,1.23,1.84,-0.36,0.63,2.43,-0.49,0.47,-1.56,1262,991.0, , , , , , , ,728.95,728.0,2300.0,200.0, , , ,, , , , , , , 
09:58:10,-0.31,1.08,-0.2,1.41,2.47,-0.34,1.25,3.16,-0.39,0.59,-0.95,1208,985.0, , , , , , , ,728.0,727.99,400.0,1000.0, , , ,, , , , , , , 
09:58:13,-0.32,1.09,-0.04,1.36,2.38,-0.5,1.15,2.93,-0.43,0.75,-1.18,1194,977.0, , , , , , , ,728.26,728.0,200.0,400.0, , , ,, , , , , , , 
09:58:16,-0.46,0.98,-0.15,1.22,2.5,-0.68,1.15,2.9,-0.54,0.55,-1.16,1151,971.0, , , , , , , ,728.22,728.0,200.0,100.0, , , ,, , , , , , , 
09:58:19,-0.39,0.77,-0.16,0.9,2.59,-0.55,1.07,2.76,-0.47,0.35,-1.16,1170,963.0, , , , , , , ,728.22,727.99,1100.0,600.0, , , ,, , , , , , , 
09:58:22,-0.49,0.54,-0.28,0.78,2.85,-0.61,0.67,2.77,-0.59,0.17,-1.09,1082,963.0, , , , , , , ,728.22,727.91,1100.0,100.0, , , ,, , , , , , , 
09:58:25,-0.56,0.37,-0.36,0.64,2.56,-0.68,0.43,2.5,-0.65,0.05,-1.11,1106,966.0, , , , , , , ,728.26,728.22,100.0,1100.0, , , ,, , , , , , , 
09:58:28,-0.55,0.35,-0.42,0.62,2.46,-0.68,0.3,2.43,-0.54,0.12,-0.95,1168,957.0, , , , , , , ,728.3,728.26,100.0,500.0, , , ,, , , , , , , 
09:58:31,-0.43,0.39,-0.3,0.61,2.49,-0.61,0.49,2.5,-0.38,0.07,-0.66,1044,956.0, , , , , , , ,728.23,728.22,18.0,500.0, , , ,, , , , , , , 
09:58:34,-0.78,0.05,-0.8,0.08,1.17,-0.82,0.21,1.21,-0.72,-0.13,-1.71,1137,961.0, , , , , , , ,729.3,729.0,100.0,600.0, , , ,, , , , , , , 
09:58:37,-0.78,0.07,-0.72,0.14,1.17,-0.96,0.16,1.15,-0.67,-0.09,-1.77,1134,953.0, , , , , , , ,729.25,729.0,100.0,400.0, , , ,, , , , , , , 
09:58:40,-0.51,0.22,-0.48,0.39,1.15,-0.69,0.26,0.97,-0.35,0.01,-2.0,1030,948.0, , , , , , , ,729.25,729.0,100.0,2100.0, , , ,, , , , , , , 
09:58:43,-0.56,0.29,-0.48,0.39,0.92,-0.68,0.38,0.49,-0.52,0.09,-2.3,1045,942.0, , , , , , , ,729.3,729.25,400.0,200.0, , , ,, , , , , , , 
09:58:46,-0.55,0.18,-0.45,0.33,1.06,-0.69,0.26,0.39,-0.5,-0.03,-2.25,951,936.0, , , , , , , ,729.3,729.0,300.0,2100.0, , , ,, , , , , , , 
09:58:49,-0.47,0.39,-0.21,0.59,1.01,-0.7,0.38,0.11,-0.49,0.2,-2.31,981,938.0, , , , , , , ,729.4,729.0,700.0,2170.0, , , ,, , , , , , , 
09:58:52,-0.26,0.49,-0.1,0.62,1.08,-0.53,0.63,0.03,-0.15,0.22,-2.08,1021,952.0, , , , , , , ,729.25,729.02,200.0,200.0, , , ,, , , , , , , 
09:58:55,-0.42,0.46,-0.18,0.64,0.95,-0.64,0.59,-0.22,-0.43,0.14,-2.15,1084,947.0, , , , , , , ,729.28,729.25,500.0,300.0, , , ,, , , , , , , 
09:58:58,-0.31,0.53,-0.08,0.69,0.98,-0.47,0.63,-0.33,-0.38,0.27,-2.01,1037,952.0, , , , , , , ,729.28,729.25,200.0,1900.0, , , ,, , , , , , , 
09:59:01,-0.27,0.64,-0.01,0.67,0.52,-0.45,0.63,-1.06,-0.34,0.62,-2.46,1389,959.0, , , , , , , ,729.84,729.5,200.0,500.0, , , ,, , , , , , , 
09:59:04,-0.21,0.46,-0.03,0.56,0.36,-0.42,0.35,-1.5,-0.18,0.47,-2.64,1042,954.0, , , , , , , ,729.88,729.87,300.0,100.0, , , ,, , , , , , , 
09:59:07,-0.23,0.51,-0.09,0.7,0.55,-0.39,0.41,-1.75,-0.22,0.42,-2.58,1215,951.0, , , , , , , ,729.88,729.8,300.0,100.0, , , ,, , , , , , , 
09:59:10,0.01,1.01,0.16,1.13,0.56,-0.08,0.91,-2.15,-0.04,0.98,-2.67,1285,1000.0, , , , , , , ,730.27,729.5,200.0,100.0, , , ,, , , , , , , 
09:59:13,-0.11,0.88,0.26,0.93,0.95,-0.24,0.92,-1.94,-0.34,0.79,-2.3,1453,995.0, , , , , , , ,729.84,729.3,300.0,600.0, , , ,, , , , , , , 
09:59:16,-0.02,0.79,0.23,0.86,0.12,-0.1,0.89,-2.96,-0.18,0.63,-3.23,1217,997.0, , , , , , , ,730.27,730.0,100.0,4800.0, , , ,, , , , , , , 
09:59:19,-0.2,0.65,0.13,0.72,-0.02,-0.27,0.98,-3.05,-0.47,0.26,-3.4,1353,1011.0, , , , , , , ,730.27,730.0,200.0,4000.0, , , ,, , , , , , , 
09:59:22,-0.45,0.3,-0.14,0.48,-0.09,-0.6,0.36,-3.1,-0.62,0.08,-3.51,1584,1009.0, , , , , , , ,730.27,730.01,200.0,700.0, , , ,, , , , , , , 
09:59:25,-0.51,0.31,-0.12,0.53,-0.1,-0.74,0.24,-3.16,-0.67,0.17,-3.59,1655,1009.0, , , , , , , ,730.27,730.01,100.0,300.0, , , ,, , , , , , , 
09:59:28,-0.6,0.09,-0.23,0.28,0.07,-0.79,0.03,-2.99,-0.79,-0.04,-3.41,1230,1007.0, , , , , , , ,730.01,730.0,400.0,3800.0, , , ,, , , , , , , 
09:59:31,-0.71,-0.02,-0.34,0.07,0.06,-0.95,0.02,-3.0,-0.83,-0.16,-3.32,1500,1010.0, , , , , , , ,730.01,730.0,1400.0,3200.0, , , ,, , , , , , , 
09:59:34,-0.89,-0.24,-0.71,-0.23,0.05,-0.99,-0.32,-3.0,-0.97,-0.18,-3.37,1286,1025.0, , , , , , , ,730.01,730.0,1300.0,800.0, , , ,, , , , , , , 
09:59:37,-0.93,-0.27,-0.74,-0.23,-0.05,-1.12,-0.49,-2.9,-0.92,-0.09,-3.44,1276,1029.0, , , , , , , ,730.09,729.9,300.0,100.0, , , ,, , , , , , , 
09:59:40,-1.09,-0.36,-0.81,-0.32,-0.13,-1.29,-0.5,-2.58,-1.17,-0.25,-3.42,1222,1022.0, , , , , , , ,729.98,729.87,100.0,100.0, , , ,, , , , , , , 
09:59:43,-1.0,-0.33,-0.79,-0.36,-0.4,-1.1,-0.38,-2.36,-1.1,-0.24,-3.56,1278,1016.0, , , , , , , ,729.98,729.86,100.0,200.0, , , ,, , , , , , , 
09:59:46,-0.89,-0.25,-0.74,-0.32,-0.69,-1.05,-0.35,-2.17,-0.88,-0.07,-3.65,1167,1011.0, , , , , , , ,730.0,729.86,500.0,200.0, , , ,, , , , , , , 
09:59:49,-0.83,-0.26,-0.66,-0.27,-0.9,-1.07,-0.46,-2.09,-0.75,-0.04,-3.71,1190,1007.0, , , , , , , ,730.0,729.87,700.0,100.0, , , ,, , , , , , , 
09:59:52,-0.83,-0.28,-0.66,-0.25,-1.08,-1.06,-0.48,-2.18,-0.76,-0.12,-3.86,1102,1001.0, , , , , , , ,730.0,729.9,800.0,100.0, , , ,, , , , , , , 
09:59:55,-0.75,-0.18,-0.7,-0.16,-1.09,-0.93,-0.25,-2.21,-0.64,-0.15,-4.01,1183,1005.0, , , , , , , ,730.0,729.8,600.0,300.0, , , ,, , , , , , , 
09:59:58,-0.5,0.02,-0.38,0.03,-1.37,-0.67,0.03,-2.46,-0.46,0.0,-4.21,1210,1017.0, , , , , , , ,730.06,730.0,200.0,3071.0, , , ,, , , , , , , 
10:00:01,-0.25,0.16,-0.0,0.22,-1.58,-0.59,0.13,-2.56,-0.16,0.14,-4.24,1171,1018.0, , , , , , , ,730.1,730.0,1200.0,2871.0, , , ,, , , , , , , 
10:00:04,-0.51,-0.0,-0.41,-0.04,-1.96,-0.78,-0.09,-2.88,-0.33,0.12,-4.44,1305,1047.0, , , , , , , ,730.43,730.0,100.0,671.0, , , ,, , , , , , , 
10:00:07,-0.43,0.06,-0.23,0.12,-2.33,-0.76,-0.01,-3.02,-0.3,0.07,-4.56,1346,1042.0, , , , , , , ,730.43,730.1,100.0,200.0, , , ,, , , , , , , 
10:00:10,-0.24,0.12,-0.05,0.14,-2.92,-0.51,0.09,-3.36,-0.17,0.12,-4.94,1263,1034.0, , , , , , , ,730.47,730.43,100.0,100.0, , , ,, , , , , , , 
10:00:13,-0.53,0.05,-0.26,0.07,-2.85,-0.78,-0.02,-3.12,-0.54,0.1,-4.85,1202,1031.0, , , , , , , ,730.47,730.0,100.0,3271.0, , , ,, , , , , , , 
10:00:16,-0.65,-0.1,-0.45,-0.07,-2.92,-0.79,-0.15,-2.95,-0.71,-0.07,-4.75,1167,1022.0, , , , , , , ,730.2,730.0,1200.0,3271.0, , , ,, , , , , , , 
10:00:19,-0.77,-0.27,-0.67,-0.22,-3.0,-0.84,-0.25,-3.0,-0.8,-0.36,-4.83,1139,1017.0, , , , , , , ,730.2,730.0,2000.0,3071.0, , , ,, , , , , , , 
10:00:22,-0.77,-0.35,-0.69,-0.26,-2.98,-0.8,-0.35,-2.98,-0.83,-0.45,-4.75,1104,1009.0, , , , , , , ,730.1,730.0,300.0,3171.0, , , ,, , , , , , , 
10:00:25,-0.82,-0.32,-0.73,-0.29,-3.04,-0.89,-0.47,-3.07,-0.83,-0.2,-4.66,1802,1007.0, , , , , , , ,730.1,730.01,700.0,100.0, , , ,, , , , , , , 
10:00:28,-0.89,-0.38,-0.75,-0.33,-3.04,-1.02,-0.56,-3.13,-0.91,-0.25,-4.61,993,1000.0, , , , , , , ,730.1,730.0,4000.0,7771.0, , , ,, , , , , , , 
10:00:31,-0.86,-0.44,-0.83,-0.32,-3.06,-0.92,-0.51,-3.19,-0.82,-0.48,-4.44,1076,994.0, , , , , , , ,730.1,730.0,4500.0,7571.0, , , ,, , , , , , , 
10:00:34,-0.9,-0.4,-0.78,-0.33,-3.02,-1.0,-0.49,-3.16,-0.91,-0.38,-4.33,1183,1029.0, , , , , , , ,730.05,730.0,600.0,3471.0, , , ,, , , , , , , 
10:00:37,-1.12,-0.57,-1.01,-0.51,-2.92,-1.31,-0.59,-3.12,-1.03,-0.6,-4.21,1146,1024.0, , , , , , , ,730.04,730.0,700.0,3171.0, , , ,, , , , , , , 
10:00:40,-1.2,-0.7,-1.01,-0.59,-2.35,-1.37,-0.74,-2.71,-1.21,-0.77,-3.71,1312,1060.0, , , , , , , ,729.8,729.7,100.0,100.0, , , ,, , , , , , , 
10:00:43,-1.16,-0.7,-1.05,-0.55,-1.82,-1.19,-0.73,-2.45,-1.23,-0.81,-3.37,1387,1073.0, , , , , , , ,729.8,729.25,200.0,600.0, , , ,, , , , , , , 
10:00:46,-1.21,-0.53,-1.07,-0.32,-1.22,-1.3,-0.61,-2.13,-1.26,-0.66,-3.07,1422,1085.0, , , , , , , ,729.25,729.2,1100.0,100.0, , , ,, , , , , , , 
10:00:49,-1.22,-0.54,-1.09,-0.34,-1.12,-1.23,-0.67,-2.23,-1.34,-0.62,-3.35,1463,1083.0, , , , , , , ,729.25,729.2,3100.0,300.0, , , ,, , , , , , , 
10:00:52,-1.15,-0.51,-0.93,-0.17,-1.08,-1.13,-0.61,-2.17,-1.38,-0.75,-3.23,1438,1076.0, , , , , , , ,729.2,729.09,400.0,200.0, , , ,, , , , , , , 
10:00:55,-1.03,-0.39,-0.92,-0.03,-1.04,-1.01,-0.56,-2.08,-1.17,-0.56,-3.0,1303,1070.0, , , , , , , ,729.09,729.0,100.0,570.0, , , ,, , , , , , , 
10:00:58,-0.92,-0.14,-0.83,0.13,-1.03,-0.98,-0.21,-2.06,-0.96,-0.32,-2.81,1348,1068.0, , , , , , , ,729.0,728.98,330.0,200.0, , , ,, , , , , , , 
10:01:01,-0.98,-0.28,-0.88,-0.08,-1.03,-1.08,-0.3,-2.03,-0.97,-0.46,-2.43,1351,1062.0, , , , , , , ,728.99,728.87,1100.0,100.0, , , ,, , , , , , , 
10:01:04,-0.89,-0.31,-0.73,-0.12,-0.71,-0.99,-0.3,-1.72,-0.95,-0.5,-2.08,1209,1054.0, , , , , , , ,728.99,728.26,1200.0,200.0, , , ,, , , , , , , 
10:01:07,-0.79,-0.17,-0.67,-0.01,-0.73,-0.87,-0.03,-1.72,-0.83,-0.48,-1.88,1202,1048.0, , , , , , , ,728.99,728.19,1200.0,100.0, , , ,, , , , , , , 
10:01:10,-0.62,-0.01,-0.47,0.17,-0.14,-0.68,0.13,-1.1,-0.72,-0.32,-1.04,1147,1041.0, , , , , , , ,728.19,728.01,100.0,200.0, , , ,, , , , , , , 
10:01:13,-0.5,0.09,-0.27,0.28,0.0,-0.59,0.23,-0.93,-0.65,-0.25,-0.98,1109,1034.0, , , , , , , ,728.0,727.91,800.0,100.0, , , ,, , , , , , , 
10:01:16,-0.45,0.19,-0.31,0.26,-0.01,-0.42,0.41,-0.95,-0.61,-0.11,-1.04,1133,1026.0, , , , , , , ,728.0,727.91,700.0,100.0, , , ,, , , , , , , 
10:01:19,-0.5,0.18,-0.42,0.34,0.07,-0.5,0.19,-0.82,-0.59,0.03,-1.19,1191,1020.0, , , , , , , ,728.0,727.72,600.0,2700.0, , , ,, , , , , , , 
10:01:22,-0.56,0.16,-0.41,0.49,0.02,-0.55,0.06,-0.82,-0.73,-0.06,-1.45,1008,1012.0, , , , , , , ,728.0,727.72,700.0,2600.0, , , ,, , , , , , , 
10:01:25,-0.56,0.12,-0.51,0.42,0.0,-0.54,-0.06,-0.54,-0.65,-0.0,-0.93,1032,1002.0, , , , , , , ,727.91,727.72,200.0,2600.0, , , ,, , , , , , , 
10:01:28,-0.44,0.19,-0.35,0.42,-0.07,-0.39,0.17,-0.32,-0.58,-0.02,-0.61,1018,994.0, , , , , , , ,727.91,727.72,600.0,2600.0, , , ,, , , , , , , 
10:01:31,-0.44,0.16,-0.29,0.51,-0.12,-0.4,0.02,-0.1,-0.62,-0.03,-0.49,907,990.0, , , , , , , ,727.91,727.72,500.0,2353.0, , , ,, , , , , , , 
10:01:34,-0.44,0.34,-0.25,0.62,-0.13,-0.43,0.34,0.12,-0.65,0.06,-0.19,897,983.0, , , , , , , ,727.91,727.72,600.0,2453.0, , , ,, , , , , , , 
10:01:37,-0.46,0.31,-0.24,0.58,-0.1,-0.51,0.24,0.03,-0.63,0.11,-0.02,1258,973.0, , , , , , , ,727.91,727.72,1000.0,2453.0, , , ,, , , , , , , 
10:01:40,-0.21,0.43,-0.02,0.58,-0.44,-0.18,0.57,-0.57,-0.42,0.13,-0.1,859,978.0, , , , , , , ,728.26,727.91,200.0,6400.0, , , ,, , , , , , , 
10:01:43,-0.19,0.73,-0.3,0.94,-0.97,-0.07,0.83,-1.17,-0.22,0.44,-0.11,975,988.0, , , , , , , ,728.98,727.91,4500.0,6600.0, , , ,, , , , , , , 
10:01:46,-0.17,0.89,-0.39,1.02,-1.06,-0.02,1.0,-1.28,-0.11,0.66,0.23,1114,996.0, , , , , , , ,728.88,728.0,300.0,100.0, , , ,, , , , , , , 
10:01:49,-0.26,0.9,-0.2,1.08,-1.09,-0.33,0.75,-1.22,-0.24,0.87,0.28,940,986.0, , , , , , , ,728.79,728.0,500.0,200.0, , , ,, , , , , , , 
10:01:52,-0.51,0.82,-0.36,1.0,-1.09,-0.55,0.9,-1.02,-0.61,0.56,0.34,1048,1003.0, , , , , , , ,728.8,727.91,500.0,2400.0, , , ,, , , , , , , 
10:01:55,-0.42,0.69,-0.15,1.0,-0.98,-0.5,0.65,-0.75,-0.62,0.41,0.5,986,993.0, , , , , , , ,728.49,728.0,500.0,1500.0, , , ,, , , , , , , 
10:01:58,-0.4,0.68,-0.1,0.97,-0.92,-0.48,0.8,-0.51,-0.62,0.28,0.6,1010,989.0, , , , , , , ,728.34,728.0,1100.0,900.0, , , ,, , , , , , , 
10:02:01,-0.32,0.64,-0.05,0.94,-0.99,-0.37,0.63,-0.41,-0.55,0.35,0.6,1172,1002.0, , , , , , , ,728.34,728.0,900.0,200.0, , , ,, , , , , , , 
10:02:04,-0.44,0.47,-0.22,0.82,-1.04,-0.47,0.45,-0.25,-0.63,0.15,0.64,1038,993.0, , , , , , , ,728.26,728.0,200.0,300.0, , , ,, , , , , , , 
10:02:07,-0.39,0.37,-0.1,0.78,-0.86,-0.39,0.28,-0.0,-0.67,0.06,0.92,937,989.0, , , , , , , ,728.0,727.92,200.0,100.0, , , ,, , , , , , , 
10:02:10,-0.36,0.51,-0.11,0.81,-0.9,-0.35,0.55,-0.04,-0.63,0.18,1.2,928,984.0, , , , , , , ,728.0,727.92,100.0,100.0, , , ,, , , , , , , 
10:02:13,-0.34,0.47,-0.16,0.69,-0.93,-0.32,0.47,-0.08,-0.54,0.26,1.39,919,979.0, , , , , , , ,727.99,727.91,200.0,1500.0, , , ,, , , , , , , 
10:02:16,-0.38,0.35,-0.18,0.5,-0.95,-0.4,0.36,-0.25,-0.55,0.18,1.48,911,974.0, , , , , , , ,728.0,727.92,5000.0,100.0, , , ,, , , , , , , 
10:02:19,-0.49,0.18,-0.27,0.28,-0.9,-0.43,0.15,-0.36,-0.78,0.12,1.53,875,968.0, , , , , , , ,727.92,727.91,800.0,1500.0, , , ,, , , , , , , 
10:02:22,-0.56,0.07,-0.33,0.21,-0.76,-0.51,-0.06,-0.33,-0.83,0.06,1.55,1043,984.0, , , , , , , ,727.91,727.72,600.0,1653.0, , , ,, , , , , , , 
10:02:25,-0.68,-0.08,-0.52,0.02,-0.54,-0.71,-0.11,-0.41,-0.81,-0.16,1.55,1164,995.0, , , , , , , ,727.91,727.72,100.0,166.0, , , ,, , , , , , , 
10:02:28,-0.82,-0.25,-0.58,0.0,-0.17,-0.87,-0.31,-0.27,-1.01,-0.45,1.75,1037,988.0, , , , , , , ,727.72,727.7,34.0,100.0, , , ,, , , , , , , 
10:02:31,-0.7,-0.18,-0.41,0.0,0.05,-0.66,-0.2,-0.17,-1.03,-0.33,1.85,1221,981.0, , , , , , , ,727.72,727.7,100.0,200.0, , , ,, , , , , , , 
10:02:34,-0.62,0.03,-0.45,0.2,0.34,-0.58,0.03,-0.15,-0.84,-0.13,1.9,928,976.0, , , , , , , ,727.72,727.6,400.0,100.0, , , ,, , , , , , , 
10:02:37,-0.64,-0.07,-0.61,-0.01,0.04,-0.54,-0.02,-0.43,-0.79,-0.18,1.66,884,970.0, , , , , , , ,727.9,727.7,334.0,100.0, , , ,, , , , , , , 
10:02:40,-0.71,-0.03,-0.6,0.05,-0.2,-0.63,-0.03,-0.52,-0.9,-0.09,1.62,883,960.0, , , , , , , ,727.9,727.72,334.0,200.0, , , ,, , , , , , , 
10:02:43,-0.77,-0.11,-0.65,-0.09,-0.29,-0.63,-0.08,-0.66,-1.03,-0.17,1.6,818,954.0, , , , , , , ,727.9,727.7,334.0,100.0, , , ,, , , , , , , 
10:02:46,-0.79,-0.14,-0.66,0.05,-0.04,-0.66,-0.21,-0.36,-1.05,-0.26,1.92,918,965.0, , , , , , , ,727.7,727.37,100.0,300.0, , , ,, , , , , , , 
10:02:49,-0.83,-0.27,-0.7,-0.14,-0.04,-0.89,-0.2,-0.42,-0.9,-0.46,1.87,854,955.0, , , , , , , ,727.7,727.37,300.0,300.0, , , ,, , , , , , , 
10:02:52,-0.78,-0.24,-0.56,0.01,0.11,-0.7,-0.19,-0.56,-1.07,-0.53,1.75,867,946.0, , , , , , , ,727.7,727.37,200.0,300.0, , , ,, , , , , , , 
10:02:55,-0.76,-0.11,-0.53,-0.01,0.09,-0.61,-0.1,-0.91,-1.14,-0.22,1.54,805,940.0, , , , , , , ,727.9,727.37,434.0,200.0, , , ,, , , , , , , 
10:02:58,-0.84,-0.1,-0.54,0.05,0.54,-0.75,-0.02,-0.62,-1.23,-0.33,1.86,793,934.0, , , , , , , ,727.71,727.1,200.0,900.0, , , ,, , , , , , , 
10:03:01,-0.66,-0.14,-0.6,-0.06,0.65,-0.64,0.03,-0.61,-0.75,-0.38,1.81,1084,927.0, , , , , , , ,727.43,727.37,200.0,100.0, , , ,, , , , , , , 
10:03:04,-0.68,-0.06,-0.66,0.04,0.8,-0.51,0.08,-0.53,-0.89,-0.3,1.8,837,940.0, , , , , , , ,727.37,727.36,200.0,200.0, , , ,, , , , , , , 
10:03:07,-0.65,-0.06,-0.61,0.1,0.89,-0.47,0.01,-0.53,-0.87,-0.28,1.95,1146,936.0, , , , , , , ,727.43,727.2,1900.0,100.0, , , ,, , , , , , , 
10:03:10,-0.7,-0.14,-0.54,0.01,0.92,-0.58,-0.14,-0.58,-0.98,-0.31,1.8,939,931.0, , , , , , , ,727.42,727.11,500.0,100.0, , , ,, , , , , , , 
10:03:13,-0.59,-0.14,-0.52,-0.07,0.86,-0.47,-0.13,-0.79,-0.78,-0.23,1.71,899,924.0, , , , , , , ,727.33,727.2,200.0,1000.0, , , ,, , , , , , , 
10:03:16,-0.5,0.07,-0.41,0.09,0.71,-0.36,0.15,-0.87,-0.72,-0.02,1.67,761,917.0, , , , , , , ,727.33,727.2,100.0,2000.0, , , ,, , , , , , , 
10:03:19,-0.41,0.06,-0.36,0.07,0.54,-0.19,0.18,-0.95,-0.67,-0.07,1.4,700,910.0, , , , , , , ,727.33,727.2,2500.0,2000.0, , , ,, , , , , , , 
10:03:22,-0.55,0.01,-0.42,-0.0,0.43,-0.43,0.16,-0.94,-0.81,-0.14,1.43,713,908.0, , , , , , , ,727.33,727.2,2500.0,1100.0, , , ,, , , , , , , 
10:03:25,-0.51,-0.01,-0.37,-0.01,0.33,-0.44,0.22,-0.85,-0.71,-0.23,1.44,720,901.0, , , , , , , ,727.33,727.22,2400.0,600.0, , , ,, , , , , , , 
10:03:28,-0.63,0.17,-0.48,0.24,-0.53,-0.51,0.33,-1.68,-0.88,-0.06,0.52,899,940.0, , , , , , , ,727.91,727.9,5000.0,4137.0, , , ,, , , , , , , 
10:03:31,-0.39,0.52,-0.36,0.67,-0.44,-0.3,0.68,-1.5,-0.49,0.2,0.55,974,957.0, , , , , , , ,727.91,727.9,3200.0,4037.0, , , ,, , , , , , , 
10:03:34,-0.21,0.83,-0.36,0.87,-0.48,0.01,0.93,-1.43,-0.28,0.69,0.38,1040,966.0, , , , , , , ,727.91,727.9,2000.0,3437.0, , , ,, , , , , , , 
10:03:37,-0.3,0.81,-0.4,0.85,-0.57,-0.17,0.8,-1.31,-0.32,0.76,-0.03,1213,1003.0, , , , , , , ,727.91,727.9,600.0,237.0, , , ,, , , , , , , 
