tick_time,bid,ask,bid 20,ask 20,la 20,bid 40,ask 40,la 40,bid 100,ask 100,la 100,order,price,avePrice,trans,net,profit,profit_rate,askp0,bidp0,askv0,bidv0,is_mocked,order_time,exchange_time,orderSide,new_order_status,reason,order_status,earn,cost
09:30:16, , , , ,3.18, , ,4.16, , ,2.53, , , , , , , ,736.27,736.14,500.0,1400.0, , , ,, , , , , 
09:30:19, , , , ,3.14, , ,4.3, , ,2.93, , , , , , , ,736.26,736.15,500.0,500.0, , , ,, , , , , 
09:30:22, , , , ,2.88, , ,3.98, , ,2.95, , , , , , , ,736.79,736.18,100.0,500.0, , , ,, , , , , 
09:30:25, , , , ,1.54, , ,2.86, , ,2.1, , , , , , , ,737.99,736.79,1700.0,1800.0, , , ,, , , , , 
09:30:28, , , , ,0.45, , ,2.04, , ,1.33, , , , , , , ,738.0,737.99,1200.0,600.0, , , ,, , , , , 
09:30:31, , , , ,1.05, , ,2.81, , ,2.16, , , , , , , ,738.0,736.79,300.0,200.0, , , ,, , , , , 
09:30:34, , , , ,1.17, , ,2.98, , ,2.26, , , , , , , ,737.99,736.42,400.0,100.0, , , ,, , , , , 
09:30:37, , , , ,-0.85, , ,0.91, , ,0.04, , , , , , , ,738.96,738.32,100.0,100.0, , , ,, , , , , 
09:30:40, , , , ,-0.85, , ,0.65, , ,-0.26, , , , , , , ,738.99,738.32,200.0,200.0, , , ,, , , , , 
09:30:43, , , , ,-0.09, , ,1.12, , ,0.14, , , , , , , ,738.32,738.0,100.0,20.0, , , ,, , , , , 
09:30:46, , , , ,-0.41, , ,0.42, , ,-0.42, , , , , , , ,738.97,738.0,300.0,1000.0, , , ,, , , , , 
09:30:49, , , , ,-0.3, , ,0.17, , ,-0.43, , , , , , , ,738.97,738.0,500.0,1000.0, , , ,, , , , , 
09:30:52, , , , ,-0.16, , ,-0.1, , ,-0.48, , , , , , , ,738.97,738.06,400.0,300.0, , , ,, , , , , 
09:30:55, , , , ,0.3, , ,-0.21, , ,-0.18, , , , , , , ,738.48,738.06,100.0,1000.0, , , ,, , , , , 
09:30:58, , , , ,0.42, , ,-0.59, , ,-0.24, , , , , , , ,738.48,738.07,300.0,500.0, , , ,, , , , , 
09:31:01, , , , ,0.58, , ,-1.07, , ,-0.32, , , , , , , ,738.48,738.07,200.0,200.0, , , ,, , , , , 
09:31:04, , , , ,0.69, , ,-1.45, , ,-0.47, , , , , , , ,738.48,738.07,100.0,400.0, , , ,, , , , , 
09:31:07, , , , ,0.19, , ,-2.38, , ,-1.23, , , , , , , ,738.96,738.51,200.0,300.0, , , ,, , , , , 
09:31:10, , , , ,0.4, , ,-2.63, , ,-1.34, , , , , , , ,738.95,738.51,200.0,400.0, , , ,, , , , , 
09:31:13, , , , ,1.48, , ,-1.87, , ,-0.48, , , , , , , ,738.06,738.0,100.0,1200.0, , , ,, , , , , 
09:31:16,-0.24,0.37,-0.6,0.43,0.86,-0.03,0.61,-2.81,-0.09,0.07,-1.28, , , , , , , ,738.78,738.48,100.0,100.0, , , ,, , , , , 
09:31:19,-0.24,0.31,-0.8,0.07,0.78,-0.11,0.82,-2.96,0.19,0.04,-1.62, , , , , , , ,738.8,738.78,100.0,100.0, , , ,, , , , , 
09:31:22,-0.22,0.3,-0.67,0.36,1.06,-0.23,0.29,-2.74,0.23,0.24,-1.62, , , , , , , ,738.78,738.48,200.0,300.0, , , ,, , , , , 
09:31:25,-0.12,0.55,-0.77,0.4,1.52,0.07,0.26,-2.35,0.33,0.99,-1.49, , , , , , , ,738.68,738.08,200.0,100.0, , , ,, , , , , 
09:31:28,-0.58,-0.02,-1.15,0.08,1.63,-0.17,-0.31,-2.23,-0.4,0.18,-1.62, , , , , , , ,738.51,738.08,100.0,100.0, , , ,, , , , , 
09:31:31,-1.11,-0.45,-1.35,0.01,1.98,-1.03,-0.68,-1.85,-0.97,-0.7,-1.23, , , , , , , ,738.0,737.99,1200.0,200.0, , , ,, , , , , 
09:31:34,-1.33,-0.37,-1.89,0.08,1.91,-1.15,-0.65,-1.79,-0.94,-0.53,-1.27, , , , , , , ,738.0,737.99,1300.0,400.0, , , ,, , , , , 
09:31:37,-1.45,-0.45,-1.85,-0.4,1.78,-1.72,-0.71,-1.6,-0.78,-0.25,-1.42, , , , , , , ,738.0,737.99,1200.0,700.0, , , ,, , , , , 
09:31:40,-0.91,0.03,-1.25,0.1,1.47,-0.8,-0.08,-1.48,-0.67,0.09,-1.67, , , , , , , ,738.08,738.02,200.0,4200.0, , , ,, , , , , 
09:31:43,-0.07,0.51,-0.19,0.54,1.27,-0.06,0.38,-1.26,0.03,0.62,-2.07, , , , , , , ,738.08,738.03,400.0,600.0, , , ,, , , , , 
09:31:46,0.31,0.8,-0.2,0.67,0.7,0.33,0.73,-1.62,0.79,0.99,-2.66, , , , , , , ,738.3,738.26,200.0,1400.0, , , ,, , , , , 
09:31:49,0.67,1.19,0.15,0.94,0.36,0.33,1.21,-1.65,1.54,1.42,-2.89, , , , , , , ,738.39,738.3,100.0,1500.0, , , ,, , , , , 
09:31:52,1.19,1.65,0.59,1.19,0.13,0.78,1.7,-1.58,2.19,2.05,-2.94,600.0,738.4,738.4,500.0,500.0, ,-1.31,738.4,738.3,400.0,1300.0, ,2018-05-23 09:31:52.772000,2018-05-23 09:31:52.772000,, , ,CANCELED, , 
09:31:55,1.3,1.59,0.7,0.82,-0.66,0.88,1.88,-1.76,2.33,2.08,-3.34,600.0,738.67,738.67,300.0,800.0, ,-1.14,738.67,738.53,200.0,1000.0, ,2018-05-23 09:31:56.397000,2018-05-23 09:31:56.397000,, , ,CANCELED, , 
09:31:58,1.57,1.88,1.21,1.47,-1.13,1.05,1.68,-1.49,2.47,2.48,-3.4,600.0,738.68,738.68,600.0,1400.0, ,-1.05,738.68,738.67,300.0,300.0, ,2018-05-23 09:31:59.405000,2018-05-23 09:31:59.405000,, , ,FILLED, , 
09:32:01,1.9,2.11,1.38,1.89,-1.69,1.76,1.91,-2.15,2.56,2.52,-3.44, , , , , , , ,738.78,738.68,100.0,300.0, , , ,, , , , , 
09:32:04,2.03,2.4,1.65,2.16,-2.17,1.6,2.33,-2.85,2.84,2.7,-3.53,600.0,738.94,738.94,600.0,2000.0, ,-1.19,738.94,738.68,100.0,1000.0, ,2018-05-23 09:32:04.632000,2018-05-23 09:32:04.632000,, , ,FILLED, , 
09:32:07,1.87,2.11,1.5,1.79,-2.63,1.46,1.97,-3.71,2.64,2.56,-3.45,600.0,738.97,0.0,0.0,2000.0, , ,738.97,738.87,200.0,100.0, ,2018-05-23 09:32:07.596000,2018-05-23 09:32:07.596000,, , ,CANCELED, , 
09:32:10,1.73,1.96,1.48,2.13,-3.08,1.27,1.8,-4.59,2.45,1.94,-3.49,600.0,739.08,739.08,600.0,2600.0, ,-0.84,739.08,739.03,200.0,100.0, ,2018-05-23 09:32:10.989000,2018-05-23 09:32:10.988000,, , ,FILLED, , 
09:32:13,2.04,2.23,1.75,2.7,-3.58,1.71,1.87,-4.92,2.66,2.13,-3.69,600.0,739.55,739.55,600.0,3200.0, ,-1.0,739.55,739.05,400.0,400.0, ,2018-05-23 09:32:13.638000,2018-05-23 09:32:13.638000,, , ,FILLED, , 
09:32:16,1.91,2.45,1.68,2.74,-3.62,1.46,2.21,-4.82,2.59,2.4,-3.5,600.0,739.4,739.4,600.0,3800.0, ,-1.11,739.4,739.05,200.0,800.0, ,2018-05-23 09:32:16.662000,2018-05-23 09:32:16.662000,, , ,FILLED, , 
09:32:19,1.62,2.08,1.44,2.23,-3.89,1.13,2.0,-5.16,2.29,2.01,-3.85, , , , , , , ,739.56,739.4,900.0,300.0, , , ,, , , , , 
09:32:22,1.11,1.68,1.02,1.88,-3.88,0.66,1.57,-5.14,1.65,1.59,-3.81, , , , , , , ,739.55,739.4,300.0,600.0, , , ,, , , , , 
09:32:25,1.41,1.69,1.17,1.9,-3.83,1.14,1.6,-5.14,1.94,1.59,-3.79, , , , , , , ,739.56,739.4,700.0,1300.0, , , ,, , , , , 
09:32:28,1.54,2.05,1.28,2.07,-3.95,1.1,2.11,-5.27,2.23,1.97,-3.81, , , , , , , ,739.57,739.56,6000.0,2400.0, , , ,, , , , , 
09:32:31,1.25,1.78,1.17,1.6,-3.86,0.89,1.98,-5.16,1.68,1.76,-3.63, , , , , , , ,739.57,739.4,6000.0,500.0, , , ,, , , , , 
09:32:34,0.19,0.53,0.27,0.77,-3.58,0.09,0.36,-4.93,0.2,0.47,-3.38, , , , , , , ,739.56,739.08,700.0,2400.0, , , ,, , , , , 
09:32:37,0.15,0.4,0.28,0.68,-3.29,0.47,0.5,-4.81,-0.3,0.04,-3.21, , , , , , , ,739.4,739.08,100.0,2300.0, , , ,, , , , , 
09:32:40,-0.16,0.06,-0.23,0.03,-3.03,0.02,0.12,-4.71,-0.28,0.02,-3.25, , , , , , , ,739.39,739.0,300.0,1400.0, , , ,, , , , , 
09:32:43,-0.93,-0.46,-1.12,-0.28,-2.25,-0.96,-0.53,-4.12,-0.72,-0.58,-2.85,-3000.0,738.88,0.0,-0.0,3800.0, , ,738.9,738.67,3600.0,600.0, ,2018-05-23 09:32:43.918000,2018-05-23 09:32:43.918000,, , ,CANCELED, , 
09:32:46,-1.2,-0.48,-1.55,-0.24,-2.23,-1.23,-0.6,-4.0,-0.81,-0.6,-3.0,-3000.0,738.78,738.78,-100.0,3700.0, ,-1.63,738.8,738.66,1100.0,100.0, ,2018-05-23 09:32:47.189000,2018-05-23 09:32:47.189000,, , ,CANCELED, , 
09:32:49,-1.41,-0.7,-1.75,-0.77,-1.81,-1.69,-0.67,-3.6,-0.8,-0.65,-2.87,-3000.0,738.65,0.0,-0.0,3700.0, , ,738.67,738.26,100.0,500.0, ,2018-05-23 09:32:50.206000,2018-05-23 09:32:50.206000,, , ,CANCELED, , 
09:32:52,-1.41,-0.85,-2.04,-1.16,-1.73,-1.15,-0.84,-3.48,-1.05,-0.55,-3.0,-4300.0,738.26,0.0,-0.0,3700.0, , ,738.65,738.26,3100.0,300.0, ,2018-05-23 09:32:53.217000,2018-05-23 09:32:53.217000,, , ,CANCELED, , 
09:32:55,-1.82,-1.02,-2.29,-1.32,-1.11,-1.88,-0.99,-2.79,-1.29,-0.75,-2.71,-4300.0,738.0,738.0,-100.0,3600.0, ,-2.5,738.25,738.0,100.0,200.0, ,2018-05-23 09:32:56.227000,2018-05-23 09:32:56.227000,, , ,CANCELED, , 
09:32:58,-1.59,-0.76,-2.17,-0.61,0.24,-1.39,-0.87,-1.25,-1.2,-0.8,-1.81,-3000.0,737.97,737.97,-500.0,3100.0, ,-3.83,737.99,736.8,100.0,400.0, ,2018-05-23 09:32:59.241000,2018-05-23 09:32:59.241000,, , ,CANCELED, , 
09:33:01,-1.65,-0.76,-2.46,-0.82,-0.33,-1.41,-0.78,-0.7,-1.06,-0.69,-1.94,-3000.0,737.94,0.0,-0.0,3100.0, , ,737.96,736.8,800.0,500.0, ,2018-05-23 09:33:02.267000,2018-05-23 09:33:02.267000,, , ,CANCELED, , 
09:33:04,-1.17,-0.54,-1.95,-0.56,-0.46,-0.72,-0.91,0.34,-0.84,-0.14,-1.6,-3000.0,737.25,737.25,-100.0,3000.0, ,-3.81,737.27,736.8,200.0,600.0, ,2018-05-23 09:33:05.285000,2018-05-23 09:33:05.285000,, , ,CANCELED, , 
09:33:07,-1.44,-0.32,-2.14,-0.43,-1.15,-1.02,-0.64,0.75,-1.17,0.11,-1.67,-3000.0,737.22,737.22,-200.0,2800.0, ,-3.77,737.24,736.81,1200.0,100.0, ,2018-05-23 09:33:08.310000,2018-05-23 09:33:08.310000,, , ,CANCELED, , 
09:33:10,-1.35,-0.1,-1.93,-0.05,-1.08,-0.77,-0.33,1.66,-1.35,0.09,-0.97, , , , , , , ,736.5,736.42,1200.0,100.0, , , ,, , , , , 
09:33:13,-0.8,0.15,-1.24,0.52,-1.29,-0.12,-0.04,1.58,-1.03,-0.04,-1.26, , , , , , , ,736.8,736.42,500.0,300.0, , , ,, , , , , 
09:33:16,-0.37,0.46,-0.82,0.72,-1.14,-0.0,0.4,2.12,-0.28,0.25,-1.2, , , , , , , ,736.8,736.2,1000.0,100.0, , , ,, , , , , 
09:33:19,-0.25,0.93,-0.66,1.14,-1.34,-0.15,0.73,2.33,0.07,0.92,-0.96, , , , , , , ,736.8,736.5,1000.0,100.0, , , ,, , , , , 
09:33:22,0.04,1.16,-0.27,1.27,-1.31,-0.08,1.01,2.73,0.46,1.19,-0.5, , , , , , , ,736.8,736.48,900.0,300.0, , , ,, , , , , 
09:33:25,0.15,1.18,-0.2,1.42,-1.31,0.32,1.08,3.12,0.32,1.03,-0.01, , , , , , , ,736.8,736.48,1000.0,200.0, , , ,, , , , , 
09:33:28,0.22,1.1,-0.15,1.48,-1.32,0.37,0.96,3.17,0.45,0.86,0.46, , , , , , , ,736.81,736.48,100.0,200.0, , , ,, , , , , 
09:33:31,0.03,1.1,-0.06,1.37,-1.31,0.13,0.85,3.18,0.01,1.07,0.27, , , , , , , ,736.7,736.58,100.0,200.0, , , ,, , , , , 
09:33:34,0.16,1.24,0.06,1.43,-1.24,0.25,0.97,3.1,0.16,1.3,0.12, , , , , , , ,736.7,736.48,100.0,600.0, , , ,, , , , , 
09:33:37,0.13,1.18,0.11,1.59,-1.52,0.2,0.94,2.54,0.07,1.0,-0.38, , , , , , , ,736.81,736.8,100.0,200.0, , , ,, , , , , 
09:33:40,0.02,1.23,-0.1,1.72,-2.04,-0.02,0.86,1.69,0.18,1.11,-1.08, , , , , , , ,737.93,736.5,1100.0,300.0, , , ,, , , , , 
09:33:43,-0.14,1.14,-0.11,1.61,-2.0,-0.31,0.77,1.42,-0.0,1.03,-1.07, , , , , , , ,737.93,736.5,1100.0,400.0, , , ,, , , , , 
09:33:46,0.39,1.56,0.3,1.82,-2.0,0.38,1.3,1.26,0.48,1.56,-1.1, , , , , , , ,737.96,736.53,800.0,200.0, , , ,, , , , , 
09:33:49,0.4,1.59,0.44,1.87,-1.14,0.48,1.45,2.05,0.28,1.46,-0.3, , , , , , , ,736.8,736.5,2800.0,300.0, , , ,, , , , , 
09:33:52,0.51,1.6,0.51,1.85,-2.05,0.57,1.56,1.03,0.45,1.39,-1.31, , , , , , , ,737.99,736.8,100.0,2493.0, , , ,, , , , , 
09:33:55,0.21,1.52,0.34,1.52,-1.83,0.29,1.66,0.97,0.0,1.37,-1.34, , , , , , , ,737.99,736.86,100.0,100.0, , , ,, , , , , 
09:33:58,0.15,1.29,0.2,1.3,-1.7,0.18,1.38,0.49,0.05,1.19,-1.75, , , , , , , ,738.65,736.81,400.0,100.0, , , ,, , , , , 
09:34:01,-0.15,1.23,-0.12,1.3,-1.19,-0.39,1.2,0.4,0.07,1.18,-1.75, , , , , , , ,738.65,736.84,600.0,3900.0, , , ,, , , , , 
09:34:04,0.33,1.62,0.64,1.96,2.21,0.33,1.57,3.08,0.0,1.34,1.08, , , , , , , ,736.0,735.32,12751.0,4700.0, , , ,, , , , , 
09:34:07,-0.24,1.22,0.31,1.33,2.61,-0.45,0.95,2.95,-0.57,1.4,1.08, , , , , , , ,736.0,735.32,12051.0,5700.0, , , ,, , , , , 
09:34:10,-0.52,1.23,-0.03,1.57,2.75,-1.03,0.81,2.83,-0.52,1.31,1.09, , , , , , , ,736.0,735.32,11751.0,6300.0, , , ,, , , , , 
09:34:13,-0.87,0.64,-0.86,0.95,2.88,-1.07,0.21,2.74,-0.67,0.78,1.08, , , , , , , ,736.0,735.32,11051.0,700.0, , , ,, , , , , 
09:34:16,-0.81,1.12,-1.05,1.51,3.27,-1.03,0.58,2.75,-0.35,1.27,1.65, , , , , , , ,736.0,735.32,10851.0,1600.0, , , ,, , , , , 
09:34:19,-1.27,0.76,-1.27,1.22,3.69,-1.37,0.21,2.62,-1.16,0.86,2.2, , , , , , , ,736.0,735.32,10451.0,1900.0, , , ,, , , , , 
09:34:22,-0.8,1.22,-1.18,1.56,4.04,-1.17,0.6,2.38,-0.06,1.5,2.73, , , , , , , ,736.0,735.36,10451.0,100.0, , , ,, , , , , 
09:34:25,-0.5,1.31,-0.6,1.48,4.43,-0.98,0.72,2.17,0.07,1.74,3.33, , , , , , , ,736.0,735.36,10251.0,300.0, , , ,, , , , , 
09:34:28,-0.4,1.22,-0.7,1.36,4.49,-0.43,0.81,1.93,-0.07,1.49,3.36, , , , , , , ,736.0,735.36,10351.0,800.0, , , ,, , , , , 
09:34:31,-0.53,0.99,-0.66,1.09,4.54,-0.47,0.75,1.96,-0.44,1.12,3.51, , , , , , , ,735.93,735.36,100.0,900.0, , , ,, , , , , 
09:34:34,-0.3,1.19,-0.15,1.24,4.33,-0.51,0.95,1.85,-0.24,1.36,3.4, , , , , , , ,736.0,735.38,10451.0,4400.0, , , ,, , , , , 
09:34:37,-0.06,1.2,0.13,1.43,4.04,-0.27,0.88,1.7,-0.04,1.29,3.1, , , , , , , ,736.0,735.4,10251.0,100.0, , , ,, , , , , 
09:34:40,0.28,1.4,0.34,1.53,3.75,0.22,1.05,1.51,0.28,1.61,2.84, , , , , , , ,736.0,735.41,8251.0,200.0, , , ,, , , , , 
09:34:43,0.28,1.57,0.41,1.67,3.41,0.02,1.32,1.05,0.42,1.73,2.42, , , , , , , ,736.0,735.5,7351.0,200.0, , , ,, , , , , 
09:34:46,0.47,1.67,0.43,1.7,3.21,0.01,1.46,0.7,0.98,1.86,2.17, , , , , , , ,735.95,735.66,200.0,100.0, , , ,, , , , , 
09:34:49,0.64,1.53,0.39,1.75,3.17,0.09,0.99,0.52,1.44,1.84,2.13, , , , , , , ,736.0,735.66,7151.0,900.0, , , ,, , , , , 
09:34:52,0.96,1.88,0.73,1.84,3.12,0.35,1.37,0.43,1.81,2.44,2.09,600.0,736.0,736.0,600.0,3400.0, ,-4.42,736.0,735.71,6451.0,800.0, ,2018-05-23 09:34:52.645000,2018-05-23 09:34:52.645000,, , ,FILLED, , 
09:34:55,1.04,2.25,0.89,2.0,2.85,0.31,1.77,0.14,1.91,2.97,1.86,600.0,736.07,736.07,600.0,4000.0, ,-3.78,736.07,736.0,100.0,849.0, ,2018-05-23 09:34:55.627000,2018-05-23 09:34:55.627000,, , ,FILLED, , 
09:34:58,1.14,2.58,0.58,2.13,2.08,-0.01,2.06,-0.54,2.85,3.57,1.17,600.0,736.88,736.88,200.0,4200.0, ,-3.45,736.88,736.25,100.0,200.0, ,2018-05-23 09:34:58.736000,2018-05-23 09:34:58.736000,, , ,CANCELED, , 
09:35:01,0.55,2.27,-0.37,1.41,0.82,-0.55,2.01,-1.7,2.58,3.41,-0.01, , , , , , , ,738.0,736.88,200.0,500.0, , , ,, , , , , 
09:35:04,0.15,2.21,-0.33,1.35,0.66,-1.05,1.87,-1.68,1.83,3.41,0.16, , , , , , , ,738.0,736.88,900.0,1300.0, , , ,, , , , , 
09:35:07,-0.16,2.13,-0.27,0.96,0.18,-1.31,2.27,-1.79,1.1,3.17,-0.02, , , , , , , ,738.5,736.88,100.0,1600.0, , , ,, , , , , 
09:35:10,-0.13,2.06,-0.15,0.92,0.0,-1.23,2.3,-1.71,0.99,2.96,0.06, , , , , , , ,738.6,736.88,100.0,1600.0, , , ,, , , , , 
09:35:13,0.35,1.88,0.23,0.78,-0.21,-0.85,2.12,-1.72,1.66,2.73,0.07, , , , , , , ,738.65,737.03,400.0,300.0, , , ,, , , , , 
09:35:16,0.51,2.25,0.06,1.18,-0.22,-0.9,2.22,-1.65,2.38,3.35,0.04, , , , , , , ,738.66,737.03,100.0,1500.0, , , ,, , , , , 
09:35:19,-0.08,1.62,0.01,0.23,-1.67,-1.16,1.51,-2.97,0.9,3.13,-1.31, , , , , , , ,738.93,738.72,1100.0,3600.0, , , ,, , , , , 
09:35:22,-0.0,1.36,0.07,0.26,-2.06,-0.97,1.14,-3.12,0.89,2.66,-1.5, , , , , , , ,739.0,738.93,800.0,800.0, , , ,, , , , , 
09:35:25,0.31,1.6,0.3,0.57,-2.3,-0.71,1.42,-3.12,1.34,2.81,-1.53, , , , , , , ,738.99,738.98,500.0,400.0, , , ,, , , , , 
09:35:28,0.31,1.47,-0.11,0.61,-2.56,-0.91,1.0,-3.03,1.93,2.8,-1.54, , , , , , , ,739.0,738.98,500.0,100.0, , , ,, , , , , 
09:35:31,-0.27,1.27,0.09,0.28,-2.57,-1.45,1.04,-2.96,0.54,2.48,-1.54, , , , , , , ,738.99,738.98,200.0,400.0, , , ,, , , , , 
09:35:34,-0.3,1.14,-0.64,0.21,-2.6,-1.54,0.94,-2.92,1.29,2.27,-1.53, , , , , , , ,739.0,738.96,500.0,100.0, , , ,, , , , , 
09:35:37,-0.57,0.74,-0.96,-0.27,-2.17,-1.55,0.37,-2.29,0.8,2.11,-1.08, , , , , , , ,738.6,738.5,1200.0,200.0, , , ,, , , , , 
09:35:40,-1.02,0.48,-0.96,0.26,-1.85,-1.72,0.04,-1.88,-0.38,1.15,-0.71, , , , , , , ,738.5,737.86,500.0,100.0, , , ,, , , , , 
09:35:43,-1.14,0.39,-1.15,0.2,-2.21,-1.74,-0.03,-2.0,-0.53,1.01,-0.81, , , , , , , ,738.45,737.86,1500.0,1500.0, , , ,, , , , , 
09:35:46,-0.99,0.28,-1.36,0.1,-2.49,-1.61,-0.14,-2.23,0.01,0.87,-0.95, , , , , , , ,738.45,737.86,1000.0,1500.0, , , ,, , , , , 
09:35:49,-0.83,0.32,-1.19,-0.31,-2.7,-1.58,-0.07,-2.51,0.28,1.33,-1.01, , , , , , , ,738.4,738.0,400.0,100.0, , , ,, , , , , 
09:35:52,-0.89,0.31,-1.3,-0.08,-2.65,-1.5,0.01,-2.56,0.12,0.98,-0.93, , , , , , , ,738.4,737.86,500.0,1300.0, , , ,, , , , , 
09:35:55,-0.92,0.18,-1.12,-0.17,-2.7,-1.32,-0.07,-2.72,-0.33,0.76,-1.08, , , , , , , ,738.4,737.86,1000.0,1500.0, , , ,, , , , , 
09:35:58,-0.87,0.13,-1.18,-0.1,-2.59,-1.2,-0.18,-2.73,-0.24,0.68,-1.15, , , , , , , ,738.3,737.86,100.0,1400.0, , , ,, , , , , 
09:36:01,-1.14,0.04,-1.22,-0.18,-2.5,-1.29,-0.22,-2.82,-0.9,0.52,-1.21, , , , , , , ,738.2,737.86,100.0,1400.0, , , ,, , , , , 
09:36:04,-0.79,0.09,-1.15,-0.09,-2.34,-1.16,-0.16,-2.82,-0.06,0.53,-1.21, , , , , , , ,738.0,737.86,200.0,1500.0, , , ,, , , , , 
09:36:07,-0.91,0.14,-0.94,-0.05,-1.74,-1.08,-0.21,-2.52,-0.7,0.68,-0.84, , , , , , , ,737.8,737.51,300.0,200.0, , , ,, , , , , 
09:36:10,-0.98,0.23,-1.08,0.15,-1.64,-1.1,-0.36,-2.63,-0.75,0.91,-0.88, , , , , , , ,737.86,737.51,1000.0,400.0, , , ,, , , , , 
09:36:13,-0.88,0.34,-0.86,0.02,-1.51,-0.99,-0.21,-2.71,-0.78,1.21,-0.89, , , , , , , ,737.86,737.51,800.0,400.0, , , ,, , , , , 
09:36:16,-0.98,0.23,-0.97,0.13,-1.43,-0.97,-0.16,-2.81,-1.0,0.72,-0.91, , , , , , , ,737.86,737.51,1000.0,100.0, , , ,, , , , , 
09:36:19,-1.02,0.17,-1.03,0.11,-1.43,-1.01,-0.21,-2.37,-1.03,0.63,-0.92, , , , , , , ,737.86,737.51,400.0,100.0, , , ,, , , , , 
09:36:22,-0.96,0.28,-0.99,0.23,-0.88,-1.09,-0.09,-1.41,-0.8,0.7,-0.42, , , , , , , ,737.51,737.1,100.0,100.0, , , ,, , , , , 
09:36:25,-1.04,0.15,-0.98,0.08,-0.54,-1.02,-0.12,-0.6,-1.12,0.47,-0.21, , , , , , , ,737.1,737.04,200.0,100.0, , , ,, , , , , 
09:36:28,-0.76,0.47,-0.69,0.36,-0.43,-0.94,0.31,-0.11,-0.65,0.75,-0.33, , , , , , , ,737.1,737.04,100.0,100.0, , , ,, , , , , 
09:36:31,-0.43,0.65,-0.35,0.48,-0.19,-0.44,0.43,-0.14,-0.49,1.03,-0.26, , , , , , , ,737.0,736.89,300.0,100.0, , , ,, , , , , 
09:36:34,-0.68,0.34,-0.65,0.06,-0.59,-0.83,0.18,-0.79,-0.55,0.77,-0.8, , , , , , , ,737.43,737.1,100.0,100.0, , , ,, , , , , 
09:36:37,-0.8,0.09,-0.79,0.19,-0.11,-0.65,-0.06,-0.57,-0.96,0.14,-0.41, , , , , , , ,737.0,736.89,600.0,100.0, , , ,, , , , , 
09:36:40,-0.69,0.06,-0.53,0.15,0.2,-0.75,-0.1,-0.32,-0.79,0.13,-0.08, , , , , , , ,737.0,736.3,1200.0,300.0, , , ,, , , , , 
09:36:43,-1.19,-0.03,-1.32,0.19,0.39,-0.91,-0.34,0.03,-1.34,0.05,0.16, , , , , , , ,736.5,736.3,500.0,149.0, , , ,, , , , , 
09:36:46,-0.87,0.1,-0.46,0.58,0.54,-1.05,-0.5,0.43,-1.1,0.24,0.45, , , , , , , ,736.3,735.93,251.0,200.0, , , ,, , , , , 
09:36:49,-0.8,0.21,-0.39,0.36,0.32,-0.94,-0.31,0.42,-1.08,0.59,0.29, , , , , , , ,736.3,735.93,51.0,200.0, , , ,, , , , , 
09:36:52,-0.75,0.57,-0.24,0.41,0.03,-0.71,0.1,0.29,-1.3,1.2,0.06, , , , , , , ,736.5,735.93,251.0,200.0, , , ,, , , , , 
09:36:55,-0.76,0.85,-0.4,0.81,-0.17,-0.74,0.28,0.25,-1.13,1.45,-0.08, , , , , , , ,736.5,736.0,151.0,100.0, , , ,, , , , , 
09:36:58,-0.35,1.14,-0.06,0.9,0.12,-0.47,0.75,0.64,-0.54,1.77,0.22, , , , , , , ,736.0,735.93,300.0,200.0, , , ,, , , , , 
09:37:01,-0.16,1.06,0.04,0.81,-0.39,-0.08,0.78,0.29,-0.43,1.59,-0.16, , , , , , , ,736.48,736.0,251.0,300.0, , , ,, , , , , 
09:37:04,0.27,1.27,0.21,0.92,-0.61,0.06,0.9,0.21,0.54,1.98,-0.22, , , , , , , ,736.6,736.0,51.0,500.0, , , ,, , , , , 
09:37:07,0.73,1.39,0.41,1.06,-0.68,0.63,1.03,0.21,1.15,2.08,-0.19, , , , , , , ,736.6,736.0,51.0,900.0, , , ,, , , , , 
09:37:10,0.52,1.36,0.32,1.04,-1.23,0.5,1.05,-0.26,0.75,1.99,-0.64, , , , , , , ,736.7,736.6,100.0,49.0, , , ,, , , , , 
09:37:13,0.35,1.32,0.23,1.01,-1.32,0.41,1.07,-0.28,0.42,1.87,-0.66, , , , , , , ,736.7,736.62,200.0,100.0, , , ,, , , , , 
09:37:16,0.5,1.43,0.31,1.01,-1.42,0.38,1.26,0.29,0.81,2.04,-0.7, , , , , , , ,736.7,736.62,100.0,300.0, , , ,, , , , , 
09:37:19,0.25,1.24,0.24,0.9,-0.83,0.17,1.02,0.98,0.33,1.8,-0.66, , , , , , , ,736.81,736.3,100.0,349.0, , , ,, , , , , 
09:37:22,0.11,1.29,0.12,0.96,-0.53,-0.1,0.95,1.41,0.3,1.97,-0.91, , , , , , , ,736.81,736.5,100.0,400.0, , , ,, , , , , 
09:37:25,0.2,1.34,-0.0,0.92,-0.17,0.04,0.95,1.86,0.56,2.16,-1.14, , , , , , , ,736.81,736.7,100.0,200.0, , , ,, , , , , 
09:37:28,0.23,1.28,0.05,0.88,0.32,0.11,1.04,1.9,0.52,1.91,-1.25, , , , , , , ,736.8,736.7,100.0,200.0, , , ,, , , , , 
09:37:31,0.28,1.08,0.15,0.7,-0.02,0.2,0.93,1.88,0.48,1.61,-1.41, , , , , , , ,737.0,736.7,500.0,400.0, , , ,, , , , , 
09:37:34,0.35,1.17,0.26,0.75,-0.23,0.3,1.0,1.81,0.48,1.78,-1.45, , , , , , , ,737.0,736.7,400.0,300.0, , , ,, , , , , 
09:37:37,0.33,1.33,0.21,0.75,-0.44,0.28,1.06,1.53,0.5,2.17,-1.41, , , , , , , ,737.0,736.7,100.0,400.0, , , ,, , , , , 
09:37:40,0.54,1.39,0.06,0.79,-0.66,0.31,1.16,1.22,1.25,2.22,-1.47, , , , , , , ,737.0,736.8,100.0,100.0, , , ,, , , , , 
09:37:43,0.23,1.03,0.04,0.59,-0.22,0.15,0.8,1.29,0.5,1.71,-1.17, , , , , , , ,736.66,736.5,4100.0,600.0, , , ,, , , , , 
09:37:46,-0.13,0.43,-0.12,0.28,0.04,-0.3,0.36,1.35,0.03,0.66,-1.0, , , , , , , ,736.5,736.3,1200.0,249.0, , , ,, , , , , 
09:37:49,-0.33,0.34,-0.39,0.21,0.37,-0.48,0.13,1.68,-0.12,0.68,-0.83, , , , , , , ,736.3,736.02,251.0,100.0, , , ,, , , , , 
09:37:52,-0.35,0.14,-0.45,0.04,0.26,-0.51,-0.1,1.56,-0.09,0.49,-1.05, , , , , , , ,736.49,736.0,100.0,600.0, , , ,, , , , , 
09:37:55,-0.56,0.05,-0.62,-0.01,0.4,-0.58,-0.31,1.71,-0.49,0.47,-0.93, , , , , , , ,736.29,736.0,600.0,900.0, , , ,, , , , , 
09:37:58,-0.7,-0.05,-0.72,-0.06,0.68,-0.81,-0.34,2.02,-0.57,0.26,-0.71, , , , , , , ,735.99,735.88,100.0,200.0, , , ,, , , , , 
09:38:01,-0.97,-0.15,-1.02,-0.05,0.73,-1.09,-0.47,2.07,-0.8,0.07,-0.74, , , , , , , ,735.99,735.83,1100.0,100.0, , , ,, , , , , 
09:38:04,-0.99,-0.24,-0.91,0.02,0.86,-1.11,-0.55,2.37,-0.95,-0.18,-0.71,-3000.0,735.81,735.81,-1300.0,2900.0, ,-3.94,735.83,735.8,100.0,200.0, ,2018-05-23 09:38:04.606000,2018-05-23 09:38:04.606000,, , ,CANCELED, , 
09:38:07,-1.0,-0.37,-1.06,-0.15,0.98,-0.92,-0.7,2.65,-1.02,-0.24,-0.78,-2900.0,735.79,0.0,-0.0,2900.0, , ,735.81,735.66,1700.0,200.0, ,2018-05-23 09:38:08.204000,2018-05-23 09:38:08.204000,, , ,CANCELED, , 
09:38:10,-1.02,-0.37,-0.91,-0.25,1.0,-1.08,-0.59,2.81,-1.07,-0.25,-0.94,-2400.0,735.76,0.0,-0.0,2900.0, , ,735.78,735.66,1000.0,200.0, ,2018-05-23 09:38:11.236000,2018-05-23 09:38:11.236000,, , ,CANCELED, , 
09:38:13,-1.01,-0.4,-1.02,-0.34,1.02,-0.9,-0.61,2.97,-1.09,-0.26,-1.17,-2500.0,735.73,0.0,-0.0,2900.0, , ,735.75,735.66,800.0,500.0, ,2018-05-23 09:38:14.261000,2018-05-23 09:38:14.261000,, , ,CANCELED, , 
09:38:16,-0.85,-0.22,-0.86,-0.2,1.75,-0.9,-0.44,3.12,-0.8,-0.02,-1.17,-2300.0,735.64,735.64,-2300.0,600.0, ,-4.08,735.66,735.5,100.0,100.0, ,2018-05-23 09:38:17.298000,2018-05-23 09:38:17.298000,, , ,FILLED, , 
09:38:19,-1.05,-0.26,-0.94,-0.13,2.48,-1.15,-0.48,3.26,-1.07,-0.18,-1.11, , , , , , , ,735.5,735.42,600.0,200.0, , , ,, , , , , 
09:38:22,-0.89,-0.02,-0.86,-0.08,0.92,-0.99,-0.25,1.14,-0.82,0.28,-3.29, , , , , , , ,737.03,737.0,200.0,6200.0, , , ,, , , , , 
09:38:25,-0.28,0.51,-0.74,0.19,1.5,-0.14,0.27,1.14,0.05,1.07,-3.34, , , , , , , ,737.04,737.0,100.0,1300.0, , , ,, , , , , 
09:38:28,-0.45,0.71,-1.18,0.17,1.53,-0.3,0.39,1.14,0.11,1.57,-3.42, , , , , , , ,737.04,737.0,100.0,300.0, , , ,, , , , , 
09:38:31,-0.58,0.58,-1.03,0.15,1.81,-0.64,0.08,1.29,-0.06,1.5,-3.3, , , , , , , ,737.0,736.8,500.0,100.0, , , ,, , , , , 
09:38:34,-0.42,0.79,-0.86,0.1,2.42,-0.53,0.49,1.96,0.12,1.79,-2.71, , , , , , , ,737.0,735.81,3200.0,400.0, , , ,, , , , , 
09:38:37,-0.21,1.14,-0.47,0.47,2.15,-0.51,0.86,1.83,0.33,2.08,-2.81, , , , , , , ,737.0,735.81,2600.0,800.0, , , ,, , , , , 
09:38:40,-0.05,1.14,-0.45,0.75,1.89,-0.31,0.97,1.7,0.6,1.68,-2.89, , , , , , , ,737.0,735.81,2600.0,800.0, , , ,, , , , , 
09:38:43,-0.02,0.97,-0.36,0.46,1.49,-0.26,0.64,1.52,0.57,1.8,-3.04, , , , , , , ,737.0,735.88,3000.0,200.0, , , ,, , , , , 
09:38:46,-0.11,1.1,-0.4,0.68,1.3,-0.55,0.81,1.39,0.61,1.82,-3.13, , , , , , , ,737.0,735.88,3200.0,400.0, , , ,, , , , , 
09:38:49,-0.19,1.01,-0.47,0.6,1.3,-0.74,0.7,1.38,0.62,1.73,-3.24, , , , , , , ,737.0,735.88,2300.0,500.0, , , ,, , , , , 
09:38:52,-0.09,0.96,-0.51,0.47,1.35,-0.53,0.77,1.43,0.75,1.64,-3.31, , , , , , , ,736.9,735.89,1000.0,400.0, , , ,, , , , , 
09:38:55,0.03,1.22,-0.29,0.65,1.3,-0.31,0.89,1.21,0.7,2.13,-3.5, , , , , , , ,736.9,736.0,1000.0,400.0, , , ,, , , , , 
09:38:58,0.02,1.29,-0.28,0.66,1.32,-0.6,0.84,1.06,0.92,2.37,-3.73, , , , , , , ,736.9,736.0,1000.0,400.0, , , ,, , , , , 
09:39:01,-0.17,0.96,-0.33,0.65,1.33,-0.58,0.56,0.94,0.39,1.66,-3.88, , , , , , , ,736.9,736.0,1200.0,500.0, , , ,, , , , , 
09:39:04,-0.26,0.79,-0.46,0.55,1.49,-0.69,0.56,0.79,0.38,1.25,-3.82, , , , , , , ,736.9,736.02,1400.0,400.0, , , ,, , , , , 
09:39:07,-0.35,0.82,-0.45,0.64,1.66,-0.57,0.34,0.78,-0.03,1.48,-3.86, , , , , , , ,736.9,736.02,1300.0,700.0, , , ,, , , , , 
09:39:10,-0.27,1.26,-0.5,0.69,1.8,-0.41,0.8,0.78,0.09,2.29,-3.73, , , , , , , ,736.9,736.02,1000.0,800.0, , , ,, , , , , 
09:39:13,-0.21,1.16,-0.37,0.75,1.96,-0.47,0.6,0.78,0.21,2.13,-3.59, , , , , , , ,736.89,736.02,500.0,700.0, , , ,, , , , , 
09:39:16,-0.15,0.88,-0.32,0.54,1.92,-0.51,0.56,0.75,0.37,1.54,-3.73, , , , , , , ,736.89,736.04,700.0,200.0, , , ,, , , , , 
09:39:19,-0.54,0.58,-0.66,-0.12,-0.33,-0.98,0.31,-1.48,0.01,1.54,-5.94, , , , , , , ,738.2,738.0,400.0,2700.0, , , ,, , , , , 
09:39:22,-0.33,0.99,-0.78,0.03,-0.33,-0.92,0.77,-1.5,0.72,2.17,-5.92, , , , , , , ,738.19,738.0,100.0,2000.0, , , ,, , , , , 
09:39:25,-0.27,1.39,-0.82,0.16,-0.33,-0.83,1.11,-1.6,0.83,2.9,-5.93, , , , , , , ,738.2,738.0,200.0,2000.0, , , ,, , , , , 
09:39:28,-0.15,1.25,-0.94,-0.05,-0.47,-0.99,0.92,-1.86,1.48,2.89,-6.12, , , , , , , ,738.4,738.0,600.0,2100.0, , , ,, , , , , 
09:39:31,-0.4,1.23,-0.76,0.16,-0.46,-0.81,0.92,-1.96,0.37,2.61,-6.27, , , , , , , ,738.39,738.0,100.0,2100.0, , , ,, , , , , 
09:39:34,-0.31,1.31,-0.84,0.07,-0.77,-0.6,0.89,-2.36,0.51,2.97,-6.75, , , , , , , ,738.84,738.0,300.0,1800.0, , , ,, , , , , 
09:39:37,-0.17,1.22,-0.89,-0.11,-0.24,-0.64,0.68,-1.74,1.0,3.1,-6.27, , , , , , , ,738.0,737.86,3300.0,400.0, , , ,, , , , , 
09:39:40,-0.45,1.31,-0.77,0.71,0.38,-0.86,0.55,-1.07,0.28,2.66,-5.64, , , , , , , ,737.86,736.9,300.0,100.0, , , ,, , , , , 
09:39:43,-0.81,0.81,-1.11,0.64,0.15,-0.82,0.22,-1.27,-0.5,1.55,-5.77, , , , , , , ,738.0,736.9,3200.0,100.0, , , ,, , , , , 
09:39:46,-0.48,0.94,-1.05,0.6,0.11,-0.82,0.22,-1.27,0.42,2.01,-5.58, , , , , , , ,737.86,736.9,100.0,300.0, , , ,, , , , , 
09:39:49,-0.62,0.76,-1.06,0.65,0.1,-0.85,0.46,-1.43,0.03,1.16,-5.4, , , , , , , ,737.86,736.9,100.0,300.0, , , ,, , , , , 
09:39:52,-0.45,0.89,-1.0,0.85,0.08,-0.47,0.82,-1.52,0.13,1.01,-5.19, , , , , , , ,737.86,736.9,100.0,100.0, , , ,, , , , , 
09:39:55,-0.62,0.74,-0.9,0.76,-0.12,-0.78,0.51,-1.68,-0.16,0.95,-5.05, , , , , , , ,737.86,737.0,100.0,100.0, , , ,, , , , , 
09:39:58,-0.55,0.83,-0.8,0.63,-0.27,-0.81,0.62,-1.78,-0.04,1.24,-5.08, , , , , , , ,737.86,737.01,100.0,100.0, , , ,, , , , , 
09:40:01,-0.41,0.88,-0.62,0.48,-0.4,-0.62,0.75,-1.78,0.02,1.41,-5.07, , , , , , , ,737.86,737.01,100.0,100.0, , , ,, , , , , 
09:40:04,-0.4,0.81,-0.74,0.59,-0.52,-0.62,0.53,-1.75,0.16,1.3,-4.96, , , , , , , ,737.86,736.99,100.0,800.0, , , ,, , , , , 
09:40:07,-0.68,0.56,-0.88,0.38,-1.21,-0.9,0.38,-2.39,-0.27,0.92,-5.48, , , , , , , ,738.0,737.86,3800.0,100.0, , , ,, , , , , 
09:40:10,-0.6,0.73,-0.99,0.05,-1.21,-0.94,0.44,-2.37,0.13,1.69,-5.22, , , , , , , ,738.0,737.86,2200.0,100.0, , , ,, , , , , 
09:40:13,-0.47,0.91,-0.72,0.34,-1.11,-0.76,0.49,-2.27,0.06,1.9,-4.92, , , , , , , ,737.86,737.85,600.0,100.0, , , ,, , , , , 
09:40:16,-0.31,1.0,-0.73,0.49,-1.14,-0.61,0.32,-2.31,0.41,2.18,-4.86, , , , , , , ,737.86,737.85,600.0,900.0, , , ,, , , , , 
09:40:19,-0.33,0.85,-0.59,0.41,-1.15,-0.76,0.21,-2.42,0.35,1.93,-4.86, , , , , , , ,737.86,737.85,400.0,800.0, , , ,, , , , , 
09:40:22,-0.25,0.82,-0.55,0.13,-1.17,-0.73,0.33,-2.54,0.53,2.01,-4.87, , , , , , , ,737.86,737.85,500.0,100.0, , , ,, , , , , 
09:40:25,-0.24,0.84,-0.48,0.29,-1.27,-0.62,0.35,-2.62,0.38,1.88,-4.92, , , , , , , ,737.86,737.85,700.0,100.0, , , ,, , , , , 
09:40:28,-0.22,0.72,-0.51,0.17,-1.4,-0.73,0.26,-2.75,0.57,1.73,-4.86, , , , , , , ,737.86,737.85,800.0,100.0, , , ,, , , , , 
09:40:31,-0.21,0.7,-0.39,0.21,-1.49,-0.67,0.17,-2.76,0.42,1.72,-4.8, , , , , , , ,737.86,737.84,800.0,200.0, , , ,, , , , , 
09:40:34,-0.21,0.73,-0.45,0.08,-1.58,-0.6,0.2,-2.79,0.43,1.92,-4.73, , , , , , , ,737.85,737.84,100.0,300.0, , , ,, , , , , 
09:40:37,-0.25,0.74,-0.41,0.16,-1.63,-0.65,0.24,-2.76,0.3,1.83,-4.61, , , , , , , ,737.86,737.84,900.0,200.0, , , ,, , , , , 
09:40:40,-0.16,0.86,-0.36,0.26,-1.18,-0.59,0.38,-2.23,0.48,1.94,-4.04, , , , , , , ,737.84,737.08,100.0,100.0, , , ,, , , , , 
09:40:43,-0.1,0.96,-0.28,0.46,-1.28,-0.4,0.51,-2.35,0.37,1.91,-3.97, , , , , , , ,737.84,737.08,100.0,300.0, , , ,, , , , , 
09:40:46,-0.11,0.86,-0.38,0.31,-1.38,-0.45,0.39,-2.44,0.49,1.88,-3.93, , , , , , , ,737.84,737.08,100.0,300.0, , , ,, , , , , 
09:40:49,-0.14,0.7,-0.38,0.32,-1.54,-0.32,0.24,-2.59,0.27,1.53,-3.94, , , , , , , ,737.84,737.08,100.0,500.0, , , ,, , , , , 
09:40:52,-0.21,0.74,-0.4,0.34,-1.58,-0.4,0.26,-2.65,0.18,1.62,-3.88, , , , , , , ,737.85,737.0,200.0,700.0, , , ,, , , , , 
09:40:55,-0.63,0.57,-0.46,0.2,-1.67,-0.82,0.18,-2.67,-0.61,1.31,-3.9, , , , , , , ,737.85,737.0,100.0,700.0, , , ,, , , , , 
09:40:58,-0.62,0.53,-0.53,0.27,-1.25,-0.94,0.2,-2.21,-0.39,1.12,-3.46, , , , , , , ,737.08,737.0,500.0,700.0, , , ,, , , , , 
09:41:01,-0.6,0.53,-0.54,0.56,-1.25,-0.76,0.24,-2.27,-0.5,0.8,-3.54, , , , , , , ,737.08,737.0,3600.0,800.0, , , ,, , , , , 
09:41:04,-0.49,0.44,-0.48,0.45,-1.23,-0.8,0.26,-2.37,-0.2,0.62,-3.65, , , , , , , ,737.08,737.0,3600.0,800.0, , , ,, , , , , 
09:41:07,-0.66,0.51,-0.43,0.64,-1.2,-0.91,0.24,-2.55,-0.65,0.67,-3.65, , , , , , , ,737.08,737.0,3300.0,700.0, , , ,, , , , , 
09:41:10,-0.56,0.39,-0.2,0.38,-1.15,-0.88,0.13,-2.71,-0.61,0.66,-3.51, , , , , , , ,737.07,736.99,100.0,100.0, , , ,, , , , , 
09:41:13,-0.66,0.27,-0.31,0.53,-1.16,-0.89,-0.02,-2.97,-0.79,0.28,-3.42, , , , , , , ,737.07,736.99,100.0,100.0, , , ,, , , , , 
09:41:16,-0.64,0.27,-0.45,0.26,-1.2,-0.78,0.18,-3.13,-0.7,0.37,-3.34, , , , , , , ,737.07,736.99,100.0,200.0, , , ,, , , , , 
09:41:19,-0.61,0.43,-0.33,0.44,-1.24,-0.78,0.16,-3.17,-0.72,0.69,-3.3, , , , , , , ,736.99,736.97,100.0,700.0, , , ,, , , , , 
09:41:22,-0.6,0.49,-0.39,0.23,-1.35,-0.76,0.27,-3.25,-0.65,0.96,-3.29, , , , , , , ,736.99,736.97,300.0,400.0, , , ,, , , , , 
09:41:25,-0.54,0.36,-0.37,0.36,-1.44,-0.5,0.17,-3.29,-0.75,0.54,-3.33, , , , , , , ,736.99,736.97,300.0,100.0, , , ,, , , , , 
09:41:28,-0.55,0.16,-0.29,0.14,-1.23,-0.55,0.09,-3.03,-0.81,0.25,-3.03, , , , , , , ,736.99,736.48,500.0,100.0, , , ,, , , , , 
09:41:31,-0.56,0.05,-0.33,0.13,-1.07,-0.6,0.01,-2.9,-0.74,0.02,-2.87, , , , , , , ,736.91,736.3,400.0,400.0, , , ,, , , , , 
09:41:34,-0.72,0.01,-0.44,-0.03,-1.23,-0.87,0.01,-3.09,-0.87,0.07,-3.15, , , , , , , ,736.9,736.48,400.0,100.0, , , ,, , , , , 
09:41:37,-0.69,0.17,-0.36,0.3,-1.19,-0.76,0.03,-3.2,-0.94,0.19,-3.29, , , , , , , ,736.9,736.48,600.0,200.0, , , ,, , , , , 
09:41:40,-0.55,0.26,-0.31,0.37,-1.05,-0.54,0.06,-3.15,-0.79,0.36,-3.42, , , , , , , ,736.89,736.3,300.0,400.0, , , ,, , , , , 
09:41:43,-0.64,0.31,-0.36,0.39,-0.91,-0.61,0.04,-2.97,-0.96,0.51,-3.44, , , , , , , ,736.48,736.3,200.0,500.0, , , ,, , , , , 
09:41:46,-0.6,0.24,-0.29,0.23,-0.99,-0.54,0.07,-3.07,-0.97,0.41,-3.68, , , , , , , ,736.48,736.3,200.0,400.0, , , ,, , , , , 
09:41:49,-0.62,0.1,-0.43,0.33,-1.14,-0.53,-0.06,-3.17,-0.9,0.02,-3.9, , , , , , , ,736.48,736.3,600.0,400.0, , , ,, , , , , 
09:41:52,-0.57,0.03,-0.38,0.13,-0.91,-0.51,-0.04,-2.96,-0.83,0.01,-3.57, , , , , , , ,736.2,736.08,200.0,100.0, , , ,, , , , , 
09:41:55,-0.89,-0.26,-0.59,-0.17,-0.91,-0.92,-0.37,-3.05,-1.15,-0.23,-3.64,-600.0,736.17,0.0,-0.0,600.0, , ,736.19,736.06,100.0,1000.0, ,2018-05-23 09:41:55.675000,2018-05-23 09:41:55.675000,, , ,CANCELED, , 
09:41:58,-1.01,-0.27,-0.59,-0.24,-0.95,-1.17,-0.29,-3.27,-1.28,-0.28,-3.71,-600.0,736.15,736.15,-200.0,400.0, ,-3.99,736.17,736.06,600.0,1000.0, ,2018-05-23 09:41:59.500000,2018-05-23 09:41:59.500000,, , ,CANCELED, , 
09:42:01,-1.09,-0.46,-0.64,-0.28,-1.0,-1.2,-0.52,-3.42,-1.42,-0.56,-3.73,-400.0,736.13,736.13,-400.0,0.0,-15278.01,-3.98,736.15,736.06,400.0,100.0, ,2018-05-23 09:42:02.008000,2018-05-23 09:42:02.008000,, , ,FILLED,3823871.4499166105,3839149.4575018166
09:42:04,-0.99,-0.25,-0.51,-0.0,-1.15,-1.1,-0.26,-3.39,-1.35,-0.48,-3.88, , , , , , , ,736.2,736.08,200.0,100.0, , , ,, , , , , 
09:42:07,-0.86,0.01,-0.37,0.24,-1.39,-0.89,-0.01,-3.49,-1.32,-0.21,-3.72, , , , , , , ,736.2,736.17,500.0,100.0, , , ,, , , , , 
09:42:10,-0.76,0.27,-0.42,0.39,-1.61,-0.68,0.2,-3.4,-1.19,0.22,-3.65, , , , , , , ,736.22,736.21,100.0,400.0, , , ,, , , , , 
09:42:13,-0.56,0.28,-0.27,0.57,-1.84,-0.53,0.24,-3.24,-0.88,0.04,-3.5, , , , , , , ,736.22,736.17,100.0,100.0, , , ,, , , , , 
09:42:16,-0.56,0.18,-0.25,0.4,-1.88,-0.53,0.22,-3.23,-0.89,-0.09,-3.38, , , , , , , ,736.17,736.03,400.0,2000.0, , , ,, , , , , 
09:42:19,-0.95,-0.19,-0.69,0.04,-1.96,-0.86,-0.22,-3.21,-1.29,-0.37,-3.58, , , , , , , ,736.17,736.0,700.0,300.0, , , ,, , , , , 
09:42:22,-1.15,-0.43,-0.77,-0.13,-1.77,-1.07,-0.55,-2.95,-1.6,-0.6,-3.04, , , , , , , ,735.9,735.88,100.0,100.0, , , ,, , , , , 
09:42:25,-1.35,-0.64,-1.04,-0.3,-1.77,-1.31,-0.73,-2.92,-1.69,-0.89,-2.93, , , , , , , ,735.88,735.85,100.0,100.0, , , ,, , , , , 
09:42:28,-1.45,-0.7,-1.1,-0.58,-1.81,-1.41,-0.74,-2.94,-1.84,-0.79,-2.91, , , , , , , ,735.88,735.8,100.0,200.0, , , ,, , , , , 
09:42:31,-1.55,-0.75,-1.1,-0.74,-1.71,-1.64,-0.74,-2.94,-1.9,-0.78,-2.77, , , , , , , ,735.8,735.66,200.0,100.0, , , ,, , , , , 
09:42:34,-1.5,-0.62,-1.0,-0.48,-1.92,-1.62,-0.65,-3.25,-1.89,-0.75,-2.92, , , , , , , ,735.99,735.66,400.0,100.0, , , ,, , , , , 
09:42:37,-1.48,-0.72,-1.0,-0.47,-1.93,-1.6,-0.8,-3.33,-1.85,-0.88,-3.02, , , , , , , ,735.99,735.52,500.0,100.0, , , ,, , , , , 
09:42:40,-1.28,-0.5,-0.89,-0.2,-2.25,-1.34,-0.54,-3.69,-1.61,-0.75,-3.08, , , , , , , ,735.99,735.88,400.0,300.0, , , ,, , , , , 
09:42:43,-1.07,-0.31,-0.7,-0.12,-2.12,-1.18,-0.3,-3.48,-1.34,-0.52,-2.64, , , , , , , ,735.99,735.53,200.0,100.0, , , ,, , , , , 
09:42:46,-1.1,-0.31,-0.69,-0.07,-1.79,-0.97,-0.38,-2.96,-1.63,-0.48,-2.39, , , , , , , ,735.5,735.39,200.0,200.0, , , ,, , , , , 
09:42:49,-1.14,-0.37,-0.76,-0.04,-1.96,-1.2,-0.58,-2.85,-1.45,-0.48,-2.25, , , , , , , ,735.6,735.39,100.0,200.0, , , ,, , , , , 
09:42:52,-1.19,-0.46,-0.8,-0.15,-2.09,-1.14,-0.69,-2.64,-1.63,-0.52,-2.26, , , , , , , ,735.6,735.39,100.0,200.0, , , ,, , , , , 
09:42:55,-1.23,-0.47,-0.83,-0.15,-2.12,-1.22,-0.67,-2.36,-1.65,-0.6,-2.21, , , , , , , ,735.55,735.33,100.0,500.0, , , ,, , , , , 
09:42:58,-1.22,-0.51,-0.82,-0.27,-2.32,-1.09,-0.63,-2.33,-1.75,-0.62,-2.34, , , , , , , ,735.5,735.32,1400.0,100.0, , , ,, , , , , 
09:43:01,-1.27,-0.64,-0.9,-0.36,-2.33,-1.31,-0.68,-2.19,-1.59,-0.87,-2.36, , , , , , , ,735.31,735.3,600.0,300.0, , , ,, , , , , 
09:43:04,-1.6,-0.66,-1.28,-0.37,-2.27,-1.61,-0.74,-2.1,-1.91,-0.87,-2.38, , , , , , , ,735.33,735.3,200.0,100.0, , , ,, , , , , 
09:43:07,-1.59,-0.71,-1.13,-0.58,-2.08,-1.78,-0.76,-1.73,-1.84,-0.78,-1.95, , , , , , , ,735.3,735.0,100.0,1400.0, , , ,, , , , , 
09:43:10,-1.66,-0.81,-1.34,-0.87,-1.57,-1.56,-0.79,-1.07,-2.09,-0.77,-1.22,-500.0,734.74,734.74,-500.0,-500.0, ,-1.53,735.0,734.74,5500.0,100.0, ,2018-05-23 09:43:10.631000,2018-05-23 09:43:10.631000,, , ,FILLED, , 
09:43:13,-1.73,-0.86,-1.33,-0.78,-1.33,-1.89,-0.93,-0.76,-1.97,-0.88,-0.8,-500.0,734.58,734.58,-400.0,-900.0, ,-1.63,735.0,734.58,5700.0,100.0, ,2018-05-23 09:43:13.688000,2018-05-23 09:43:13.688000,, , ,CANCELED, , 
09:43:16,-1.59,-0.66,-1.28,-0.57,-1.14,-1.69,-0.64,-0.39,-1.8,-0.78,-0.4, , , , , , , ,734.58,734.53,100.0,200.0, , , ,, , , , , 
09:43:19,-1.44,-0.69,-1.06,-0.51,-1.29,-1.53,-0.74,-0.53,-1.72,-0.83,-0.66, , , , , , , ,735.0,734.33,5800.0,5000.0, , , ,, , , , , 
09:43:22,-1.64,-0.78,-1.3,-0.76,-1.15,-1.61,-0.93,-0.41,-2.01,-0.65,-0.68, , , , , , , ,734.8,734.33,2600.0,3800.0, , , ,, , , , , 
09:43:25,-1.65,-0.81,-1.29,-0.74,-1.16,-1.71,-0.95,-0.47,-1.96,-0.73,-0.81, , , , , , , ,734.8,734.34,2900.0,300.0, , , ,, , , , , 
09:43:28,-1.59,-0.53,-1.14,-0.58,-1.04,-1.71,-0.77,-0.23,-1.9,-0.25,-0.69, , , , , , , ,734.53,734.35,600.0,100.0, , , ,, , , , , 
09:43:31,-1.39,-0.44,-1.0,-0.53,-1.18,-1.35,-0.44,-0.18,-1.84,-0.36,-0.74, , , , , , , ,734.53,734.34,1100.0,300.0, , , ,, , , , , 
09:43:34,-1.33,-0.32,-1.16,-0.27,-1.36,-1.22,-0.51,-0.11,-1.6,-0.19,-0.66, , , , , , , ,734.53,734.34,500.0,200.0, , , ,, , , , , 
09:43:37,-1.13,-0.3,-0.94,-0.17,-1.41,-0.95,-0.33,0.15,-1.48,-0.4,-0.43, , , , , , , ,734.35,734.33,100.0,3900.0, , , ,, , , , , 
09:43:40,-1.14,-0.33,-1.02,-0.31,-1.24,-1.05,-0.39,0.47,-1.37,-0.29,-0.21, , , , , , , ,734.16,734.1,100.0,100.0, , , ,, , , , , 
09:43:43,-1.25,-0.31,-1.01,-0.36,-1.39,-1.33,-0.41,0.44,-1.41,-0.17,-0.4, , , , , , , ,734.32,734.1,400.0,100.0, , , ,, , , , , 
09:43:46,-1.35,-0.35,-1.13,-0.47,-1.18,-1.25,-0.42,0.58,-1.67,-0.16,-0.59, , , , , , , ,734.16,734.1,900.0,100.0, , , ,, , , , , 
09:43:49,-1.27,-0.47,-1.12,-0.49,-0.89,-1.29,-0.58,0.7,-1.4,-0.33,-0.77, , , , , , , ,734.1,734.0,100.0,1100.0, , , ,, , , , , 
09:43:52,-1.45,-0.51,-1.48,-0.7,-0.37,-1.31,-0.6,1.01,-1.56,-0.24,-0.51, , , , , , , ,734.09,733.56,1300.0,100.0, , , ,, , , , , 
09:43:55,-1.39,-0.59,-1.21,-0.47,-0.16,-1.41,-0.81,0.99,-1.55,-0.49,-0.54, , , , , , , ,734.09,733.56,1300.0,100.0, , , ,, , , , , 
09:43:58,-1.44,-0.54,-1.17,-0.56,-0.15,-1.41,-0.69,0.94,-1.74,-0.37,-0.51, , , , , , , ,734.09,733.51,1100.0,100.0, , , ,, , , , , 
09:44:01,-0.85,0.27,-0.65,0.42,0.45,-0.85,0.33,1.45,-1.06,0.06,0.15, , , , , , , ,733.5,733.23,1200.0,100.0, , , ,, , , , , 
09:44:04,-0.37,0.69,-0.21,0.69,0.55,-0.37,0.81,1.34,-0.53,0.57,0.08, , , , , , , ,733.5,733.23,1600.0,100.0, , , ,, , , , , 
09:44:07,-0.53,0.59,-0.39,0.61,-0.23,-0.56,0.64,0.41,-0.64,0.51,-0.87, , , , , , , ,734.1,734.0,100.0,200.0, , , ,, , , , , 
09:44:10,-0.53,0.74,-0.39,0.75,0.53,-0.63,0.83,1.01,-0.56,0.63,-0.32, , , , , , , ,734.16,733.23,900.0,200.0, , , ,, , , , , 
09:44:13,-0.08,0.83,0.11,0.64,0.65,-0.17,0.94,1.04,-0.18,0.9,-0.38, , , , , , , ,734.0,733.5,200.0,300.0, , , ,, , , , , 
09:44:16,-0.05,0.81,-0.02,0.64,0.71,-0.1,0.87,1.11,-0.03,0.93,-0.38, , , , , , , ,734.0,733.5,200.0,400.0, , , ,, , , , , 
09:44:19,-0.05,0.86,0.1,0.75,0.79,-0.23,0.83,1.17,-0.01,1.0,-0.35, , , , , , , ,733.88,733.5,100.0,900.0, , , ,, , , , , 
09:44:22,-0.02,0.87,-0.02,0.74,0.78,-0.09,0.89,1.18,0.07,0.98,-0.41, , , , , , , ,733.88,733.5,100.0,700.0, , , ,, , , , , 
09:44:25,0.15,0.92,0.18,0.71,0.63,0.11,1.01,1.04,0.14,1.05,-0.59, , , , , , , ,734.0,733.52,2100.0,200.0, , , ,, , , , , 
09:44:28,-0.05,0.93,0.02,0.65,0.71,-0.11,1.0,1.04,-0.04,1.13,-0.75, , , , , , , ,733.97,733.52,600.0,400.0, , , ,, , , , , 
09:44:31,0.01,0.9,0.1,0.84,1.07,0.03,0.88,1.32,-0.08,0.97,-0.6, , , , , , , ,733.52,733.51,300.0,300.0, , , ,, , , , , 
09:44:34,-0.04,0.85,-0.04,0.74,1.48,0.04,0.89,1.5,-0.11,0.92,-0.5, , , , , , , ,733.3,733.23,2000.0,300.0, , , ,, , , , , 
09:44:37,-0.2,0.7,-0.21,0.6,1.68,-0.21,0.67,1.42,-0.18,0.84,-0.71, , , , , , , ,733.23,733.21,2700.0,500.0, , , ,, , , , , 
09:44:40,-0.18,0.74,-0.18,0.58,1.71,-0.19,0.79,1.18,-0.18,0.84,-0.84, , , , , , , ,733.23,733.21,2100.0,400.0, , , ,, , , , , 
09:44:43,-0.25,0.58,-0.38,0.54,1.85,-0.2,0.6,0.94,-0.17,0.61,-0.92, , , , , , , ,733.23,733.11,2000.0,2900.0, , , ,, , , , , 
09:44:46,-0.29,0.68,-0.42,0.51,1.89,-0.23,0.73,0.68,-0.23,0.82,-1.06, , , , , , , ,733.23,733.12,1800.0,800.0, , , ,, , , , , 
09:44:49,-0.1,0.82,-0.04,0.68,1.44,-0.09,0.9,0.02,-0.19,0.87,-1.64, , , , , , , ,733.51,733.5,400.0,100.0, , , ,, , , , , 
09:44:52,0.1,1.05,0.05,0.91,1.13,0.16,1.17,-0.3,0.1,1.06,-2.07, , , , , , , ,733.97,733.5,600.0,100.0, , , ,, , , , , 
09:44:55,0.62,1.27,0.42,1.11,1.03,0.83,1.33,-0.48,0.61,1.38,-2.27,900.0,733.62,733.62,900.0,0.0,165.6,0.25,733.99,733.6,100.0,500.0, ,2018-05-23 09:44:55.672000,2018-05-23 09:44:55.672000,, , ,FILLED,660482.1555965764,660316.5571694853
09:44:58,0.78,1.5,0.34,1.31,0.96,1.19,1.51,-0.55,0.8,1.68,-2.31, , , , , , , ,733.97,733.61,100.0,1300.0, , , ,, , , , , 
09:45:01,0.34,1.26,0.05,1.05,1.33,0.6,1.27,-0.12,0.38,1.46,-1.89, , , , , , , ,733.6,733.3,800.0,6700.0, , , ,, , , , , 
09:45:04,0.24,1.15,0.05,1.06,0.83,0.43,1.23,-0.62,0.24,1.15,-2.3, , , , , , , ,734.19,733.3,100.0,6900.0, , , ,, , , , , 
09:45:07,0.36,1.03,-0.05,0.99,0.38,0.61,1.04,-0.87,0.51,1.06,-2.76, , , , , , , ,734.19,733.97,100.0,100.0, , , ,, , , , , 
09:45:10,0.31,1.01,-0.13,0.88,0.24,0.31,0.89,-0.99,0.74,1.27,-3.17, , , , , , , ,734.32,734.2,100.0,1500.0, , , ,, , , , , 
09:45:13,0.27,1.02,-0.04,0.89,0.37,0.39,1.01,-0.84,0.47,1.17,-3.34, , , , , , , ,734.32,734.16,100.0,800.0, , , ,, , , , , 
09:45:16,0.19,0.99,-0.05,0.94,0.33,0.17,1.02,-0.97,0.44,1.01,-3.67, , , , , , , ,734.33,734.32,200.0,100.0, , , ,, , , , , 
09:45:19,0.06,0.87,-0.1,0.79,0.38,0.09,0.86,-1.1,0.2,0.95,-3.69, , , , , , , ,734.33,734.2,1100.0,100.0, , , ,, , , , , 
09:45:22,-0.02,0.8,-0.12,0.84,0.41,0.08,0.6,-0.82,-0.03,0.96,-3.7, , , , , , , ,734.33,734.19,1100.0,100.0, , , ,, , , , , 
09:45:25,-0.03,0.73,0.0,0.93,0.44,0.08,0.56,-0.66,-0.16,0.69,-3.61, , , , , , , ,734.2,734.19,100.0,100.0, , , ,, , , , , 
09:45:28,-0.08,0.62,-0.04,0.77,0.47,0.06,0.51,-0.63,-0.26,0.59,-3.57, , , , , , , ,734.33,734.0,800.0,1800.0, , , ,, , , , , 
09:45:31,-0.22,0.53,-0.07,0.67,0.05,-0.04,0.38,-1.03,-0.54,0.54,-3.95, , , , , , , ,734.58,734.33,100.0,100.0, , , ,, , , , , 
09:45:34,-0.21,0.5,-0.08,0.52,-0.04,-0.14,0.38,-0.97,-0.41,0.58,-3.83, , , , , , , ,734.46,734.33,100.0,1000.0, , , ,, , , , , 
09:45:37,-0.32,0.39,-0.03,0.48,-0.18,-0.21,0.32,-1.18,-0.71,0.37,-3.75, , , , , , , ,734.46,734.33,300.0,400.0, , , ,, , , , , 
09:45:40,-0.36,0.35,-0.08,0.46,-0.66,-0.29,0.25,-1.21,-0.72,0.34,-3.91, , , , , , , ,734.79,734.33,200.0,400.0, , , ,, , , , , 
09:45:43,-0.4,0.29,-0.09,0.38,-0.94,-0.35,0.24,-1.0,-0.75,0.27,-3.96, , , , , , , ,734.78,734.33,100.0,300.0, , , ,, , , , , 
09:45:46,-0.44,0.34,-0.22,0.4,-1.28,-0.38,0.27,-1.26,-0.72,0.36,-4.0, , , , , , , ,734.78,734.46,100.0,100.0, , , ,, , , , , 
09:45:49,-0.47,0.31,-0.12,0.46,-1.35,-0.34,0.24,-0.91,-0.96,0.23,-3.87, , , , , , , ,734.56,734.46,100.0,200.0, , , ,, , , , , 
09:45:52,-0.56,0.2,-0.29,0.28,-1.43,-0.41,0.17,-0.98,-0.98,0.15,-3.88, , , , , , , ,734.78,734.33,100.0,100.0, , , ,, , , , , 
09:45:55,-0.59,0.18,-0.33,0.3,-1.52,-0.4,0.14,-1.02,-1.04,0.1,-3.88, , , , , , , ,734.8,734.33,2400.0,100.0, , , ,, , , , , 
09:45:58,-0.52,0.27,-0.27,0.25,-1.6,-0.35,0.17,-1.19,-0.94,0.37,-3.88, , , , , , , ,734.8,734.33,2400.0,300.0, , , ,, , , , , 
09:46:01,-0.34,0.34,-0.14,0.49,-1.26,-0.21,0.25,-0.98,-0.68,0.27,-3.57, , , , , , , ,734.31,734.26,200.0,100.0, , , ,, , , , , 
09:46:04,-0.45,0.18,-0.29,0.23,-1.36,-0.28,0.15,-0.99,-0.79,0.17,-3.66, , , , , , , ,734.32,734.26,1000.0,100.0, , , ,, , , , , 
09:46:07,-0.41,0.24,-0.2,0.35,-1.11,-0.15,0.23,-0.74,-0.88,0.14,-3.71, , , , , , , ,734.32,734.2,100.0,300.0, , , ,, , , , , 
09:46:10,-0.43,0.36,-0.2,0.32,-1.42,-0.27,0.27,-0.82,-0.81,0.5,-4.3, , , , , , , ,734.8,734.35,800.0,800.0, , , ,, , , , , 
09:46:13,-0.38,0.38,-0.13,0.42,-1.37,-0.16,0.35,-0.58,-0.84,0.37,-4.46, , , , , , , ,734.8,734.46,900.0,100.0, , , ,, , , , , 
09:46:16,-0.48,0.39,-0.3,0.45,-1.31,-0.33,0.2,-0.42,-0.8,0.51,-4.46, , , , , , , ,734.8,734.35,900.0,200.0, , , ,, , , , , 
09:46:19,-0.45,0.34,-0.17,0.49,-1.41,-0.36,0.14,-0.41,-0.81,0.4,-4.38, , , , , , , ,734.63,734.35,100.0,300.0, , , ,, , , , , 
09:46:22,-0.36,0.52,-0.21,0.58,-1.14,-0.25,0.23,-0.58,-0.61,0.74,-4.45, , , , , , , ,734.63,734.35,100.0,400.0, , , ,, , , , , 
09:46:25,-0.29,0.51,-0.19,0.64,-1.31,-0.17,0.34,-0.95,-0.51,0.54,-4.61, , , , , , , ,735.0,734.35,100.0,100.0, , , ,, , , , , 
09:46:28,-0.25,0.49,-0.18,0.63,-0.99,-0.04,0.25,-0.67,-0.52,0.6,-4.26, , , , , , , ,734.5,734.35,500.0,100.0, , , ,, , , , , 
09:46:31,-0.19,0.5,-0.14,0.63,-0.99,-0.01,0.33,-0.73,-0.42,0.55,-4.35, , , , , , , ,734.5,734.35,400.0,100.0, , , ,, , , , , 
09:46:34,-0.5,0.27,-0.37,0.21,-1.02,-0.35,0.17,-0.64,-0.77,0.44,-4.46, , , , , , , ,734.5,734.35,700.0,100.0, , , ,, , , , , 
09:46:37,-0.94,-0.09,-0.89,0.05,-0.92,-0.71,-0.41,-0.25,-1.21,0.08,-4.38, , , , , , , ,734.21,734.2,500.0,100.0, , , ,, , , , , 
09:46:40,-1.19,-0.31,-1.07,-0.33,-0.44,-1.06,-0.53,-0.03,-1.44,-0.08,-4.34, , , , , , , ,734.0,733.99,3200.0,300.0, , , ,, , , , , 
09:46:43,-1.37,-0.62,-1.17,-0.58,0.17,-1.27,-0.75,0.29,-1.65,-0.52,-4.08, , , , , , , ,733.99,733.4,100.0,1900.0, , , ,, , , , , 
09:46:46,-1.54,-0.73,-1.34,-0.89,0.2,-1.41,-0.78,0.2,-1.88,-0.52,-4.02, , , , , , , ,733.7,733.4,300.0,1600.0, , , ,, , , , , 
09:46:49,-1.53,-0.84,-1.37,-0.89,0.49,-1.57,-1.09,0.01,-1.63,-0.55,-4.07,-600.0,733.4,733.4,-600.0,-600.0, ,-1.38,733.55,733.4,200.0,1200.0, ,2018-05-23 09:46:49.706000,2018-05-23 09:46:49.706000,, , ,FILLED, , 
09:46:52,-1.56,-0.77,-1.29,-0.84,0.64,-1.56,-0.93,0.12,-1.84,-0.53,-4.02, , , , , , , ,733.4,733.33,1700.0,100.0, , , ,, , , , , 
09:46:55,-1.52,-0.7,-1.33,-0.53,0.23,-1.34,-1.05,-0.3,-1.9,-0.53,-4.5, , , , , , , ,734.0,733.3,3000.0,200.0, , , ,, , , , , 
09:46:58,-1.26,-0.4,-0.75,-0.35,0.55,-1.3,-0.63,0.2,-1.72,-0.22,-4.08, , , , , , , ,733.3,733.28,100.0,100.0, , , ,, , , , , 
09:47:01,-1.0,-0.26,-0.89,-0.11,0.43,-1.02,-0.41,0.31,-1.08,-0.27,-4.13, , , , , , , ,733.27,733.23,1100.0,800.0, , , ,, , , , , 
09:47:04,-0.76,0.06,-0.43,0.08,0.42,-1.01,0.05,0.23,-0.84,0.04,-4.2, , , , , , , ,733.28,733.23,300.0,200.0, , , ,, , , , , 
09:47:07,-0.67,0.19,-0.57,0.24,0.49,-0.76,0.03,0.08,-0.68,0.3,-4.39, , , , , , , ,733.4,733.31,500.0,200.0, , , ,, , , , , 
09:47:10,-0.49,0.55,-0.66,0.5,0.08,-0.6,0.2,-0.62,-0.2,0.95,-5.14, , , , , , , ,734.5,733.33,800.0,500.0, , , ,, , , , , 
09:47:13,-0.12,0.77,-0.19,0.84,0.8,-0.15,0.42,-0.19,-0.03,1.06,-4.63, , , , , , , ,733.92,733.3,300.0,4300.0, , , ,, , , , , 
09:47:16,-0.05,0.68,-0.18,0.53,0.9,-0.1,0.4,-0.19,0.13,1.13,-4.57, , , , , , , ,733.92,733.3,300.0,1600.0, , , ,, , , , , 
09:47:19,-0.13,0.53,-0.01,0.6,1.19,-0.12,0.24,0.16,-0.27,0.74,-4.03, , , , , , , ,733.33,733.3,400.0,1600.0, , , ,, , , , , 
09:47:22,-0.14,0.41,-0.11,0.37,1.06,-0.2,0.2,0.14,-0.11,0.66,-4.03, , , , , , , ,733.3,733.27,100.0,100.0, , , ,, , , , , 
09:47:25,-0.7,0.19,-0.78,0.06,-0.6,-0.75,0.12,-1.48,-0.59,0.4,-5.67, , , , , , , ,734.5,734.33,200.0,300.0, , , ,, , , , , 
09:47:28,-0.55,0.48,-0.58,0.27,0.15,-0.65,0.36,-0.85,-0.41,0.8,-4.95, , , , , , , ,734.33,733.31,200.0,100.0, , , ,, , , , , 
09:47:31,-0.24,0.49,0.07,0.63,0.82,-0.24,0.31,-0.29,-0.54,0.53,-4.21, , , , , , , ,733.3,733.27,200.0,100.0, , , ,, , , , , 
09:47:34,-0.12,0.65,0.14,0.64,0.94,-0.16,0.55,-0.5,-0.33,0.75,-3.99, , , , , , , ,733.3,733.23,200.0,700.0, , , ,, , , , , 
09:47:37,-0.73,0.33,-1.11,0.25,-0.43,-0.58,0.19,-2.22,-0.5,0.56,-5.37, , , , , , , ,734.35,734.33,100.0,100.0, , , ,, , , , , 
09:47:40,-0.38,0.72,-0.6,0.67,1.0,-0.36,0.51,-0.88,-0.18,0.98,-3.82, , , , , , , ,733.27,733.22,100.0,300.0, , , ,, , , , , 
09:47:43,-0.26,0.63,-0.42,0.5,0.1,-0.25,0.47,-1.83,-0.11,0.92,-4.74, , , , , , , ,734.35,733.33,200.0,100.0, , , ,, , , , , 
09:47:46,-0.75,0.32,-1.11,0.17,-0.19,-0.74,0.1,-1.96,-0.41,0.69,-4.87, , , , , , , ,734.35,733.33,200.0,100.0, , , ,, , , , , 
09:47:49,-0.64,0.32,-0.72,0.36,-0.48,-0.77,0.14,-2.09,-0.43,0.45,-4.88, , , , , , , ,734.35,733.33,200.0,100.0, , , ,, , , , , 
09:47:52,-0.53,0.41,-0.75,0.45,-0.5,-0.29,0.35,-2.2,-0.53,0.44,-4.89, , , , , , , ,734.33,733.33,100.0,100.0, , , ,, , , , , 
09:47:55,-0.44,0.37,-0.46,0.44,-0.53,-0.36,0.27,-2.31,-0.51,0.4,-4.88, , , , , , , ,734.33,733.31,971.0,200.0, , , ,, , , , , 
09:47:58,-0.57,0.16,-0.62,0.18,-0.47,-0.4,0.08,-2.29,-0.7,0.23,-4.81, , , , , , , ,734.19,733.36,100.0,100.0, , , ,, , , , , 
09:48:01,-0.32,0.22,-0.18,0.31,0.18,-0.28,0.15,-1.74,-0.5,0.2,-4.08, , , , , , , ,733.35,733.33,1500.0,100.0, , , ,, , , , , 
09:48:04,-0.23,0.35,-0.24,0.44,0.12,-0.06,0.3,-1.75,-0.4,0.3,-3.93, , , , , , , ,733.35,733.33,1500.0,229.0, , , ,, , , , , 
09:48:07,-0.48,0.31,-0.38,0.39,-0.53,-0.32,0.18,-2.38,-0.74,0.36,-4.5, , , , , , , ,734.19,733.4,100.0,500.0, , , ,, , , , , 
09:48:10,-0.78,0.26,-0.85,0.11,-1.26,-0.47,0.21,-3.33,-1.02,0.47,-5.25, , , , , , , ,734.58,734.19,1900.0,100.0, , , ,, , , , , 
09:48:13,-0.48,0.64,-0.54,0.67,-1.22,-0.17,0.46,-3.53,-0.75,0.8,-5.36, , , , , , , ,734.39,734.35,200.0,500.0, , , ,, , , , , 
09:48:16,-0.15,0.99,-0.66,0.71,-1.07,0.11,0.86,-3.58,0.09,1.4,-5.29, , , , , , , ,734.33,734.19,100.0,1200.0, , , ,, , , , , 
09:48:19,-0.17,0.78,-0.39,0.71,-0.85,-0.17,0.64,-3.4,0.07,0.99,-4.96, , , , , , , ,734.33,733.78,300.0,100.0, , , ,, , , , , 
09:48:22,-0.27,0.68,-0.51,0.68,-0.91,-0.01,0.57,-3.42,-0.3,0.8,-4.88, , , , , , , ,734.33,733.78,200.0,100.0, , , ,, , , , , 
09:48:25,-0.29,0.75,-0.35,0.72,-0.76,-0.09,0.78,-3.2,-0.44,0.76,-4.58, , , , , , , ,734.0,733.78,1000.0,100.0, , , ,, , , , , 
09:48:28,-0.27,0.79,-0.49,0.7,-0.95,-0.02,0.69,-3.19,-0.31,0.96,-4.58, , , , , , , ,734.0,733.78,1200.0,200.0, , , ,, , , , , 
09:48:31,-0.21,0.74,-0.22,0.65,-1.11,-0.04,0.65,-3.18,-0.37,0.91,-4.62, , , , , , , ,734.0,733.78,1000.0,200.0, , , ,, , , , , 
09:48:34,-0.32,0.5,-0.35,0.61,-1.33,-0.17,0.45,-3.13,-0.44,0.43,-4.67, , , , , , , ,733.98,733.78,3.0,200.0, , , ,, , , , , 
09:48:37,-0.47,0.3,-0.36,0.4,-1.98,-0.36,0.26,-3.43,-0.68,0.25,-5.07, , , , , , , ,734.32,734.0,803.0,200.0, , , ,, , , , , 
09:48:40,-0.49,0.18,-0.47,0.39,-2.12,-0.41,0.2,-3.37,-0.59,-0.03,-4.95, , , , , , , ,734.32,734.0,1403.0,200.0, , , ,, , , , , 
09:48:43,-0.34,0.25,-0.12,0.57,-1.66,-0.31,0.11,-2.82,-0.59,0.07,-4.29, , , , , , , ,734.0,733.43,600.0,100.0, , , ,, , , , , 
09:48:46,-0.33,0.34,-0.24,0.52,-1.65,-0.24,0.26,-2.62,-0.51,0.23,-4.08, , , , , , , ,733.78,733.43,900.0,100.0, , , ,, , , , , 
09:48:49,-0.64,0.14,-0.67,0.25,-1.37,-0.52,0.07,-2.23,-0.74,0.12,-3.63, , , , , , , ,733.43,733.19,100.0,100.0, , , ,, , , , , 
09:48:52,-0.78,-0.02,-0.89,-0.1,-1.49,-0.56,-0.18,-2.19,-0.89,0.22,-3.7, , , , , , , ,733.43,733.19,300.0,100.0, , , ,, , , , , 
09:48:55,-0.9,-0.04,-0.9,-0.06,-2.0,-0.76,-0.22,-2.57,-1.04,0.17,-4.01, , , , , , , ,733.78,733.42,500.0,100.0, , , ,, , , , , 
09:48:58,-0.87,0.04,-0.9,-0.14,-1.93,-0.87,0.15,-2.45,-0.83,0.12,-3.8, , , , , , , ,733.6,733.42,200.0,100.0, , , ,, , , , , 
09:49:01,-0.82,-0.03,-0.87,0.0,-1.69,-0.82,-0.22,-2.23,-0.76,0.14,-3.41, , , , , , , ,733.41,733.19,800.0,100.0, , , ,, , , , , 
09:49:04,-0.67,0.19,-0.8,0.18,-1.95,-0.69,0.13,-2.56,-0.51,0.28,-3.56, , , , , , , ,733.78,733.19,400.0,100.0, , , ,, , , , , 
09:49:07,-0.51,0.23,-0.45,0.31,-1.84,-0.6,0.09,-2.54,-0.48,0.29,-3.45, , , , , , , ,733.49,733.31,200.0,100.0, , , ,, , , , , 
09:49:10,-0.35,0.37,-0.38,0.34,-2.08,-0.55,0.3,-2.79,-0.12,0.47,-3.53, , , , , , , ,733.49,733.43,200.0,100.0, , , ,, , , , , 
09:49:13,-0.44,0.29,-0.37,0.27,-2.34,-0.57,0.1,-2.92,-0.37,0.49,-3.58, , , , , , , ,733.57,733.43,300.0,200.0, , , ,, , , , , 
09:49:16,-0.49,0.28,-0.54,0.19,-2.6,-0.46,0.16,-3.06,-0.47,0.5,-3.63, , , , , , , ,733.56,733.52,400.0,100.0, , , ,, , , , , 
09:49:19,-0.67,0.12,-0.54,0.22,-2.49,-0.67,-0.08,-2.87,-0.81,0.21,-3.41, , , , , , , ,733.56,733.2,400.0,900.0, , , ,, , , , , 
09:49:22,-0.51,0.13,-0.4,0.13,-2.42,-0.61,0.04,-2.85,-0.53,0.23,-3.32, , , , , , , ,733.43,733.2,100.0,800.0, , , ,, , , , , 
09:49:25,-0.48,0.07,-0.46,0.09,-2.42,-0.58,-0.07,-2.76,-0.42,0.21,-3.34, , , , , , , ,733.43,733.2,500.0,900.0, , , ,, , , , , 
09:49:28,-0.49,0.15,-0.43,0.16,-2.41,-0.54,0.09,-2.75,-0.51,0.22,-3.32, , , , , , , ,733.43,733.2,600.0,1100.0, , , ,, , , , , 
09:49:31,-1.03,-0.22,-1.17,-0.27,-1.74,-1.02,-0.43,-2.19,-0.9,0.03,-2.64, , , , , , , ,733.0,732.66,1171.0,200.0, , , ,, , , , , 
09:49:34,-1.13,-0.42,-1.15,-0.53,-1.7,-1.36,-0.55,-2.29,-0.88,-0.18,-2.62, , , , , , , ,733.0,732.66,1171.0,100.0, , , ,, , , , , 
09:49:37,-0.99,-0.33,-1.08,-0.43,-1.33,-1.18,-0.39,-2.22,-0.7,-0.17,-2.29, , , , , , , ,732.66,732.58,100.0,100.0, , , ,, , , , , 
09:49:40,-1.02,-0.45,-0.99,-0.38,-1.16,-1.2,-0.5,-2.37,-0.88,-0.46,-2.18, , , , , , , ,732.58,732.5,200.0,200.0, , , ,, , , , , 
09:49:43,-1.06,-0.27,-0.95,-0.26,-1.07,-1.21,-0.12,-2.35,-1.03,-0.42,-2.0, , , , , , , ,732.5,732.36,100.0,900.0, , , ,, , , , , 
09:49:46,-0.91,-0.3,-0.65,-0.37,-1.0,-1.24,-0.22,-2.46,-0.82,-0.3,-1.94, , , , , , , ,732.5,732.32,300.0,100.0, , , ,, , , , , 
09:49:49,-1.22,-0.55,-0.99,-0.76,-0.73,-1.66,-0.5,-2.33,-1.01,-0.38,-1.64, , , , , , , ,732.22,732.19,4100.0,100.0, , , ,, , , , , 
09:49:52,-1.29,-0.58,-1.09,-0.69,-0.64,-1.5,-0.61,-2.39,-1.28,-0.42,-1.56, , , , , , , ,732.22,732.13,4000.0,4800.0, , , ,, , , , , 
09:49:55,-1.38,-0.49,-1.27,-0.52,-0.49,-1.62,-0.63,-2.35,-1.27,-0.31,-1.4, , , , , , , ,732.13,732.02,600.0,200.0, , , ,, , , , , 
09:49:58,-1.37,-0.34,-1.12,-0.5,-0.48,-1.54,-0.54,-2.42,-1.46,0.01,-1.38, , , , , , , ,732.13,732.0,400.0,3800.0, , , ,, , , , , 
09:50:01,-1.16,-0.34,-1.08,-0.54,-0.55,-1.31,-0.52,-2.52,-1.08,0.04,-1.33, , , , , , , ,732.13,732.0,200.0,4100.0, , , ,, , , , , 
09:50:04,-0.93,-0.14,-0.93,-0.29,-0.61,-1.17,-0.28,-2.57,-0.69,0.15,-1.27, , , , , , , ,732.09,732.02,300.0,100.0, , , ,, , , , , 
09:50:07,-0.9,-0.08,-0.96,-0.2,-0.69,-0.98,-0.3,-2.59,-0.76,0.25,-1.18, , , , , , , ,732.07,732.0,200.0,2900.0, , , ,, , , , , 
09:50:10,-0.84,-0.15,-0.9,-0.14,-0.86,-1.1,-0.5,-2.59,-0.53,0.19,-1.08, , , , , , , ,732.09,732.0,100.0,2400.0, , , ,, , , , , 
09:50:13,-0.75,-0.18,-0.94,-0.3,-0.34,-1.07,-0.49,-1.92,-0.23,0.24,-0.41, , , , , , , ,731.67,731.55,600.0,300.0, , , ,, , , , , 
09:50:16,-1.08,-0.28,-1.28,-0.36,-0.19,-1.18,-0.5,-1.61,-0.77,0.02,-0.12, , , , , , , ,731.55,731.33,200.0,300.0, , , ,, , , , , 
09:50:19,-1.28,-0.45,-1.48,-0.56,-0.22,-1.28,-0.8,-1.47,-1.09,0.01,-0.08, , , , , , , ,731.54,731.33,300.0,300.0, , , ,, , , , , 
09:50:22,-0.98,-0.27,-1.15,-0.24,-0.71,-1.15,-0.58,-1.94,-0.65,0.01,-0.53, , , , , , , ,731.99,731.5,1300.0,100.0, , , ,, , , , , 
09:50:25,-0.29,0.26,-0.37,0.14,-0.36,-0.54,0.05,-1.78,0.04,0.58,-0.27, , , , , , , ,731.56,731.55,500.0,1100.0, , , ,, , , , , 
09:50:28,-0.21,0.48,-0.37,0.25,-0.21,-0.53,0.44,-1.72,0.26,0.74,-0.12, , , , , , , ,731.56,731.33,1300.0,1600.0, , , ,, , , , , 
09:50:31,-0.09,0.47,-0.3,0.23,-0.29,-0.16,0.31,-1.7,0.19,0.86,-0.1, , , , , , , ,731.55,731.33,300.0,1700.0, , , ,, , , , , 
09:50:34,-0.03,0.62,-0.21,0.53,-0.85,-0.17,0.26,-1.97,0.28,1.07,-0.61, , , , , , , ,731.99,731.56,900.0,1000.0, , , ,, , , , , 
09:50:37,0.3,0.74,0.1,0.66,-0.93,0.39,0.5,-1.74,0.43,1.05,-0.46,600.0,731.58,731.58,400.0,-200.0, ,1.21,731.78,731.56,500.0,600.0, ,2018-05-23 09:50:37.697000,2018-05-23 09:50:37.697000,, , ,CANCELED, , 
09:50:40,0.66,0.99,0.47,0.92,-1.19,0.63,0.95,-1.69,0.87,1.08,-0.51,200.0,731.6,731.6,200.0,0.0,570.0,1.3,731.78,731.58,500.0,200.0, ,2018-05-23 09:50:41.403000,2018-05-23 09:50:41.403000,, , ,FILLED,439560.9325874959,438990.92991324584
09:50:43,0.58,0.98,0.38,0.76,-1.27,0.57,0.9,-1.74,0.78,1.27,-0.45, , , , , , , ,731.67,731.6,500.0,300.0, , , ,, , , , , 
09:50:46,0.25,0.82,0.08,0.71,-1.35,0.02,0.63,-1.81,0.66,1.12,-0.38, , , , , , , ,731.6,731.59,400.0,100.0, , , ,, , , , , 
09:50:49,0.3,0.76,0.08,0.69,-1.78,0.09,0.57,-2.12,0.75,1.01,-0.7, , , , , , , ,732.0,731.6,6000.0,100.0, , , ,, , , , , 
09:50:52,0.05,0.59,-0.04,0.4,-1.67,-0.13,0.52,-1.92,0.34,0.86,-0.48, , , , , , , ,731.79,731.5,300.0,100.0, , , ,, , , , , 
09:50:55,0.09,0.63,-0.03,0.53,-1.96,0.01,0.5,-2.11,0.3,0.86,-0.73, , , , , , , ,731.79,731.78,200.0,100.0, , , ,, , , , , 
09:50:58,0.11,0.68,-0.01,0.66,-1.82,0.07,0.51,-1.89,0.28,0.86,-0.53, , , , , , , ,731.65,731.6,100.0,100.0, , , ,, , , , , 
09:51:01,-0.02,0.58,-0.19,0.47,-2.16,-0.01,0.47,-1.98,0.14,0.81,-0.78, , , , , , , ,732.0,731.6,6100.0,300.0, , , ,, , , , , 
09:51:04,-0.16,0.42,-0.24,0.44,-1.73,-0.25,0.34,-1.35,0.03,0.49,-0.26, , , , , , , ,731.8,731.09,400.0,100.0, , , ,, , , , , 
09:51:07,-0.25,0.36,-0.22,0.31,-1.92,-0.14,0.27,-1.44,-0.38,0.5,-0.33, , , , , , , ,731.55,731.54,300.0,100.0, , , ,, , , , , 
09:51:10,-0.17,0.38,-0.19,0.37,-1.66,-0.11,0.36,-1.12,-0.21,0.41,-0.02, , , , , , , ,731.58,731.13,100.0,100.0, , , ,, , , , , 
09:51:13,-0.14,0.32,-0.3,0.25,-1.51,-0.11,0.25,-1.2,-0.02,0.45,0.05, , , , , , , ,731.5,731.13,600.0,100.0, , , ,, , , , , 
09:51:16,-0.07,0.34,-0.24,0.32,-1.31,-0.01,0.29,-1.15,0.02,0.42,0.15, , , , , , , ,731.32,731.11,100.0,1728.0, , , ,, , , , , 
09:51:19,-0.09,0.59,-0.22,0.45,-1.29,-0.0,0.63,-1.21,-0.05,0.69,0.02, , , , , , , ,731.5,731.11,500.0,1728.0, , , ,, , , , , 
09:51:22,0.08,0.63,-0.06,0.5,-1.28,0.01,0.67,-1.08,0.29,0.72,0.07, , , , , , , ,731.31,731.22,300.0,2000.0, , , ,, , , , , 
09:51:25,-0.02,0.45,-0.33,0.17,-1.17,0.01,0.48,-0.78,0.27,0.7,0.34, , , , , , , ,731.11,731.1,72.0,200.0, , , ,, , , , , 
09:51:28,-0.11,0.35,-0.28,0.07,-1.76,-0.03,0.4,-1.29,-0.03,0.57,-0.13, , , , , , , ,731.5,731.45,500.0,500.0, , , ,, , , , , 
09:51:31,0.02,0.54,-0.19,0.28,-1.56,0.14,0.61,-1.15,0.11,0.72,0.07, , , , , , , ,731.5,731.18,400.0,428.0, , , ,, , , , , 
09:51:34,-0.27,0.14,-0.63,-0.18,-0.9,-0.31,0.14,-0.74,0.11,0.45,0.52, , , , , , , ,731.0,730.99,3306.0,100.0, , , ,, , , , , 
09:51:37,-0.61,0.01,-0.88,-0.2,-0.53,-0.61,-0.21,-0.48,-0.35,0.45,0.75, , , , , , , ,730.86,730.71,300.0,100.0, , , ,, , , , , 
09:51:40,-0.46,0.01,-0.79,-0.26,-0.56,-0.53,-0.06,-0.45,-0.06,0.36,0.6, , , , , , , ,731.0,730.71,1706.0,100.0, , , ,, , , , , 
09:51:43,-0.5,0.22,-1.02,0.02,-0.32,-0.46,0.22,-0.04,-0.03,0.42,0.88, , , , , , , ,731.0,730.2,1006.0,200.0, , , ,, , , , , 
09:51:46,-0.54,0.14,-1.0,-0.21,-0.43,-0.59,0.19,0.05,-0.03,0.43,0.84, , , , , , , ,730.6,730.55,700.0,2000.0, , , ,, , , , , 
09:51:49,-0.66,0.1,-1.33,-0.27,-0.19,-0.58,0.02,0.34,-0.07,0.55,1.04, , , , , , , ,730.6,730.18,400.0,200.0, , , ,, , , , , 
09:51:52,-0.65,0.11,-1.26,-0.31,-0.23,-0.64,0.12,0.25,-0.06,0.53,0.96, , , , , , , ,730.6,730.22,200.0,100.0, , , ,, , , , , 
09:51:55,-0.61,0.19,-1.25,-0.2,-0.1,-0.51,0.18,0.47,-0.07,0.57,1.03, , , , , , , ,730.41,730.22,200.0,100.0, , , ,, , , , , 
09:51:58,-0.3,0.36,-0.83,0.1,-0.07,-0.29,0.39,0.58,0.22,0.61,0.99, , , , , , , ,730.41,730.18,200.0,1000.0, , , ,, , , , , 
09:52:01,-0.2,0.54,-0.78,0.26,0.28,-0.14,0.54,0.89,0.33,0.8,1.11, , , , , , , ,730.16,730.14,100.0,100.0, , , ,, , , , , 
09:52:04,-0.1,0.44,-0.62,0.2,0.47,0.03,0.6,1.04,0.29,0.53,1.11, , , , , , , ,730.12,730.1,100.0,300.0, , , ,, , , , , 
09:52:07,-0.17,0.53,-0.71,0.28,0.46,-0.05,0.64,0.98,0.24,0.67,0.96, , , , , , , ,730.22,730.1,100.0,100.0, , , ,, , , , , 
09:52:10,0.05,0.77,-0.33,0.49,0.56,0.01,0.86,1.03,0.45,0.95,0.86, , , , , , , ,730.13,730.12,100.0,2600.0, , , ,, , , , , 
09:52:13,0.07,0.92,-0.38,0.76,0.34,-0.03,0.83,0.94,0.62,1.17,0.69, , , , , , , ,730.22,730.15,100.0,100.0, , , ,, , , , , 
09:52:16,-0.02,0.72,-0.36,0.44,0.02,-0.09,0.69,0.7,0.39,1.03,0.33, , , , , , , ,730.6,730.13,200.0,2900.0, , , ,, , , , , 
09:52:19,-0.2,0.57,-0.67,0.44,0.09,-0.19,0.55,0.72,0.27,0.74,0.23, , , , , , , ,730.6,730.11,200.0,100.0, , , ,, , , , , 
09:52:22,-0.07,0.63,-0.32,0.49,-0.09,-0.07,0.64,0.47,0.2,0.78,-0.08, , , , , , , ,730.86,730.22,500.0,100.0, , , ,, , , , , 
09:52:25,0.11,0.82,-0.27,0.69,0.65,-0.03,0.85,1.11,0.62,0.94,0.57, , , , , , , ,730.1,730.01,2500.0,100.0, , , ,, , , , , 
09:52:28,-0.02,0.71,-0.34,0.54,0.64,0.04,0.69,1.12,0.24,0.89,0.51, , , , , , , ,730.1,730.02,1500.0,1000.0, , , ,, , , , , 
09:52:31,0.09,0.89,-0.14,0.7,0.56,0.12,0.9,1.1,0.31,1.06,0.41, , , , , , , ,730.1,730.09,200.0,100.0, , , ,, , , , , 
09:52:34,0.36,0.94,-0.04,0.66,-0.17,0.31,1.03,0.46,0.81,1.14,-0.3, , , , , , , ,730.86,730.28,500.0,1800.0, , , ,, , , , , 
09:52:37,0.45,0.9,-0.0,0.61,-0.27,0.24,0.94,0.42,1.11,1.15,-0.48, , , , , , , ,730.86,730.41,400.0,100.0, , , ,, , , , , 
09:52:40,0.42,0.96,0.14,0.7,0.33,0.5,1.05,0.89,0.64,1.14,-0.07, , , , , , , ,730.3,730.28,4700.0,1600.0, , , ,, , , , , 
09:52:43,0.37,0.85,0.12,0.78,0.38,0.56,0.97,0.93,0.43,0.82,-0.13, , , , , , , ,730.3,730.28,4600.0,1500.0, , , ,, , , , , 
09:52:46,0.29,0.83,0.11,0.74,0.51,0.51,0.93,1.02,0.25,0.83,-0.13, , , , , , , ,730.3,730.18,2400.0,200.0, , , ,, , , , , 
09:52:49,0.34,1.05,0.2,0.98,0.55,0.49,1.16,1.05,0.33,1.01,-0.23, , , , , , , ,730.3,730.18,1300.0,200.0, , , ,, , , , , 
09:52:52,0.65,1.12,0.43,0.98,0.48,0.72,1.3,1.09,0.81,1.09,-0.34, , , , , , , ,730.3,730.18,1000.0,300.0, , , ,, , , , , 
09:52:55,0.8,1.14,0.31,1.11,0.57,0.69,1.21,1.11,1.39,1.09,-0.51, , , , , , , ,730.3,730.18,600.0,400.0, , , ,, , , , , 
09:52:58,0.67,1.09,0.41,1.01,0.66,0.73,1.14,1.12,0.88,1.11,-0.74, , , , , , , ,730.28,730.2,300.0,100.0, , , ,, , , , , 
09:53:01,0.75,1.15,0.47,1.09,0.75,0.9,1.34,1.15,0.89,1.03,-1.07, , , , , , , ,730.3,730.2,300.0,200.0, , , ,, , , , , 
09:53:04,0.42,1.04,0.26,0.94,0.27,0.55,1.17,0.6,0.46,1.02,-1.95, , , , , , , ,730.86,730.5,400.0,700.0, , , ,, , , , , 
09:53:07,0.26,0.88,0.11,0.87,0.31,0.33,0.9,0.72,0.32,0.87,-2.17, , , , , , , ,730.8,730.5,2564.0,200.0, , , ,, , , , , 
09:53:10,0.1,0.8,0.12,0.8,0.65,0.22,0.77,1.18,-0.05,0.82,-2.0, , , , , , , ,730.5,730.3,100.0,400.0, , , ,, , , , , 
09:53:13,0.16,0.77,0.07,0.75,0.65,0.28,0.81,1.25,0.13,0.75,-2.05, , , , , , , ,730.5,730.3,400.0,600.0, , , ,, , , , , 
09:53:16,0.09,0.54,-0.04,0.62,0.78,0.13,0.51,1.44,0.19,0.49,-2.06, , , , , , , ,730.5,730.11,500.0,100.0, , , ,, , , , , 
09:53:19,-0.39,0.18,-0.35,0.14,0.66,-0.52,0.14,1.34,-0.3,0.27,-2.34, , , , , , , ,730.5,730.29,400.0,100.0, , , ,, , , , , 
09:53:22,-0.65,0.05,-0.41,0.01,0.43,-0.82,-0.09,1.08,-0.74,0.22,-2.79, , , , , , , ,730.8,730.33,2164.0,200.0, , , ,, , , , , 
09:53:25,-0.24,0.2,-0.5,0.09,0.29,-0.28,0.16,0.97,0.08,0.34,-3.15, , , , , , , ,730.8,730.5,1964.0,900.0, , , ,, , , , , 
09:53:28,-0.27,0.28,-0.2,0.31,0.51,-0.33,0.17,1.17,-0.28,0.36,-3.13, , , , , , , ,730.51,730.5,400.0,1700.0, , , ,, , , , , 
09:53:31,-0.4,0.16,-0.44,0.27,0.69,-0.28,0.05,1.34,-0.49,0.14,-3.16, , , , , , , ,730.5,730.28,900.0,1000.0, , , ,, , , , , 
09:53:34,-0.4,0.21,-0.2,0.32,0.62,-0.5,0.09,1.2,-0.5,0.23,-3.37, , , , , , , ,730.51,730.4,200.0,100.0, , , ,, , , , , 
09:53:37,-0.18,0.28,-0.19,0.24,0.68,-0.22,0.29,1.21,-0.12,0.32,-3.54, , , , , , , ,730.5,730.39,300.0,100.0, , , ,, , , , , 
09:53:40,-0.32,0.28,-0.19,0.34,0.67,-0.38,0.13,1.17,-0.4,0.36,-3.79, , , , , , , ,730.5,730.4,200.0,100.0, , , ,, , , , , 
09:53:43,-0.05,0.45,0.02,0.63,0.29,-0.04,0.4,0.76,-0.12,0.33,-4.37, , , , , , , ,731.0,730.5,870.0,1000.0, , , ,, , , , , 
09:53:46,-0.19,0.49,0.05,0.61,0.49,-0.05,0.37,0.95,-0.57,0.49,-4.33, , , , , , , ,730.75,730.5,900.0,2200.0, , , ,, , , , , 
09:53:49,0.14,0.67,0.27,0.73,0.53,0.18,0.59,0.92,-0.03,0.68,-4.43, , , , , , , ,730.75,730.5,800.0,2400.0, , , ,, , , , , 
09:53:52,0.15,0.66,0.15,0.68,0.65,0.15,0.6,1.0,0.16,0.72,-4.39, , , , , , , ,730.63,730.5,800.0,2200.0, , , ,, , , , , 
09:53:55,0.05,0.42,0.01,0.67,0.67,-0.02,0.27,0.94,0.14,0.34,-4.52, , , , , , , ,730.63,730.5,600.0,829.0, , , ,, , , , , 
09:53:58,-0.25,0.34,-0.09,0.5,0.26,-0.23,0.27,0.5,-0.43,0.27,-5.05, , , , , , , ,731.0,730.75,870.0,300.0, , , ,, , , , , 
09:54:01,-0.25,0.36,-0.07,0.51,0.29,-0.23,0.27,0.49,-0.46,0.29,-5.17, , , , , , , ,731.0,730.75,1170.0,1200.0, , , ,, , , , , 
09:54:04,-0.39,0.24,-0.16,0.42,0.33,-0.35,0.05,0.53,-0.67,0.24,-5.33, , , , , , , ,731.0,730.75,1070.0,295.0, , , ,, , , , , 
09:54:07,-0.31,0.26,-0.02,0.53,0.41,-0.38,0.13,0.58,-0.53,0.1,-5.46, , , , , , , ,731.0,730.75,470.0,395.0, , , ,, , , , , 
09:54:10,-0.31,0.37,-0.02,0.61,0.52,-0.33,0.36,0.64,-0.58,0.15,-5.68, , , , , , , ,731.0,730.75,70.0,395.0, , , ,, , , , , 
09:54:13,-0.19,0.41,0.05,0.6,0.59,-0.16,0.44,0.66,-0.46,0.21,-5.85, , , , , , , ,731.0,730.75,3800.0,325.0, , , ,, , , , , 
09:54:16,-0.25,0.32,-0.02,0.55,0.66,-0.26,0.31,0.62,-0.46,0.12,-6.04, , , , , , , ,731.0,730.75,3700.0,425.0, , , ,, , , , , 
09:54:19,-0.22,0.33,0.01,0.64,0.66,-0.29,0.36,0.59,-0.39,-0.0,-6.25, , , , , , , ,731.0,730.78,3400.0,100.0, , , ,, , , , , 
09:54:22,-0.36,0.29,-0.03,0.54,0.67,-0.31,0.26,0.61,-0.75,0.07,-6.37, , , , , , , ,731.0,730.75,3000.0,425.0, , , ,, , , , , 
09:54:25,-0.27,0.38,0.09,0.63,0.66,-0.23,0.42,0.65,-0.67,0.1,-6.58, , , , , , , ,731.0,730.76,2700.0,100.0, , , ,, , , , , 
09:54:28,-0.17,0.39,0.1,0.61,0.74,-0.04,0.37,0.77,-0.57,0.19,-6.65, , , , , , , ,730.88,730.76,100.0,200.0, , , ,, , , , , 
09:54:31,-0.03,0.48,0.2,0.78,0.58,0.01,0.47,0.61,-0.3,0.18,-6.98, , , , , , , ,731.0,730.88,1700.0,100.0, , , ,, , , , , 
09:54:34,-0.14,0.47,0.13,0.71,0.53,0.06,0.49,0.6,-0.61,0.2,-7.15, , , , , , , ,731.0,730.88,1800.0,100.0, , , ,, , , , , 
09:54:37,-0.09,0.54,0.25,0.83,0.53,0.04,0.53,0.54,-0.55,0.25,-7.28, , , , , , , ,731.0,730.88,1200.0,100.0, , , ,, , , , , 
09:54:40,0.03,0.61,0.33,0.89,0.49,0.16,0.68,0.48,-0.41,0.26,-7.38, , , , , , , ,731.0,730.88,1000.0,500.0, , , ,, , , , , 
09:54:43,0.13,0.61,0.34,0.9,0.5,0.26,0.7,0.41,-0.22,0.22,-7.36, , , , , , , ,731.0,730.88,600.0,100.0, , , ,, , , , , 
09:54:46,-0.01,0.65,0.35,0.94,0.4,0.26,0.78,0.23,-0.65,0.24,-7.44, , , , , , , ,731.06,731.0,100.0,1500.0, , , ,, , , , , 
09:54:49,0.07,0.71,0.47,0.98,0.36,0.3,0.84,0.18,-0.58,0.32,-7.27, , , , , , , ,731.06,731.0,200.0,1400.0, , , ,, , , , , 
09:54:52,0.02,0.65,0.39,1.0,0.36,0.21,0.7,0.11,-0.54,0.26,-7.04, , , , , , , ,731.06,731.0,300.0,1700.0, , , ,, , , , , 
09:54:55,0.08,0.73,0.48,1.02,0.28,0.23,0.91,0.03,-0.45,0.25,-6.78, , , , , , , ,731.06,731.03,300.0,700.0, , , ,, , , , , 
09:54:58,-0.02,0.74,0.41,0.95,0.21,0.24,0.93,-0.09,-0.72,0.34,-6.57, , , , , , , ,731.12,731.06,100.0,300.0, , , ,, , , , , 
09:55:01,-0.02,0.71,0.36,0.93,0.23,0.27,0.83,-0.14,-0.68,0.38,-6.41, , , , , , , ,731.12,731.02,100.0,100.0, , , ,, , , , , 
09:55:04,0.03,0.68,0.41,0.95,0.15,0.35,0.72,-0.32,-0.68,0.37,-6.29, , , , , , , ,731.22,731.08,100.0,100.0, , , ,, , , , , 
09:55:07,0.12,0.69,0.4,1.04,0.18,0.3,0.74,-0.43,-0.35,0.29,-6.29, , , , , , , ,731.22,731.12,200.0,500.0, , , ,, , , , , 
09:55:10,-0.46,0.44,-0.02,0.72,0.06,-0.33,0.46,-0.74,-1.04,0.14,-6.38, , , , , , , ,731.6,731.0,1100.0,4100.0, , , ,, , , , , 
09:55:13,-0.62,0.37,-0.02,0.82,-0.08,-0.69,0.25,-0.99,-1.14,0.04,-6.46, , , , , , , ,731.6,731.22,1200.0,200.0, , , ,, , , , , 
09:55:16,-0.44,0.37,0.06,0.83,-0.05,-0.48,0.22,-1.03,-0.91,0.07,-6.58, , , , , , , ,731.5,731.22,300.0,100.0, , , ,, , , , , 
09:55:19,-0.41,0.3,0.08,0.8,-0.05,-0.6,0.17,-1.14,-0.72,-0.08,-6.57, , , , , , , ,731.5,731.22,300.0,300.0, , , ,, , , , , 
09:55:22,-0.5,0.15,0.0,0.68,-0.05,-0.56,-0.02,-1.19,-0.94,-0.2,-6.67, , , , , , , ,731.5,731.22,400.0,200.0, , , ,, , , , , 
09:55:25,-0.49,0.11,-0.02,0.61,-0.01,-0.55,-0.04,-1.21,-0.91,-0.23,-6.75, , , , , , , ,731.5,731.22,400.0,100.0, , , ,, , , , , 
09:55:28,-0.52,0.04,-0.04,0.57,0.04,-0.52,-0.11,-1.26,-0.98,-0.33,-6.71, , , , , , , ,731.49,731.22,300.0,300.0, , , ,, , , , , 
09:55:31,-0.43,0.1,-0.07,0.66,0.04,-0.48,-0.02,-1.32,-0.76,-0.36,-6.79, , , , , , , ,731.49,731.23,200.0,100.0, , , ,, , , , , 
09:55:34,-0.37,0.18,-0.01,0.67,-0.02,-0.26,0.09,-1.43,-0.86,-0.22,-7.03, , , , , , , ,731.49,731.3,300.0,100.0, , , ,, , , , , 
09:55:37,-0.44,-0.0,-0.06,0.53,0.17,-0.35,-0.06,-1.27,-0.91,-0.49,-6.93, , , , , , , ,731.22,731.2,1000.0,200.0, , , ,, , , , , 
09:55:40,-0.54,-0.1,-0.12,0.42,-0.08,-0.34,-0.25,-1.52,-1.16,-0.47,-7.34, , , , , , , ,731.49,731.22,1000.0,3300.0, , , ,, , , , , 
09:55:43,-0.31,0.1,0.07,0.59,-0.02,-0.15,0.08,-1.45,-0.86,-0.36,-7.41, , , , , , , ,731.29,731.22,100.0,3500.0, , , ,, , , , , 
09:55:46,-0.34,0.12,0.01,0.45,-0.29,-0.14,0.06,-1.73,-0.87,-0.16,-7.6, , , , , , , ,731.49,731.32,900.0,200.0, , , ,, , , , , 
09:55:49,-0.28,0.15,0.11,0.53,-0.14,-0.13,0.08,-1.62,-0.83,-0.16,-7.38, , , , , , , ,731.29,731.23,700.0,100.0, , , ,, , , , , 
09:55:52,-0.28,0.09,0.06,0.48,-0.21,-0.15,-0.08,-1.73,-0.76,-0.13,-7.29, , , , , , , ,731.29,731.22,800.0,3400.0, , , ,, , , , , 
09:55:55,-0.36,0.0,0.02,0.41,-0.26,-0.35,-0.11,-1.9,-0.75,-0.29,-7.29, , , , , , , ,731.29,731.22,700.0,3400.0, , , ,, , , , , 
09:55:58,-0.46,-0.01,0.03,0.33,-0.28,-0.44,-0.14,-2.09,-0.97,-0.23,-7.29, , , , , , , ,731.23,731.22,100.0,3600.0, , , ,, , , , , 
09:56:01,-0.4,0.04,0.05,0.35,-0.35,-0.37,-0.01,-2.41,-0.87,-0.21,-7.28, , , , , , , ,731.23,731.22,200.0,3700.0, , , ,, , , , , 
09:56:04,-0.44,0.05,-0.02,0.35,-0.42,-0.34,-0.05,-2.69,-0.96,-0.16,-7.27, , , , , , , ,731.23,731.22,400.0,3700.0, , , ,, , , , , 
09:56:07,-0.35,0.17,-0.01,0.42,-0.7,-0.27,0.1,-3.15,-0.76,-0.01,-7.33, , , , , , , ,731.5,731.23,200.0,100.0, , , ,, , , , , 
09:56:10,-0.35,0.23,0.01,0.47,-0.87,-0.09,0.13,-3.35,-0.96,0.11,-7.3, , , , , , , ,731.5,731.29,300.0,300.0, , , ,, , , , , 
09:56:13,-0.34,0.15,0.01,0.44,-0.97,-0.2,0.07,-3.42,-0.84,-0.07,-7.24, , , , , , , ,731.5,731.29,400.0,300.0, , , ,, , , , , 
09:56:16,-0.51,-0.09,-0.05,0.25,-0.9,-0.46,-0.17,-3.36,-1.03,-0.33,-7.03, , , , , , , ,731.29,731.23,200.0,100.0, , , ,, , , , , 
09:56:19,-0.57,-0.29,-0.04,0.18,-1.0,-0.67,-0.37,-3.51,-1.01,-0.68,-7.03, , , , , , , ,731.29,731.23,400.0,100.0, , , ,, , , , , 
09:56:22,-0.75,-0.33,-0.12,0.12,-1.2,-0.83,-0.44,-3.88,-1.3,-0.68,-7.17, , , , , , , ,731.5,731.23,200.0,100.0, , , ,, , , , , 
09:56:25,-0.61,-0.23,-0.11,0.17,-1.26,-0.63,-0.31,-4.16,-1.09,-0.56,-7.26, , , , , , , ,731.5,731.29,500.0,200.0, , , ,, , , , , 
09:56:28,-0.6,-0.23,-0.11,0.21,-1.31,-0.56,-0.4,-4.33,-1.13,-0.48,-7.21, , , , , , , ,731.5,731.29,500.0,100.0, , , ,, , , , , 
09:56:31,-0.53,-0.25,-0.12,0.22,-1.33,-0.55,-0.35,-4.48,-0.91,-0.63,-7.13, , , , , , , ,731.5,731.23,400.0,200.0, , , ,, , , , , 
09:56:34,-0.51,-0.06,-0.1,0.29,-1.44,-0.45,-0.18,-4.65,-0.99,-0.29,-7.13, , , , , , , ,731.5,731.3,400.0,100.0, , , ,, , , , , 
09:56:37,-0.68,-0.14,-0.28,0.14,-1.46,-0.62,-0.18,-4.78,-1.13,-0.37,-6.96, , , , , , , ,731.5,731.2,200.0,100.0, , , ,, , , , , 
09:56:40,-1.0,-0.52,-0.56,-0.24,-1.33,-0.78,-0.68,-4.83,-1.66,-0.64,-6.75, , , , , , , ,731.23,731.2,1300.0,100.0, , , ,, , , , , 
09:56:43,-0.97,-0.49,-0.5,-0.18,-1.4,-0.96,-0.53,-5.0,-1.47,-0.78,-6.72, , , , , , , ,731.23,731.2,800.0,200.0, , , ,, , , , , 
09:56:46,-1.1,-0.63,-0.53,-0.27,-1.41,-0.97,-0.79,-5.07,-1.81,-0.84,-6.62, , , , , , , ,731.22,731.12,800.0,300.0, , , ,, , , , , 
09:56:49,-1.25,-0.81,-0.8,-0.31,-1.5,-1.37,-1.03,-5.18,-1.58,-1.1,-6.58,-300.0,731.12,731.12,-200.0,-200.0, ,-1.31,731.22,731.12,1000.0,100.0, ,2018-05-23 09:56:49.702000,2018-05-23 09:56:49.702000,, , ,CANCELED, , 
09:56:52,-1.27,-0.88,-0.72,-0.42,-1.48,-1.35,-1.08,-5.08,-1.73,-1.16,-6.42,-300.0,731.02,731.02,-300.0,-500.0, ,-1.26,731.12,731.02,300.0,200.0, ,2018-05-23 09:56:53.311000,2018-05-23 09:56:53.311000,, , ,FILLED, , 
09:56:55,-1.26,-0.93,-0.77,-0.49,-1.56,-1.42,-1.05,-5.12,-1.6,-1.26,-6.29, , , , , , , ,731.02,731.0,400.0,4100.0, , , ,, , , , , 
09:56:58,-1.39,-1.01,-0.88,-0.6,-1.79,-1.44,-1.24,-5.23,-1.85,-1.2,-6.26,-600.0,731.0,731.0,-600.0,-1100.0, ,-1.17,731.02,731.0,900.0,4100.0, ,2018-05-23 09:56:58.704000,2018-05-23 09:56:58.704000,, , ,FILLED, , 
09:57:01,-1.5,-1.04,-1.13,-0.79,-2.12,-1.56,-1.17,-5.35,-1.81,-1.14,-6.25,-600.0,731.0,731.0,-600.0,-1700.0, ,-1.18,731.02,731.0,800.0,2100.0, ,2018-05-23 09:57:01.660000,2018-05-23 09:57:01.660000,, , ,FILLED, , 
09:57:04,-1.65,-1.18,-1.27,-0.82,-2.15,-1.68,-1.43,-5.28,-2.01,-1.28,-6.16,-400.0,730.83,730.83,-400.0,-2100.0, ,-0.98,730.84,730.83,100.0,200.0, ,2018-05-23 09:57:04.672000,2018-05-23 09:57:04.672000,, , ,FILLED, , 
09:57:07,-1.65,-1.26,-1.24,-1.1,-2.4,-1.72,-1.27,-5.38,-2.0,-1.4,-6.11,-400.0,730.8,730.8,-300.0,-2400.0, ,-1.01,730.84,730.8,2500.0,300.0, ,2018-05-23 09:57:07.724000,2018-05-23 09:57:07.723000,, , ,CANCELED, , 
09:57:10,-1.84,-1.38,-1.31,-1.21,-2.48,-2.03,-1.58,-5.51,-2.16,-1.34,-6.01,-400.0,730.75,730.75,-400.0,-2800.0, ,-0.95,730.76,730.75,100.0,200.0, ,2018-05-23 09:57:11.377000,2018-05-23 09:57:11.377000,, , ,FILLED, , 
09:57:13,-1.95,-1.35,-1.75,-1.16,-2.35,-2.13,-1.53,-5.49,-1.97,-1.36,-5.79,-600.0,730.6,730.6,-600.0,-3400.0, ,-0.85,730.63,730.6,100.0,800.0, ,2018-05-23 09:57:13.947000,2018-05-23 09:57:13.947000,, , ,FILLED, , 
09:57:16,-1.98,-1.39,-1.75,-1.26,-2.39,-2.08,-1.54,-5.59,-2.11,-1.37,-5.52,-600.0,730.5,730.5,-229.0,-3629.0, ,-0.84,730.6,730.5,400.0,1029.0, ,2018-05-23 09:57:16.651000,2018-05-23 09:57:16.651000,, , ,CANCELED, , 
09:57:19,-2.1,-1.47,-1.88,-1.42,-2.48,-2.35,-1.48,-5.71,-2.07,-1.5,-5.41,-400.0,730.49,730.49,-300.0,-3929.0, ,-0.74,730.5,730.49,371.0,200.0, ,2018-05-23 09:57:20.414000,2018-05-23 09:57:20.414000,, , ,CANCELED, , 
09:57:22,-2.21,-1.53,-1.92,-1.5,-2.64,-2.51,-1.64,-5.79,-2.21,-1.46,-5.32, , , , , , , ,730.49,730.41,200.0,2000.0, , , ,, , , , , 
09:57:25,-2.04,-1.35,-1.65,-1.2,-2.87,-2.43,-1.47,-6.0,-2.05,-1.39,-5.31, , , , , , , ,730.49,730.41,100.0,1800.0, , , ,, , , , , 
09:57:28,-2.13,-1.39,-1.72,-1.31,-3.12,-2.48,-1.63,-6.21,-2.18,-1.22,-5.37,-500.0,730.39,730.39,-400.0,-4329.0, ,-0.93,730.6,730.39,400.0,200.0, ,2018-05-23 09:57:28.660000,2018-05-23 09:57:28.659000,, , ,CANCELED, , 
09:57:31,-2.11,-1.34,-1.72,-1.29,-3.08,-2.54,-1.47,-6.16,-2.06,-1.27,-5.16, , , , , , , ,730.39,730.28,200.0,800.0, , , ,, , , , , 
09:57:34,-2.13,-1.33,-1.8,-1.25,-3.17,-2.51,-1.62,-6.29,-2.09,-1.12,-5.13, , , , , , , ,730.4,730.21,400.0,300.0, , , ,, , , , , 
09:57:37,-1.99,-1.25,-1.58,-1.18,-3.29,-2.43,-1.5,-6.34,-1.94,-1.05,-5.04, , , , , , , ,730.3,730.21,1100.0,300.0, , , ,, , , , , 
09:57:40,-1.91,-1.18,-1.64,-0.96,-3.49,-2.13,-1.57,-6.44,-1.95,-1.0,-5.0, , , , , , , ,730.3,730.18,900.0,300.0, , , ,, , , , , 
09:57:43,-1.72,-0.99,-1.35,-0.89,-3.55,-1.98,-1.18,-6.29,-1.82,-0.91,-4.82, , , , , , , ,730.21,730.1,200.0,600.0, , , ,, , , , , 
09:57:46,-1.63,-1.01,-1.33,-0.93,-3.67,-1.67,-1.08,-6.22,-1.89,-1.0,-4.7, , , , , , , ,730.17,730.1,100.0,600.0, , , ,, , , , , 
09:57:49,-1.68,-1.09,-1.48,-1.18,-3.65,-1.81,-1.26,-5.94,-1.74,-0.84,-4.44, , , , , , , ,730.1,730.0,400.0,17600.0, , , ,, , , , , 
09:57:52,-2.58,-1.76,-2.64,-2.25,-3.55,-2.82,-1.91,-5.57,-2.28,-1.13,-4.17,-600.0,729.9,0.0,-0.0,-4329.0, , ,729.99,729.9,300.0,400.0, ,2018-05-23 09:57:52.730000,2018-05-23 09:57:52.730000,, , ,CANCELED, , 
09:57:55,-2.75,-1.78,-2.89,-2.24,-3.51,-2.93,-1.88,-5.12,-2.42,-1.23,-3.91,-600.0,729.8,729.8,-600.0,-4929.0, ,-0.07,729.85,729.8,200.0,5000.0, ,2018-05-23 09:57:56.037000,2018-05-23 09:57:56.037000,, , ,FILLED, , 
09:57:58,-2.71,-1.78,-2.99,-2.22,-3.38,-2.75,-1.88,-4.61,-2.39,-1.24,-3.46,-600.0,729.5,729.5,-100.0,-5029.0, ,-0.03,729.8,729.5,5300.0,100.0, ,2018-05-23 09:57:58.728000,2018-05-23 09:57:58.728000,, , ,CANCELED, , 
09:58:01,-2.53,-1.57,-2.82,-1.87,-3.1,-2.62,-1.75,-4.08,-2.15,-1.1,-2.84,-600.0,729.23,729.23,-600.0,-5629.0, ,0.18,729.5,729.23,500.0,800.0, ,2018-05-23 09:58:02.069000,2018-05-23 09:58:02.069000,, , ,FILLED, , 
09:58:04,-2.48,-1.47,-2.55,-1.62,-2.79,-2.87,-1.7,-3.38,-2.02,-1.08,-2.12,-300.0,729.01,729.01,-300.0,-5929.0, ,0.73,729.02,729.01,100.0,100.0, ,2018-05-23 09:58:04.742000,2018-05-23 09:58:04.742000,, , ,FILLED, , 
09:58:07,-2.55,-1.44,-2.61,-1.74,-2.91,-2.97,-1.62,-3.34,-2.06,-0.96,-1.72, , , , , , , ,729.01,729.0,200.0,1600.0, , , ,, , , , , 
09:58:10,-2.67,-1.6,-2.75,-1.9,-2.96,-2.96,-1.7,-3.08,-2.31,-1.18,-1.19, , , , , , , ,728.89,728.88,400.0,400.0, , , ,, , , , , 
09:58:13,-2.56,-1.47,-2.61,-1.8,-3.1,-2.83,-1.58,-2.99,-2.25,-1.01,-0.9, , , , , , , ,728.88,728.85,100.0,100.0, , , ,, , , , , 
09:58:16,-2.3,-1.28,-2.05,-1.51,-3.25,-2.71,-1.37,-3.13,-2.13,-0.96,-0.6, , , , , , , ,728.87,728.8,1300.0,300.0, , , ,, , , , , 
09:58:19,-2.17,-1.12,-1.84,-1.33,-3.17,-2.55,-1.14,-2.85,-2.11,-0.89,-0.25, , , , , , , ,728.66,728.6,100.0,200.0, , , ,, , , , , 
09:58:22,-1.85,-0.83,-1.54,-1.03,-3.02,-1.98,-0.62,-2.66,-2.02,-0.83,-0.01, , , , , , , ,728.79,728.05,100.0,100.0, , , ,, , , , , 
09:58:25,-1.32,-0.4,-1.07,-0.45,-2.95,-1.25,-0.26,-2.46,-1.64,-0.49,0.27, , , , , , , ,728.41,728.01,1100.0,300.0, , , ,, , , , , 
09:58:28,-1.25,-0.24,-1.14,-0.56,-3.0,-1.29,0.17,-2.34,-1.34,-0.31,0.33, , , , , , , ,728.3,728.0,200.0,4400.0, , , ,, , , , , 
09:58:31,-1.44,-0.36,-1.3,-0.68,-3.12,-1.41,-0.11,-2.35,-1.62,-0.28,0.38, , , , , , , ,728.21,728.0,500.0,3100.0, , , ,, , , , , 
09:58:34,-1.5,-0.58,-1.51,-1.17,-2.98,-1.35,-0.16,-2.25,-1.63,-0.39,0.66, , , , , , , ,728.0,727.77,5000.0,100.0, , , ,, , , , , 
09:58:37,-1.55,-0.69,-1.64,-1.27,-3.04,-1.33,-0.49,-2.32,-1.67,-0.31,0.72, , , , , , , ,727.99,727.68,1200.0,200.0, , , ,, , , , , 
09:58:40,-1.55,-0.73,-1.48,-1.38,-2.81,-1.5,-0.42,-2.21,-1.68,-0.38,1.05, , , , , , , ,727.68,727.5,200.0,100.0, , , ,, , , , , 
09:58:43,-1.61,-0.59,-1.54,-0.96,-2.59,-1.6,-0.52,-2.21,-1.69,-0.3,1.27, , , , , , , ,727.66,727.23,100.0,400.0, , , ,, , , , , 
09:58:46,-1.44,-0.48,-1.48,-0.77,-2.44,-1.28,-0.37,-2.1,-1.56,-0.3,1.38, , , , , , , ,727.5,727.24,400.0,200.0, , , ,, , , , , 
09:58:49,-1.01,-0.1,-0.99,-0.41,-2.36,-1.07,-0.16,-2.17,-0.98,0.26,1.29, , , , , , , ,727.49,727.38,100.0,1300.0, , , ,, , , , , 
09:58:52,-0.99,0.19,-1.03,-0.16,-1.95,-0.94,0.2,-1.9,-0.99,0.53,1.5, , , , , , , ,727.38,727.22,2000.0,4600.0, , , ,, , , , , 
09:58:55,-0.69,0.51,-0.8,0.14,-1.67,-0.51,0.47,-1.9,-0.75,0.91,1.49, , , , , , , ,727.38,727.23,3300.0,200.0, , , ,, , , , , 
09:58:58,-0.73,0.23,-0.96,-0.1,-1.0,-0.22,0.33,-1.54,-1.01,0.46,1.88, , , , , , , ,727.02,727.01,100.0,100.0, , , ,, , , , , 
09:59:01,-1.17,-0.25,-1.31,-0.9,-1.0,-0.9,-0.11,-1.67,-1.29,0.25,1.75, , , , , , , ,727.22,727.0,9589.0,1200.0, , , ,, , , , , 
09:59:04,-1.25,-0.44,-1.31,-1.02,-0.57,-1.13,-0.32,-1.46,-1.31,0.02,1.95, , , , , , , ,727.09,726.84,1100.0,100.0, , , ,, , , , , 
09:59:07,-1.35,-0.51,-1.6,-1.06,-0.36,-1.34,-0.42,-1.14,-1.11,-0.06,2.13, , , , , , , ,727.0,726.66,7982.0,200.0, , , ,, , , , , 
09:59:10,-1.13,-0.31,-1.56,-0.84,0.01,-0.76,-0.1,-0.79,-1.06,-0.0,2.46, , , , , , , ,726.66,726.6,100.0,100.0, , , ,, , , , , 
09:59:13,-0.65,0.08,-0.96,-0.25,0.3,-0.27,0.08,-0.5,-0.72,0.42,2.78, , , , , , , ,726.6,726.33,100.0,100.0, , , ,, , , , , 
09:59:16,-0.35,0.48,-0.63,0.07,0.07,0.05,0.55,-0.52,-0.47,0.82,2.75, , , , , , , ,726.59,726.4,1001.0,200.0, , , ,, , , , , 
09:59:19,-0.57,0.5,-1.0,0.07,0.4,-0.16,0.55,-0.2,-0.54,0.89,3.05, , , , , , , ,726.33,726.2,500.0,2700.0, , , ,, , , , , 
09:59:22,-0.59,0.36,-1.22,-0.09,0.58,0.15,0.42,0.09,-0.7,0.74,3.26, , , , , , , ,726.13,726.0,600.0,3600.0, , , ,, , , , , 
09:59:25,-0.83,0.14,-1.34,-0.39,0.48,-0.42,0.08,0.01,-0.74,0.74,3.17, , , , , , , ,726.13,726.01,900.0,600.0, , , ,, , , , , 
09:59:28,-0.95,-0.02,-1.45,-0.63,0.8,-0.61,0.07,0.34,-0.79,0.51,3.5, , , , , , , ,726.0,725.73,2100.0,1000.0, , , ,, , , , , 
09:59:31,-0.69,0.31,-1.08,0.01,0.76,-0.54,0.08,0.42,-0.44,0.83,3.64, , , , , , , ,726.02,725.66,2301.0,100.0, , , ,, , , , , 
09:59:34,-0.28,0.46,-0.83,0.17,0.94,0.27,0.39,0.84,-0.28,0.82,4.11, , , , , , , ,725.73,725.42,100.0,100.0, , , ,, , , , , 
09:59:37,-0.11,0.66,-0.75,0.54,0.78,0.29,0.39,0.95,0.12,1.04,4.21, , , , , , , ,725.73,725.42,900.0,300.0, , , ,, , , , , 
09:59:40,0.15,0.88,-0.35,0.6,0.67,0.6,0.71,1.07,0.2,1.33,4.35,3000.0,725.45,725.45,500.0,-5429.0, ,5.46,725.58,725.43,500.0,200.0, ,2018-05-23 09:59:40.664000,2018-05-23 09:59:40.664000,, , ,CANCELED, , 
09:59:43,0.37,1.14,-0.03,0.93,0.45,0.79,1.02,1.08,0.34,1.48,4.31,3000.0,725.47,725.45,2000.0,-3429.0, ,5.52,725.58,725.45,100.0,2500.0, ,2018-05-23 09:59:43.950000,2018-05-23 09:59:43.950000,, , ,CANCELED, , 
09:59:46,0.7,1.32,0.29,0.92,0.28,1.26,1.43,0.94,0.53,1.62,4.08,3000.0,725.65,725.642,500.0,-2929.0, ,5.45,725.66,725.63,100.0,100.0, ,2018-05-23 09:59:47.491000,2018-05-23 09:59:47.491000,, , ,CANCELED, , 
09:59:49,0.84,1.37,0.38,1.1,0.21,1.59,1.51,0.9,0.54,1.5,3.92,3600.0,725.73,0.0,0.0,-2929.0, , ,725.73,725.68,800.0,300.0, ,2018-05-23 09:59:50.525000,2018-05-23 09:59:50.525000,, , ,CANCELED, , 
09:59:52,0.93,1.72,0.63,1.5,-0.12,1.48,1.82,0.51,0.68,1.84,3.39,3600.0,726.02,726.02,2002.0,-927.0, ,5.21,726.02,726.0,1502.0,600.0, ,2018-05-23 09:59:53.055000,2018-05-23 09:59:53.055000,, , ,CANCELED, , 
09:59:55,0.96,1.82,0.5,1.69,-0.36,1.34,1.76,0.31,1.06,2.01,3.02,1600.0,726.32,726.32,1600.0,673.0,22287.47,5.15,726.32,726.04,100.0,600.0, ,2018-05-23 09:59:56.059000,2018-05-23 09:59:56.059000,, , ,FILLED,4325905.7941608215,4303618.326810195
09:59:58,0.95,1.83,0.56,1.74,-0.78,1.3,1.79,-0.04,0.99,1.96,2.53, , , , , , , ,726.6,726.32,100.0,400.0, , , ,, , , , , 
10:00:01,0.78,1.63,0.43,1.63,-0.82,0.95,1.53,-0.07,0.94,1.74,2.44, , , , , , , ,726.66,726.33,400.0,800.0, , , ,, , , , , 
10:00:04,0.81,1.73,0.74,1.67,-0.7,0.98,1.76,-0.11,0.71,1.77,2.46, , , , , , , ,726.5,726.33,400.0,200.0, , , ,, , , , , 
10:00:07,0.69,1.49,0.55,1.4,-1.14,0.84,1.62,-0.66,0.68,1.45,1.88, , , , , , , ,727.0,726.66,3500.0,2300.0, , , ,, , , , , 
10:00:10,0.57,1.39,0.4,1.22,-0.66,0.74,1.59,-0.24,0.56,1.35,2.27, , , , , , , ,726.55,726.52,100.0,100.0, , , ,, , , , , 
10:00:13,0.36,1.15,0.29,1.09,-0.9,0.5,1.32,-0.52,0.29,1.02,1.92, , , , , , , ,726.83,726.68,2000.0,400.0, , , ,, , , , , 
10:00:16,0.11,0.94,0.26,1.0,-0.69,0.16,1.2,-0.14,-0.07,0.63,2.12, , , , , , , ,726.68,726.57,2100.0,600.0, , , ,, , , , , 
10:00:19,0.02,0.71,0.15,0.86,-0.23,-0.06,0.82,0.34,-0.02,0.46,2.63, , , , , , , ,726.57,726.02,1900.0,218.0, , , ,, , , , , 
10:00:22,-0.06,0.65,0.12,0.77,-0.56,-0.05,0.82,0.04,-0.25,0.35,2.36, , , , , , , ,726.57,726.5,1400.0,100.0, , , ,, , , , , 
10:00:25,-0.43,0.36,-0.16,0.29,-0.57,-0.48,0.55,0.11,-0.66,0.24,2.49, , , , , , , ,726.5,726.48,400.0,300.0, , , ,, , , , , 
10:00:28,-0.45,0.33,-0.11,0.35,-0.36,-0.45,0.4,0.28,-0.8,0.24,2.66, , , , , , , ,726.55,726.2,300.0,100.0, , , ,, , , , , 
10:00:31,-0.37,0.19,-0.16,0.26,-0.32,-0.25,0.17,0.27,-0.72,0.16,2.68, , , , , , , ,726.55,726.2,1200.0,200.0, , , ,, , , , , 
10:00:34,-0.4,0.12,-0.21,0.17,-0.2,-0.08,0.12,0.33,-0.91,0.08,2.74, , , , , , , ,726.55,726.1,1000.0,300.0, , , ,, , , , , 
10:00:37,-0.72,-0.1,-0.56,-0.18,0.44,-0.6,-0.09,0.86,-1.0,-0.03,3.26,-600.0,725.98,725.98,-600.0,73.0,-746.39,-1.53,726.0,725.88,9411.0,200.0, ,2018-05-23 10:00:37.767000,2018-05-23 10:00:37.767000,, , ,FILLED,488110.319438056,488856.7120332479
10:00:40,-1.26,-0.6,-1.29,-0.76,0.47,-1.17,-0.61,0.89,-1.33,-0.43,3.27, , , , , , , ,726.0,725.88,9511.0,100.0, , , ,, , , , , 
10:00:43,-1.14,-0.7,-1.04,-0.89,0.76,-1.08,-0.83,1.22,-1.3,-0.38,3.52, , , , , , , ,725.98,725.51,800.0,100.0, , , ,, , , , , 
10:00:46,-0.83,-0.49,-1.04,-0.69,0.84,-0.56,-0.6,1.36,-0.88,-0.18,3.56, , , , , , , ,725.75,725.68,400.0,100.0, , , ,, , , , , 
10:00:49,-0.67,-0.1,-0.94,-0.44,0.51,-0.51,0.03,1.12,-0.56,0.1,3.18, , , , , , , ,726.0,725.98,1711.0,100.0, , , ,, , , , , 
10:00:52,-0.41,0.05,-0.75,-0.2,0.54,-0.1,0.05,1.26,-0.39,0.3,3.18, , , , , , , ,726.0,725.98,211.0,100.0, , , ,, , , , , 
10:00:55,-0.14,0.16,-0.59,-0.09,0.57,0.1,0.15,1.36,0.08,0.42,3.17, , , , , , , ,726.0,725.98,400.0,300.0, , , ,, , , , , 
10:00:58,0.09,0.26,-0.26,0.24,0.99,0.4,0.18,1.94,0.13,0.37,3.54, , , , , , , ,725.88,725.55,800.0,100.0, , , ,, , , , , 
10:01:01,0.22,0.42,-0.08,0.36,0.76,0.54,0.57,1.93,0.18,0.34,3.27, , , , , , , ,725.98,725.8,100.0,200.0, , , ,, , , , , 
10:01:04,0.19,0.49,-0.04,0.45,0.46,0.38,0.58,2.0,0.22,0.44,3.1, , , , , , , ,726.02,726.0,11.0,2600.0, , , ,, , , , , 
10:01:07,0.3,0.65,0.03,0.62,0.47,0.36,0.61,2.4,0.5,0.73,3.08, , , , , , , ,726.02,726.0,211.0,1899.0, , , ,, , , , , 
10:01:10,0.06,0.48,-0.11,0.62,0.36,0.14,0.33,2.64,0.14,0.48,2.92, , , , , , , ,726.2,726.0,11.0,1699.0, , , ,, , , , , 
10:01:13,-0.04,0.51,-0.01,0.53,0.39,0.02,0.66,2.91,-0.12,0.35,2.88, , , , , , , ,726.2,726.0,111.0,1599.0, , , ,, , , , , 
10:01:16,-0.07,0.55,0.07,0.66,0.45,-0.12,0.69,3.04,-0.17,0.31,2.73, , , , , , , ,726.2,726.18,111.0,400.0, , , ,, , , , , 
10:01:19,0.25,0.79,0.31,0.87,0.61,0.43,1.12,3.23,0.01,0.38,2.83, , , , , , , ,726.2,726.0,11.0,1199.0, , , ,, , , , , 
10:01:22,0.27,0.66,0.22,0.89,0.63,0.51,0.79,3.18,0.07,0.29,2.88, , , , , , , ,726.2,726.02,111.0,200.0, , , ,, , , , , 
10:01:25,0.16,0.61,0.17,0.81,0.65,0.36,0.83,3.17,-0.04,0.2,2.95, , , , , , , ,726.2,726.0,412.0,1199.0, , , ,, , , , , 
10:01:28,0.09,0.47,0.07,0.72,0.78,0.34,0.5,3.27,-0.14,0.18,3.13, , , , , , , ,726.02,726.0,12.0,1299.0, , , ,, , , , , 
10:01:31,0.09,0.39,0.06,0.56,0.45,0.17,0.43,2.94,0.03,0.19,2.87, , , , , , , ,726.28,726.2,1000.0,688.0, , , ,, , , , , 
10:01:34,0.09,0.43,0.1,0.64,0.44,0.05,0.45,2.93,0.12,0.19,2.87, , , , , , , ,726.28,726.2,1000.0,1688.0, , , ,, , , , , 
10:01:37,0.17,0.61,0.16,0.77,0.45,0.22,0.82,2.92,0.15,0.24,2.88, , , , , , , ,726.28,726.2,400.0,288.0, , , ,, , , , , 
10:01:40,-0.03,0.38,-0.12,0.59,0.37,-0.04,0.42,2.8,0.06,0.14,2.79, , , , , , , ,726.36,726.28,1000.0,87.0, , , ,, , , , , 
10:01:43,-0.24,0.25,-0.06,0.46,0.43,-0.36,0.18,2.81,-0.3,0.11,2.81, , , , , , , ,726.36,726.28,900.0,2387.0, , , ,, , , , , 
10:01:46,-0.35,0.2,-0.1,0.47,0.53,-0.45,0.06,2.83,-0.49,0.06,2.82, , , , , , , ,726.36,726.28,300.0,2287.0, , , ,, , , , , 
10:01:49,0.04,0.37,0.01,0.57,0.61,-0.02,0.47,2.77,0.12,0.05,2.78, , , , , , , ,726.44,726.28,300.0,2287.0, , , ,, , , , , 
10:01:52,0.09,0.46,0.03,0.68,0.67,0.12,0.61,2.71,0.11,0.08,2.7, , , , , , , ,726.44,726.4,300.0,100.0, , , ,, , , , , 
10:01:55,0.16,0.49,0.01,0.67,0.77,0.33,0.79,2.71,0.16,0.02,2.72, , , , , , , ,726.44,726.4,100.0,300.0, , , ,, , , , , 
10:01:58,0.15,0.47,0.07,0.71,0.96,0.37,0.67,2.69,0.01,0.01,2.75, , , , , , , ,726.49,726.36,500.0,500.0, , , ,, , , , , 
10:02:01,0.24,0.59,0.15,0.72,1.14,0.55,1.0,2.63,0.02,0.03,2.65, , , , , , , ,726.49,726.44,400.0,100.0, , , ,, , , , , 
10:02:04,0.24,0.6,0.21,0.77,1.38,0.55,0.98,2.64,-0.03,0.04,2.6, , , , , , , ,726.49,726.44,400.0,200.0, , , ,, , , , , 
10:02:07,0.26,0.38,0.09,0.51,2.42,0.63,0.63,3.29,0.06,0.01,3.19, , , , , , , ,726.0,725.99,114.0,300.0, , , ,, , , , , 
10:02:10,-0.52,-0.11,-0.36,0.02,2.09,-0.62,-0.12,2.65,-0.58,-0.24,2.42, , , , , , , ,726.5,726.49,300.0,286.0, , , ,, , , , , 
10:02:13,-0.62,-0.25,-0.35,-0.03,2.34,-0.82,-0.28,2.72,-0.71,-0.45,2.38, , , , , , , ,726.52,726.49,100.0,486.0, , , ,, , , , , 
10:02:16,-0.53,-0.24,-0.31,-0.04,2.56,-0.6,-0.19,2.71,-0.67,-0.48,2.33, , , , , , , ,726.57,726.49,100.0,200.0, , , ,, , , , , 
10:02:19,-0.48,-0.26,-0.31,0.08,2.62,-0.55,-0.3,2.67,-0.59,-0.54,2.28, , , , , , , ,726.57,726.52,100.0,200.0, , , ,, , , , , 
10:02:22,-0.67,-0.22,-0.52,0.21,2.51,-0.69,-0.32,2.54,-0.81,-0.57,2.21, , , , , , , ,726.6,726.59,2900.0,100.0, , , ,, , , , , 
10:02:25,-0.62,-0.14,-0.41,0.34,2.49,-0.78,-0.05,2.45,-0.68,-0.71,2.24, , , , , , , ,726.6,726.59,2800.0,1100.0, , , ,, , , , , 
10:02:28,-0.36,0.03,-0.19,0.45,2.53,-0.46,0.17,2.56,-0.42,-0.52,2.33, , , , , , , ,726.57,726.53,300.0,100.0, , , ,, , , , , 
10:02:31,-0.46,-0.1,-0.3,0.34,2.5,-0.57,-0.07,2.66,-0.49,-0.59,2.38, , , , , , , ,726.57,726.54,200.0,100.0, , , ,, , , , , 
10:02:34,-0.35,-0.09,-0.19,0.4,2.47,-0.44,0.03,2.74,-0.41,-0.69,2.38, , , , , , , ,726.6,726.54,2100.0,100.0, , , ,, , , , , 
10:02:37,-0.35,-0.12,-0.13,0.33,2.48,-0.53,0.02,2.85,-0.37,-0.7,2.37, , , , , , , ,726.6,726.52,1800.0,1500.0, , , ,, , , , , 
10:02:40,-0.16,0.13,0.07,0.56,2.43,-0.19,0.22,2.84,-0.36,-0.39,2.34, , , , , , , ,726.6,726.58,200.0,100.0, , , ,, , , , , 
10:02:43,0.14,0.39,0.27,0.69,2.4,0.2,0.54,2.77,-0.04,-0.06,2.3, , , , , , , ,726.65,726.6,100.0,2800.0, , , ,, , , , , 
10:02:46,0.36,0.54,0.43,0.84,2.23,0.47,0.81,2.55,0.17,-0.03,2.13, , , , , , , ,726.76,726.75,200.0,100.0, , , ,, , , , , 
10:02:49,0.32,0.71,0.42,0.87,2.08,0.32,1.14,2.33,0.23,0.12,2.02, , , , , , , ,726.95,726.77,100.0,200.0, , , ,, , , , , 
10:02:52,0.64,1.05,0.76,1.3,1.92,0.8,1.36,2.04,0.37,0.5,1.83, , , , , , , ,727.0,726.99,3200.0,1800.0, , , ,, , , , , 
10:02:55,0.84,1.38,1.0,1.58,1.92,0.92,1.53,1.9,0.61,1.05,1.87,600.0,727.0,727.0,600.0,673.0, ,-1.32,727.0,726.99,1500.0,2300.0, ,2018-05-23 10:02:55.738000,2018-05-23 10:02:55.738000,, , ,FILLED, , 
10:02:58,0.96,1.52,1.05,1.78,1.83,1.09,1.64,1.72,0.73,1.14,1.79,600.0,727.08,727.08,300.0,973.0, ,-1.26,727.08,727.03,200.0,500.0, ,2018-05-23 10:02:58.753000,2018-05-23 10:02:58.753000,, , ,CANCELED, , 
10:03:01,0.69,1.42,0.85,1.46,1.3,0.7,1.68,1.14,0.53,1.12,1.23, , , , , , , ,727.49,727.38,100.0,200.0, , , ,, , , , , 
10:03:04,0.46,1.26,0.66,1.21,0.96,0.31,1.47,0.72,0.42,1.09,0.9, , , , , , , ,727.99,727.38,100.0,500.0, , , ,, , , , , 
10:03:07,0.47,1.34,0.54,1.44,0.95,0.35,1.45,0.69,0.53,1.14,0.95, , , , , , , ,728.0,727.38,100.0,500.0, , , ,, , , , , 
10:03:10,0.06,1.18,-0.11,1.06,0.31,-0.07,1.55,-0.02,0.36,0.94,0.34, , , , , , , ,729.0,727.39,100.0,100.0, , , ,, , , , , 
10:03:13,-0.21,1.05,-0.06,0.97,-0.02,-0.53,1.32,-0.47,-0.05,0.86,0.05, , , , , , , ,729.0,728.0,200.0,100.0, , , ,, , , , , 
10:03:16,-0.43,0.77,-0.29,0.68,0.08,-0.46,0.95,-0.37,-0.53,0.66,0.13, , , , , , , ,728.88,728.0,900.0,300.0, , , ,, , , , , 
10:03:19,-0.72,0.52,-0.45,0.56,0.05,-0.97,0.62,-0.32,-0.73,0.39,0.04, , , , , , , ,728.88,728.0,900.0,400.0, , , ,, , , , , 
10:03:22,-0.67,0.39,-0.52,0.58,0.04,-0.74,0.39,-0.21,-0.75,0.2,0.03, , , , , , , ,728.77,728.04,400.0,100.0, , , ,, , , , , 
10:03:25,-0.8,0.23,-0.64,0.4,-0.03,-0.82,0.31,-0.12,-0.94,-0.01,-0.03, , , , , , , ,728.77,728.01,300.0,100.0, , , ,, , , , , 
10:03:28,-0.7,0.14,-0.65,0.35,0.04,-0.42,0.14,-0.1,-1.04,-0.06,-0.01, , , , , , , ,728.75,728.01,300.0,100.0, , , ,, , , , , 
10:03:31,-0.57,0.22,-0.7,0.34,0.15,-0.25,0.17,-0.09,-0.75,0.14,0.01, , , , , , , ,728.75,728.01,200.0,200.0, , , ,, , , , , 
10:03:34,-0.53,0.31,-0.69,0.55,0.28,-0.18,0.16,-0.05,-0.73,0.2,0.04, , , , , , , ,728.7,728.01,1100.0,900.0, , , ,, , , , , 
10:03:37,-0.63,0.33,-0.68,0.73,0.38,-0.37,0.28,-0.07,-0.84,-0.01,0.07, , , , , , , ,728.7,728.01,1000.0,900.0, , , ,, , , , , 
10:03:40,-0.61,0.29,-0.64,0.62,0.41,-0.34,0.33,-0.06,-0.85,-0.09,0.09, , , , , , , ,728.7,728.01,1100.0,2000.0, , , ,, , , , , 
10:03:43,-0.51,0.48,-0.53,0.63,0.39,-0.45,0.64,-0.08,-0.56,0.18,0.04, , , , , , , ,728.7,728.01,200.0,2100.0, , , ,, , , , , 
10:03:46,-0.34,0.59,-0.36,0.63,0.28,-0.22,0.72,-0.14,-0.42,0.41,-0.08, , , , , , , ,728.7,728.1,800.0,1900.0, , , ,, , , , , 
10:03:49,-0.35,0.61,-0.36,0.58,0.21,-0.22,0.78,-0.14,-0.46,0.46,-0.14, , , , , , , ,728.7,728.1,800.0,2000.0, , , ,, , , , , 
10:03:52,-0.39,0.56,-0.25,0.46,0.17,-0.34,0.57,-0.07,-0.56,0.66,-0.06, , , , , , , ,728.6,728.1,1000.0,1700.0, , , ,, , , , , 
10:03:55,-0.47,0.39,-0.38,0.51,-0.04,-0.57,0.42,-0.14,-0.48,0.23,-0.05, , , , , , , ,728.6,728.2,1100.0,100.0, , , ,, , , , , 
10:03:58,-0.44,0.3,-0.33,0.49,-0.14,-0.41,0.32,-0.16,-0.57,0.07,0.02, , , , , , , ,728.6,728.2,500.0,200.0, , , ,, , , , , 
10:04:01,-0.4,0.35,-0.3,0.47,-0.15,-0.41,0.46,-0.14,-0.48,0.11,0.12, , , , , , , ,728.55,728.2,400.0,100.0, , , ,, , , , , 
10:04:04,-0.34,0.34,-0.3,0.39,-0.2,-0.2,0.39,-0.12,-0.51,0.23,0.19, , , , , , , ,728.5,728.2,300.0,300.0, , , ,, , , , , 
10:04:07,-0.3,0.32,-0.29,0.43,-0.28,-0.25,0.33,-0.22,-0.36,0.2,0.17, , , , , , , ,728.5,728.3,300.0,100.0, , , ,, , , , , 
10:04:10,-0.4,0.24,-0.36,0.37,-0.3,-0.28,0.21,-0.24,-0.56,0.14,0.3, , , , , , , ,728.5,728.3,100.0,100.0, , , ,, , , , , 
10:04:13,-0.18,0.41,-0.11,0.48,-0.53,-0.07,0.52,-0.47,-0.37,0.23,0.3, , , , , , , ,728.58,728.5,100.0,5500.0, , , ,, , , , , 
10:04:16,0.06,0.48,0.19,0.43,-0.58,0.26,0.53,-0.58,-0.28,0.47,0.39, , , , , , , ,728.69,728.5,200.0,5700.0, , , ,, , , , , 
10:04:19,-0.09,0.53,-0.08,0.36,-0.33,0.03,0.55,-0.39,-0.23,0.68,0.85, , , , , , , ,728.69,728.2,200.0,100.0, , , ,, , , , , 
10:04:22,-0.56,0.13,-0.54,0.18,-0.14,-0.4,0.12,-0.21,-0.74,0.09,1.21, , , , , , , ,728.5,728.2,200.0,100.0, , , ,, , , , , 
10:04:25,-0.46,0.13,-0.35,0.23,-0.07,-0.37,0.17,-0.14,-0.66,-0.02,1.44, , , , , , , ,728.49,728.2,100.0,400.0, , , ,, , , , , 
10:04:28,-0.32,0.27,-0.25,0.21,-0.05,-0.19,0.32,-0.1,-0.52,0.29,1.67, , , , , , , ,728.5,728.2,200.0,400.0, , , ,, , , , , 
10:04:31,-0.4,0.26,-0.25,0.24,-0.38,-0.32,0.36,-0.38,-0.61,0.19,1.46, , , , , , , ,728.69,728.5,200.0,300.0, , , ,, , , , , 
10:04:34,-0.44,0.17,-0.38,0.18,-0.45,-0.34,0.2,-0.44,-0.6,0.13,1.5, , , , , , , ,728.69,728.6,200.0,100.0, , , ,, , , , , 
10:04:37,-0.27,0.18,-0.26,0.22,-0.47,-0.22,0.23,-0.43,-0.34,0.08,1.58, , , , , , , ,728.69,728.6,100.0,100.0, , , ,, , , , , 
10:04:40,-0.24,0.29,-0.15,0.28,-0.44,-0.17,0.29,-0.41,-0.4,0.3,1.68, , , , , , , ,728.69,728.58,100.0,300.0, , , ,, , , , , 
10:04:43,-0.11,0.33,-0.08,0.27,-0.54,-0.08,0.44,-0.46,-0.16,0.28,1.69, , , , , , , ,728.7,728.69,600.0,300.0, , , ,, , , , , 
10:04:46,-0.51,0.16,-0.4,0.18,-0.41,-0.47,0.22,-0.32,-0.65,0.07,1.9, , , , , , , ,728.7,728.5,600.0,100.0, , , ,, , , , , 
10:04:49,-0.69,-0.18,-0.47,0.13,-0.28,-0.73,-0.0,-0.16,-0.85,-0.66,2.1,-900.0,728.68,0.0,-0.0,973.0, , ,728.7,728.3,1400.0,200.0, ,2018-05-23 10:04:49.729000,2018-05-23 10:04:49.729000,, , ,CANCELED, , 
10:04:52,-0.86,-0.4,-0.69,-0.07,-0.14,-0.96,-0.18,-0.02,-0.95,-0.94,2.34,-900.0,728.48,728.48,-700.0,273.0, ,0.68,728.5,728.3,300.0,200.0, ,2018-05-23 10:04:53.197000,2018-05-23 10:04:53.197000,, , ,CANCELED, , 
10:04:55,-0.9,-0.44,-0.57,-0.09,-0.13,-1.07,-0.24,0.01,-1.05,-0.99,2.46,-200.0,728.46,728.46,-100.0,173.0, ,0.7,728.48,728.3,500.0,400.0, ,2018-05-23 10:04:56.221000,2018-05-23 10:04:56.221000,, , ,CANCELED, , 
10:04:58,-0.93,-0.4,-0.63,0.03,0.11,-1.13,-0.22,0.3,-1.03,-1.01,2.8,-100.0,728.2,728.2,-100.0,73.0,506.22,0.77,728.21,728.2,300.0,200.0, ,2018-05-23 10:04:59.239000,2018-05-23 10:04:59.239000,, , ,FILLED,654888.2522639476,654382.030893024
10:05:01,-0.87,-0.31,-0.67,0.08,0.09,-1.0,-0.16,0.26,-0.94,-0.85,2.9, , , , , , , ,728.21,728.2,300.0,100.0, , , ,, , , , , 
10:05:04,-0.9,-0.29,-0.75,-0.02,0.0,-0.93,-0.23,0.13,-1.03,-0.63,2.89, , , , , , , ,728.32,728.2,100.0,100.0, , , ,, , , , , 
10:05:07,-0.91,-0.33,-0.72,0.01,0.12,-0.91,-0.29,0.21,-1.11,-0.71,3.14, , , , , , , ,728.2,728.11,800.0,100.0, , , ,, , , , , 
10:05:10,-0.81,-0.31,-0.77,0.11,0.08,-0.67,-0.33,0.12,-0.98,-0.71,3.29, , , , , , , ,728.2,728.12,1000.0,100.0, , , ,, , , , , 
10:05:13,-0.74,-0.32,-0.63,0.03,0.06,-0.73,-0.25,0.12,-0.86,-0.74,3.45, , , , , , , ,728.2,728.11,1000.0,1400.0, , , ,, , , , , 
10:05:16,-0.73,-0.25,-0.63,-0.05,0.03,-0.62,-0.07,0.09,-0.95,-0.62,3.6, , , , , , , ,728.2,728.11,400.0,1300.0, , , ,, , , , , 
10:05:19,-0.57,0.04,-0.4,0.1,-0.07,-0.57,0.09,-0.01,-0.75,-0.07,3.6, , , , , , , ,728.31,728.11,100.0,1300.0, , , ,, , , , , 
10:05:22,-0.64,0.06,-0.38,0.12,-0.15,-0.61,0.1,-0.16,-0.93,-0.03,3.49, , , , , , , ,728.32,728.31,200.0,500.0, , , ,, , , , , 
10:05:25,-0.49,0.14,-0.41,0.25,-0.1,-0.51,0.23,-0.12,-0.55,-0.06,3.5, , , , , , , ,728.32,728.31,200.0,500.0, , , ,, , , , , 
10:05:28,-0.23,0.24,-0.12,0.32,-0.1,-0.15,0.3,-0.14,-0.44,0.1,3.54, , , , , , , ,728.4,728.31,800.0,400.0, , , ,, , , , , 
10:05:31,-0.33,0.17,-0.24,0.2,0.1,-0.31,0.28,0.05,-0.44,0.03,3.78, , , , , , , ,728.3,728.2,100.0,300.0, , , ,, , , , , 
10:05:34,-0.36,0.19,-0.26,0.22,-0.05,-0.35,0.37,-0.09,-0.46,-0.02,3.72, , , , , , , ,728.4,728.32,800.0,100.0, , , ,, , , , , 
10:05:37,-0.24,0.22,-0.22,0.15,0.04,-0.28,0.4,-0.03,-0.22,0.1,3.83, , , , , , , ,728.31,728.3,100.0,100.0, , , ,, , , , , 
10:05:40,-0.31,0.18,-0.2,0.19,0.05,-0.37,0.29,-0.01,-0.37,0.07,3.83, , , , , , , ,728.31,728.3,800.0,100.0, , , ,, , , , , 
10:05:43,-0.23,0.18,-0.18,0.2,0.09,-0.34,0.25,0.01,-0.18,0.1,3.81, , , , , , , ,728.31,728.28,800.0,300.0, , , ,, , , , , 
10:05:46,-0.16,0.31,-0.11,0.28,0.09,-0.33,0.39,-0.01,-0.04,0.25,3.77, , , , , , , ,728.31,728.3,700.0,100.0, , , ,, , , , , 
10:05:49,0.06,0.46,0.0,0.37,0.1,-0.02,0.59,0.03,0.18,0.43,3.83, , , , , , , ,728.31,728.3,600.0,300.0, , , ,, , , , , 
10:05:52,-0.06,0.3,-0.05,0.29,0.12,-0.12,0.41,0.05,-0.01,0.21,3.88, , , , , , , ,728.31,728.28,600.0,100.0, , , ,, , , , , 
10:05:55,-0.12,0.17,-0.12,0.19,0.15,-0.24,0.23,0.09,-0.0,0.09,3.93, , , , , , , ,728.3,728.28,200.0,200.0, , , ,, , , , , 
10:05:58,-0.18,0.2,-0.11,0.18,0.18,-0.31,0.29,0.1,-0.12,0.13,4.0, , , , , , , ,728.3,728.28,700.0,150.0, , , ,, , , , , 
10:06:01,-0.11,0.14,-0.07,0.17,0.2,-0.21,0.22,0.1,-0.05,0.03,4.07, , , , , , , ,728.3,728.2,450.0,700.0, , , ,, , , , , 
10:06:04,-0.09,0.18,-0.05,0.25,0.15,-0.2,0.18,0.12,-0.02,0.11,4.08, , , , , , , ,728.3,728.2,250.0,500.0, , , ,, , , , , 
10:06:07,-0.24,0.01,-0.17,0.12,0.08,-0.36,0.12,0.17,-0.2,-0.22,4.14, , , , , , , ,728.3,728.2,450.0,500.0, , , ,, , , , , 
10:06:10,-0.21,-0.01,-0.16,0.09,0.04,-0.33,0.15,0.31,-0.16,-0.25,4.2, , , , , , , ,728.3,728.13,250.0,100.0, , , ,, , , , , 
10:06:13,-0.33,-0.14,-0.31,0.06,0.1,-0.54,0.06,0.53,-0.15,-0.55,4.33, , , , , , , ,728.2,728.12,200.0,100.0, , , ,, , , , , 
10:06:16,-0.53,-0.26,-0.36,0.04,0.08,-0.59,-0.1,0.51,-0.64,-0.72,4.37, , , , , , , ,728.2,728.12,250.0,100.0, , , ,, , , , , 
10:06:19,-0.51,-0.26,-0.37,0.01,0.06,-0.62,-0.13,0.43,-0.54,-0.66,4.43, , , , , , , ,728.2,728.12,650.0,200.0, , , ,, , , , , 
10:06:22,-0.61,-0.36,-0.4,-0.04,0.06,-0.83,-0.26,0.37,-0.62,-0.78,4.53, , , , , , , ,728.2,728.12,650.0,200.0, , , ,, , , , , 
10:06:25,-0.01,0.23,0.13,0.53,-0.14,0.12,0.46,0.05,-0.29,-0.29,4.35, , , , , , , ,728.35,728.3,200.0,15750.0, , , ,, , , , , 
10:06:28,0.37,0.6,0.36,0.74,-0.1,0.79,0.81,0.07,-0.04,0.24,4.39, , , , , , , ,728.35,728.3,1300.0,15950.0, , , ,, , , , , 
10:06:31,0.24,0.48,0.2,0.74,-0.06,0.42,0.64,0.09,0.09,0.06,4.33, , , , , , , ,728.35,728.3,1300.0,15950.0, , , ,, , , , , 
10:06:34,0.11,0.34,0.1,0.52,-0.04,0.18,0.46,0.08,0.06,0.03,4.31, , , , , , , ,728.35,728.3,1300.0,10261.0, , , ,, , , , , 
10:06:37,-0.53,-0.09,-0.55,0.11,-0.06,-0.45,0.1,0.11,-0.58,-0.48,4.29, , , , , , , ,728.35,728.3,1200.0,5561.0, , , ,, , , , , 
10:06:40,-0.56,-0.19,-0.41,0.01,-0.07,-0.54,-0.1,0.1,-0.73,-0.48,4.25, , , , , , , ,728.35,728.33,1200.0,100.0, , , ,, , , , , 
10:06:43,-0.47,-0.06,-0.39,0.0,-0.1,-0.42,0.07,0.01,-0.6,-0.26,4.26, , , , , , , ,728.41,728.35,300.0,1600.0, , , ,, , , , , 
10:06:46,-0.33,0.1,-0.3,0.07,-0.1,-0.37,0.37,-0.04,-0.3,-0.13,4.26, , , , , , , ,728.41,728.35,400.0,400.0, , , ,, , , , , 
10:06:49,-0.38,-0.06,-0.47,0.07,-0.07,-0.41,0.07,-0.11,-0.26,-0.32,4.27, , , , , , , ,728.41,728.35,400.0,300.0, , , ,, , , , , 
10:06:52,-0.27,0.05,-0.29,0.15,-0.07,-0.44,0.25,-0.1,-0.07,-0.24,4.18, , , , , , , ,728.41,728.35,400.0,400.0, , , ,, , , , , 
10:06:55,-0.13,0.12,-0.21,0.18,-0.05,-0.22,0.29,-0.04,0.03,-0.11,4.13, , , , , , , ,728.43,728.35,100.0,100.0, , , ,, , , , , 
10:06:58,-0.02,0.29,-0.12,0.31,-0.13,-0.09,0.43,-0.06,0.15,0.12,4.02, , , , , , , ,728.5,728.41,100.0,300.0, , , ,, , , , , 
10:07:01,0.2,0.39,0.03,0.45,-0.2,0.21,0.51,-0.01,0.36,0.22,3.96, , , , , , , ,728.5,728.45,100.0,400.0, , , ,, , , , , 
10:07:04,-0.19,0.18,-0.38,0.18,0.12,-0.13,0.23,0.33,-0.06,0.14,4.34, , , , , , , ,728.3,728.2,1639.0,100.0, , , ,, , , , , 
10:07:07,-0.45,-0.03,-0.3,0.1,0.17,-0.54,0.05,0.36,-0.51,-0.23,4.33, , , , , , , ,728.3,728.2,1139.0,300.0, , , ,, , , , , 
10:07:10,-0.48,0.05,-0.34,0.14,0.26,-0.63,0.17,0.51,-0.46,-0.16,4.32, , , , , , , ,728.3,728.2,1039.0,200.0, , , ,, , , , , 
10:07:13,-0.52,-0.02,-0.27,0.2,0.4,-0.62,0.03,0.7,-0.68,-0.28,4.3, , , , , , , ,728.3,728.2,939.0,100.0, , , ,, , , , , 
10:07:16,-0.51,-0.16,-0.33,0.17,0.47,-0.55,-0.09,0.94,-0.66,-0.55,4.35, , , , , , , ,728.2,728.19,200.0,100.0, , , ,, , , , , 
10:07:19,-0.65,-0.3,-0.43,0.08,0.38,-0.88,-0.24,1.19,-0.66,-0.72,4.2, , , , , , , ,728.2,728.19,500.0,100.0, , , ,, , , , , 
10:07:22,-0.73,-0.22,-0.44,0.0,0.36,-1.07,-0.07,1.46,-0.7,-0.61,4.1, , , , , , , ,728.2,728.13,100.0,100.0, , , ,, , , , , 
10:07:25,-0.44,-0.05,-0.25,0.21,0.15,-0.57,0.04,1.57,-0.52,-0.41,3.83, , , , , , , ,728.3,728.2,39.0,300.0, , , ,, , , , , 
10:07:28,0.02,0.31,-0.09,0.31,0.11,-0.0,0.44,1.75,0.17,0.19,3.65, , , , , , , ,728.3,728.28,39.0,500.0, , , ,, , , , , 
10:07:31,0.07,0.3,-0.05,0.25,0.14,-0.02,0.36,1.89,0.3,0.29,3.65, , , , , , , ,728.3,728.28,39.0,500.0, , , ,, , , , , 
10:07:34,0.16,0.51,-0.02,0.31,0.13,0.04,0.74,1.99,0.46,0.47,3.63, , , , , , , ,728.3,728.28,39.0,600.0, , , ,, , , , , 
10:07:37,0.15,0.59,0.05,0.39,0.12,0.08,0.69,2.04,0.31,0.7,3.51, , , , , , , ,728.35,728.28,200.0,461.0, , , ,, , , , , 
10:07:40,-0.16,0.35,-0.25,0.24,0.24,-0.25,0.25,2.22,0.01,0.55,3.39, , , , , , , ,728.28,728.2,100.0,61.0, , , ,, , , , , 
10:07:43,-0.35,0.17,-0.27,0.18,0.08,-0.48,0.16,2.21,-0.29,0.18,3.04, , , , , , , ,728.35,728.3,500.0,400.0, , , ,, , , , , 
10:07:46,-0.36,0.08,-0.25,0.21,0.03,-0.46,0.08,2.29,-0.37,-0.05,2.92, , , , , , , ,728.35,728.3,500.0,300.0, , , ,, , , , , 
10:07:49,-0.58,0.03,-0.26,0.25,-0.04,-0.87,-0.04,2.35,-0.6,-0.13,2.78, , , , , , , ,728.35,728.3,400.0,100.0, , , ,, , , , , 
10:07:52,-0.5,0.01,-0.26,0.17,-0.02,-0.75,-0.08,2.45,-0.49,-0.07,2.79, , , , , , , ,728.35,728.3,400.0,100.0, , , ,, , , , , 
10:07:55,-0.38,0.07,-0.17,0.18,0.05,-0.48,0.07,2.55,-0.5,-0.02,2.79, , , , , , , ,728.35,728.3,200.0,300.0, , , ,, , , , , 
10:07:58,-0.19,0.16,-0.15,0.23,-0.04,-0.35,0.19,2.47,-0.07,0.06,2.57, , , , , , , ,728.59,728.3,100.0,100.0, , , ,, , , , , 
