,tick_time,bid,ask,bid 20,ask 20,la 20,bid 40,ask 40,la 40,bid 100,ask 100,la 100,order,price,avePrice,trans,net,askp0,bidp0,askv0,bidv0,profit,profit_rate,is_mocked,order_time,exchange_time,orderSide,new_order_status,reason
0,2018-05-08 09:30:15, , , , ,3.68, , ,8.21, , ,9.43, , , , , ,699.2,699.1,500.0,200.0, , , , , ,, , 
1,2018-05-08 09:30:18, , , , ,3.85, , ,8.36, , ,9.23, , , , , ,699.21,699.2,100.0,500.0, , , , , ,, , 
2,2018-05-08 09:30:21, , , , ,3.56, , ,8.04, , ,8.74, , , , , ,699.86,699.21,400.0,1900.0, , , , , ,, , 
3,2018-05-08 09:30:24, , , , ,3.64, , ,8.12, , ,8.7, , , , , ,699.7,699.5,300.0,1500.0, , , , , ,, , 
4,2018-05-08 09:30:27, , , , ,3.92, , ,8.09, , ,8.6, , , , , ,699.86,699.5,100.0,3400.0, , , , , ,, , 
5,2018-05-08 09:30:30, , , , ,4.3, , ,8.09, , ,8.49, , , , , ,699.88,699.5,100.0,1400.0, , , , , ,, , 
6,2018-05-08 09:30:33, , , , ,4.47, , ,7.96, , ,8.32, , , , , ,700.0,699.7,14700.0,1100.0, , , , , ,, , 
7,2018-05-08 09:30:36, , , , ,4.86, , ,7.87, , ,8.15, , , , , ,700.0,699.7,1100.0,200.0, , , , , ,, , 
8,2018-05-08 09:30:39, , , , ,4.19, , ,6.93, , ,7.14, , , , , ,700.58,700.3,100.0,1200.0, , , , , ,, , 
9,2018-05-08 09:30:42, , , , ,4.32, , ,6.42, , ,7.18, , , , , ,700.66,700.31,500.0,3100.0, , , , , ,, , 
10,2018-05-08 09:30:45, , , , ,4.1, , ,5.99, , ,6.8, , , , , ,700.8,700.67,100.0,1030.0, , , , , ,, , 
11,2018-05-08 09:30:48, , , , ,4.07, , ,5.82, , ,6.61, , , , , ,701.0,700.8,1600.0,600.0, , , , , ,, , 
12,2018-05-08 09:30:51, , , , ,4.22, , ,5.81, , ,6.77, , , , , ,701.0,700.81,1100.0,1600.0, , , , , ,, , 
13,2018-05-08 09:30:54, , , , ,4.14, , ,5.72, , ,6.63, , , , , ,701.06,701.0,700.0,9100.0, , , , , ,, , 
14,2018-05-08 09:30:57, , , , ,4.1, , ,5.2, , ,6.25, , , , , ,701.33,701.07,5500.0,1100.0, , , , , ,, , 
15,2018-05-08 09:31:00, , , , ,4.25, , ,4.96, , ,6.29, , , , , ,701.33,701.07,1200.0,1000.0, , , , , ,, , 
16,2018-05-08 09:31:03, , , , ,4.2, , ,4.62, , ,6.12, , , , , ,701.38,701.33,100.0,6600.0, , , , , ,, , 
17,2018-05-08 09:31:06, , , , ,4.28, , ,4.75, , ,6.0, , , , , ,701.5,701.36,4600.0,100.0, , , , , ,, , 
18,2018-05-08 09:31:09, , , , ,4.44, , ,4.93, , ,6.16, , , , , ,701.48,701.38,100.0,300.0, , , , , ,, , 
19,2018-05-08 09:31:12, , , , ,4.26, , ,4.37, , ,5.86, , , , , ,701.8,701.6,600.0,600.0, , , , , ,, , 
20,2018-05-08 09:31:15,0.94,1.53,0.59,0.98,4.34,0.78,1.66,4.16,1.45,1.95,5.66,500.0,701.88,701.88,500.0,500.0,701.88,701.8,400.0,300.0, , , ,2018-05-08 09:31:15.704000,2018-05-08 09:31:16.621000,, , 
21,2018-05-08 09:31:18,0.78,1.4,0.57,0.92,4.45,0.5,1.49,4.02,1.26,1.8,5.54, , , , , ,701.99,701.87,1500.0,100.0, , , , , ,, , 
22,2018-05-08 09:31:21,1.01,1.77,0.88,1.4,4.35,0.75,1.74,3.69,1.4,2.17,5.3,500.0,702.22,702.22,500.0,1000.0,702.22,702.0,100.0,8628.0, , , ,2018-05-08 09:31:21.728000,2018-05-08 09:31:23.180000,, , 
23,2018-05-08 09:31:24,1.33,1.93,1.21,1.73,4.35,1.26,1.51,3.74,1.51,2.54,5.1,500.0,702.3,702.3,500.0,1500.0,702.3,702.16,3900.0,200.0, , , ,2018-05-08 09:31:24.631000,2018-05-08 09:31:25.210000,, , 
24,2018-05-08 09:31:27,1.45,2.17,1.01,1.89,4.31,1.39,1.79,3.58,1.94,2.84,5.06,500.0,702.33,702.33,500.0,2000.0,702.33,702.3,500.0,4493.0, , , ,2018-05-08 09:31:27.574000,2018-05-08 09:31:28.231000,, , 
25,2018-05-08 09:31:30,1.39,2.44,1.15,2.15,3.27,1.18,2.15,2.51,1.84,3.02,4.19,500.0,703.1,703.1,500.0,2500.0,703.1,703.0,400.0,3900.0, , , ,2018-05-08 09:31:30.654000,2018-05-08 09:31:31.765000,, , 
26,2018-05-08 09:31:33,1.34,2.25,1.11,1.72,3.13,1.03,2.22,2.28,1.87,2.82,4.08, , , , , ,703.33,703.1,400.0,100.0, , , , , ,, , 
27,2018-05-08 09:31:36,1.13,2.23,1.02,1.79,2.86,0.82,2.0,2.1,1.55,2.89,4.12, , , , , ,703.36,703.33,100.0,2500.0, , , , , ,, , 
28,2018-05-08 09:31:39,1.13,2.21,1.11,1.79,2.7,0.89,2.04,2.1,1.39,2.8,4.17, , , , , ,703.43,703.36,100.0,300.0, , , , , ,, , 
29,2018-05-08 09:31:42,0.95,2.18,1.19,1.87,2.04,0.4,1.92,1.84,1.25,2.75,4.01, , , , , ,703.57,703.51,100.0,100.0, , , , , ,, , 
30,2018-05-08 09:31:45,0.97,2.1,1.14,1.86,1.65,0.54,1.76,1.71,1.23,2.68,3.71, , , , , ,703.97,703.57,1500.0,100.0, , , , , ,, , 
31,2018-05-08 09:31:48,0.7,1.65,0.89,1.33,1.77,0.33,1.31,2.0,0.88,2.29,3.83, , , , , ,703.96,703.51,100.0,500.0, , , , , ,, , 
32,2018-05-08 09:31:51,0.55,1.52,0.6,1.17,1.43,0.24,1.23,1.98,0.8,2.17,3.59, , , , , ,703.99,703.96,49.0,2400.0, , , , , ,, , 
33,2018-05-08 09:31:54,0.36,1.38,0.59,1.05,1.5,-0.05,1.04,2.38,0.53,2.04,3.78, , , , , ,704.0,703.97,1249.0,200.0, , , , , ,, , 
34,2018-05-08 09:31:57,0.42,1.38,0.6,1.17,1.15,0.11,0.96,2.48,0.54,2.01,3.91, , , , , ,704.08,703.99,800.0,2251.0, , , , , ,, , 
35,2018-05-08 09:32:00,0.57,1.39,0.63,1.13,0.52,0.44,0.94,2.21,0.63,2.1,3.69, , , , , ,704.56,704.06,500.0,500.0, , , , , ,, , 
36,2018-05-08 09:32:03,0.25,1.21,0.1,0.74,0.27,0.03,0.9,2.09,0.61,1.99,3.71, , , , , ,704.49,704.31,700.0,200.0, , , , , ,, , 
37,2018-05-08 09:32:06,0.16,1.21,0.21,0.75,0.44,-0.17,0.87,2.03,0.43,2.01,3.71, , , , , ,704.5,704.4,100.0,200.0, , , , , ,, , 
38,2018-05-08 09:32:09,0.09,0.94,0.08,0.51,0.48,-0.17,0.63,1.92,0.37,1.69,3.69, , , , , ,704.6,704.5,2000.0,100.0, , , , , ,, , 
39,2018-05-08 09:32:12,-0.38,0.57,-0.52,0.26,-0.01,-0.62,0.32,1.66,0.01,1.14,3.4, , , , , ,704.99,704.56,800.0,200.0, , , , , ,, , 
40,2018-05-08 09:32:15,-0.24,0.55,-0.05,0.22,-0.33,-0.65,0.4,1.51,-0.03,1.04,3.27, , , , , ,705.0,704.99,2751.0,400.0, , , , , ,, , 
41,2018-05-08 09:32:18,0.18,0.89,0.54,0.72,-0.67,-0.39,0.55,1.33,0.38,1.39,3.12, , , , , ,705.45,705.0,100.0,8849.0, , , , , ,, , 
42,2018-05-08 09:32:21,0.3,0.85,0.4,0.44,-0.73,-0.26,0.64,1.49,0.74,1.46,3.25, , , , , ,705.44,705.0,400.0,7749.0, , , , , ,, , 
43,2018-05-08 09:32:24,0.14,0.73,0.28,0.45,-0.51,-0.41,0.44,1.57,0.56,1.29,3.5, , , , , ,705.43,705.0,100.0,8949.0, , , , , ,, , 
44,2018-05-08 09:32:27,-0.09,0.49,0.08,0.21,-0.9,-0.52,0.23,1.21,0.17,1.03,3.21, , , , , ,705.5,705.43,900.0,1100.0, , , , , ,, , 
45,2018-05-08 09:32:30,-0.48,0.21,-0.43,-0.14,-0.92,-0.83,0.04,1.09,-0.17,0.74,3.3, , , , , ,705.49,705.43,100.0,1200.0, , , , , ,, , 
46,2018-05-08 09:32:33,-0.6,0.03,-0.55,-0.17,-0.62,-0.94,-0.04,1.43,-0.32,0.3,3.7, , , , , ,705.5,705.01,400.0,3600.0, , , , , ,, , 
47,2018-05-08 09:32:36,-0.82,-0.26,-0.9,-0.42,-0.96,-1.03,-0.19,1.0,-0.52,-0.17,3.38,-2500.0,705.55,705.55,-500.0,2000.0,705.57,705.43,200.0,1000.0, , , ,2018-05-08 09:32:36.662000,2018-05-08 09:32:40.129000,, , 
48,2018-05-08 09:32:39,-1.15,-0.46,-1.24,-0.61,-0.48,-1.37,-0.36,1.34,-0.85,-0.42,3.85,-2000.0,705.38,705.38,-1200.0,800.0,705.4,705.02,300.0,400.0, , , ,2018-05-08 09:32:40.129000,2018-05-08 09:32:43.334000,, , 
49,2018-05-08 09:32:42,-1.16,-0.52,-1.14,-0.75,-0.52,-1.34,-0.41,1.43,-0.99,-0.4,3.88,-800.0,705.36,705.36,-200.0,600.0,705.38,705.03,900.0,1400.0, , , ,2018-05-08 09:32:43.334000,2018-05-08 09:32:46.163000,, , 
50,2018-05-08 09:32:45,-1.05,0.2,-1.33,-0.21,1.39,-0.94,0.71,3.09,-0.89,0.1,5.62, , , , , ,704.0,703.99,6851.0,200.0, , , , , ,, , 
51,2018-05-08 09:32:48,-1.46,-0.41,-1.67,-0.56,-0.24,-1.65,-0.52,1.18,-1.06,-0.15,3.75,-600.0,705.36,705.36,-600.0,0.0,705.38,705.25,100.0,100.0,5540.68,3.16, ,2018-05-08 09:32:48.634000,2018-05-08 09:32:50.884000,, , 
52,2018-05-08 09:32:51,-1.4,-0.51,-1.72,-0.87,-0.06,-1.5,-0.48,1.01,-0.99,-0.18,3.58, , , , , ,705.43,705.4,1100.0,349.0, , , , , ,, , 
53,2018-05-08 09:32:54,-0.98,-0.33,-1.19,-0.91,0.66,-1.12,-0.12,1.23,-0.64,0.05,3.92, , , , , ,705.38,705.02,751.0,800.0, , , , , ,, , 
54,2018-05-08 09:32:57,-0.7,0.18,-0.99,-0.33,2.17,-0.69,0.47,2.46,-0.41,0.4,5.3, , , , , ,704.5,704.0,5000.0,9900.0, , , , , ,, , 
55,2018-05-08 09:33:00,-0.92,0.03,-1.21,-0.26,1.94,-1.06,0.07,2.0,-0.49,0.29,5.06, , , , , ,705.0,704.0,12800.0,9600.0, , , , , ,, , 
56,2018-05-08 09:33:03,-1.27,-0.38,-1.6,-0.81,1.6,-1.54,-0.39,1.63,-0.66,0.06,4.92, , , , , ,704.99,704.5,3700.0,100.0, , , , , ,, , 
57,2018-05-08 09:33:06,-0.89,-0.13,-1.17,-0.6,1.43,-1.08,-0.14,1.46,-0.43,0.35,4.93, , , , , ,705.0,704.74,3200.0,200.0, , , , , ,, , 
58,2018-05-08 09:33:09,-0.78,-0.11,-1.19,-0.74,1.38,-0.91,-0.08,1.29,-0.25,0.48,5.06, , , , , ,704.99,704.87,1100.0,100.0, , , , , ,, , 
59,2018-05-08 09:33:12,-0.76,-0.09,-0.89,-0.49,1.32,-1.28,-0.25,1.17,-0.13,0.48,5.12, , , , , ,705.02,705.0,1200.0,500.0, , , , , ,, , 
60,2018-05-08 09:33:15,-0.84,-0.22,-0.97,-0.65,2.57,-1.19,-0.27,2.12,-0.35,0.25,6.27, , , , , ,704.5,704.0,5300.0,300.0, , , , , ,, , 
61,2018-05-08 09:33:18,-0.47,-0.01,-0.62,-0.47,1.88,-0.74,0.15,1.16,-0.07,0.28,5.51, , , , , ,704.88,704.8,100.0,3800.0, , , , , ,, , 
62,2018-05-08 09:33:21,-0.25,0.12,-0.4,-0.29,1.96,-0.62,0.19,1.07,0.27,0.48,5.44, , , , , ,704.98,704.8,6200.0,2300.0, , , , , ,, , 
63,2018-05-08 09:33:24,-0.15,0.12,-0.3,-0.27,2.12,-0.51,0.24,1.22,0.36,0.38,5.47, , , , , ,704.85,704.8,1100.0,800.0, , , , , ,, , 
64,2018-05-08 09:33:27,-0.29,0.17,-0.72,-0.22,2.06,-0.46,0.25,1.18,0.32,0.49,5.38, , , , , ,704.93,704.8,300.0,400.0, , , , , ,, , 
65,2018-05-08 09:33:30,-0.34,0.07,-0.5,-0.25,2.12,-0.56,0.19,1.27,0.05,0.27,5.54, , , , , ,704.8,704.68,2300.0,200.0, , , , , ,, , 
66,2018-05-08 09:33:33,0.04,0.28,-0.04,0.08,2.04,-0.09,0.4,1.2,0.23,0.36,5.4, , , , , ,704.85,704.8,100.0,7100.0, , , , , ,, , 
67,2018-05-08 09:33:36,0.45,0.69,0.49,0.43,1.96,0.07,0.89,1.02,0.79,0.75,5.39, , , , , ,704.87,704.8,100.0,4100.0, , , , , ,, , 
68,2018-05-08 09:33:39,0.36,0.72,0.23,0.42,1.79,0.06,0.88,0.78,0.81,0.87,5.1, , , , , ,704.98,704.8,3700.0,3400.0, , , , , ,, , 
69,2018-05-08 09:33:42,0.59,0.84,0.72,0.64,1.81,0.22,0.88,0.83,0.83,1.01,4.75, , , , , ,704.98,704.88,3700.0,100.0, , , , , ,, , 
70,2018-05-08 09:33:45,0.54,0.66,0.43,0.5,2.08,0.22,0.67,1.14,0.98,0.81,4.81, , , , , ,704.79,704.62,300.0,10000.0, , , , , ,, , 
71,2018-05-08 09:33:48,0.72,1.08,0.93,1.0,1.11,0.28,1.04,0.24,0.95,1.19,3.61,500.0,705.48,705.48,500.0,500.0,705.48,705.25,100.0,8643.0, , , ,2018-05-08 09:33:48.670000,2018-05-08 09:33:51.423000,, , 
72,2018-05-08 09:33:51,1.16,1.57,1.43,1.69,0.79,0.79,1.47,0.11,1.25,1.56,3.27,500.0,705.66,705.66,500.0,1000.0,705.66,705.48,200.0,849.0, , , ,2018-05-08 09:33:51.610000,2018-05-08 09:33:52.445000,, , 
73,2018-05-08 09:33:54,0.94,1.61,1.0,1.59,0.31,0.44,1.36,-0.23,1.38,1.88,2.82,500.0,705.89,705.89,500.0,1500.0,705.89,705.8,100.0,300.0, , , ,2018-05-08 09:33:54.655000,2018-05-08 09:33:56.486000,, , 
74,2018-05-08 09:33:57,0.95,1.35,0.98,1.21,0.14,0.54,1.23,-0.41,1.35,1.61,2.69,500.0,705.96,705.96,500.0,2000.0,705.96,705.8,100.0,300.0, , , ,2018-05-08 09:33:57.697000,2018-05-08 09:34:00.529000,, , 
75,2018-05-08 09:34:00,0.77,1.33,1.09,1.37,0.11,0.28,1.1,-0.29,0.93,1.54,2.56, , , , , ,705.85,705.8,900.0,300.0, , , , , ,, , 
76,2018-05-08 09:34:03,0.76,1.31,1.13,1.22,-0.04,0.38,1.01,-0.39,0.78,1.71,2.21, , , , , ,706.0,705.85,7300.0,2000.0, , , , , ,, , 
77,2018-05-08 09:34:06,0.65,1.23,1.21,1.23,0.05,0.08,0.99,-0.32,0.66,1.46,2.1, , , , , ,705.88,705.85,400.0,3100.0, , , , , ,, , 
78,2018-05-08 09:34:09,0.53,1.05,0.76,1.04,-0.09,0.09,0.91,-0.21,0.74,1.21,1.93, , , , , ,705.95,705.85,3400.0,600.0, , , , , ,, , 
79,2018-05-08 09:34:12,0.24,0.89,0.47,0.93,-0.11,-0.23,0.63,-0.14,0.46,1.11,1.86, , , , , ,705.95,705.86,700.0,600.0, , , , , ,, , 
80,2018-05-08 09:34:15,0.49,1.02,0.74,0.99,-0.53,-0.01,0.9,-0.42,0.75,1.16,1.42, , , , , ,706.22,706.0,100.0,900.0, , , , , ,, , 
81,2018-05-08 09:34:18,0.52,1.18,0.65,1.24,-0.94,0.11,1.06,-0.72,0.79,1.24,0.97, , , , , ,706.43,706.22,4300.0,100.0, , , , , ,, , 
82,2018-05-08 09:34:21,0.52,1.2,0.58,1.11,-0.95,0.09,1.12,-0.7,0.88,1.36,0.84, , , , , ,706.43,706.22,4100.0,800.0, , , , , ,, , 
83,2018-05-08 09:34:24,0.45,1.15,0.57,1.15,-0.91,-0.05,0.9,-0.72,0.83,1.39,0.89, , , , , ,706.43,706.22,1500.0,200.0, , , , , ,, , 
84,2018-05-08 09:34:27,0.5,1.05,0.56,1.1,-0.86,0.03,0.92,-0.62,0.91,1.14,1.05, , , , , ,706.4,706.22,3300.0,2100.0, , , , , ,, , 
85,2018-05-08 09:34:30,0.4,1.09,0.41,1.22,-0.99,-0.06,0.72,-0.47,0.85,1.33,1.16, , , , , ,706.43,706.22,2.0,1000.0, , , , , ,, , 
86,2018-05-08 09:34:33,0.38,1.02,-0.05,1.03,-0.43,0.11,0.94,0.15,1.09,1.11,1.78, , , , , ,706.0,705.95,800.0,1100.0, , , , , ,, , 
87,2018-05-08 09:34:36,-0.31,0.57,-0.65,0.54,-1.25,-0.56,0.16,-0.28,0.27,1.03,1.12, , , , , ,706.45,706.43,200.0,398.0, , , , , ,, , 
88,2018-05-08 09:34:39,-0.35,0.39,-0.61,0.19,-0.93,-0.59,0.13,0.33,0.15,0.85,1.48, , , , , ,706.2,706.0,2602.0,300.0, , , , , ,, , 
89,2018-05-08 09:34:42,-0.39,0.41,-0.65,0.33,-0.82,-0.68,0.19,0.38,0.17,0.71,1.42, , , , , ,706.19,706.0,100.0,6500.0, , , , , ,, , 
90,2018-05-08 09:34:45,-0.54,0.33,-0.98,0.14,-1.0,-0.78,0.15,0.25,0.15,0.7,1.18, , , , , ,706.22,706.2,902.0,100.0, , , , , ,, , 
91,2018-05-08 09:34:48,-0.61,0.24,-0.95,-0.08,-1.05,-0.9,0.08,0.21,0.02,0.73,0.99, , , , , ,706.35,706.2,6602.0,300.0, , , , , ,, , 
92,2018-05-08 09:34:51,-0.61,0.17,-1.12,-0.23,-0.51,-0.91,0.08,0.7,0.19,0.64,1.35, , , , , ,706.07,705.95,300.0,500.0, , , , , ,, , 
93,2018-05-08 09:34:54,-0.72,0.05,-1.16,-0.3,-0.48,-0.93,-0.03,0.89,-0.07,0.49,1.34, , , , , ,706.04,706.0,100.0,200.0, , , , , ,, , 
94,2018-05-08 09:34:57,-0.9,-0.17,-1.37,-0.6,-0.51,-1.23,-0.2,1.2,-0.09,0.28,1.53, , , , , ,705.95,705.94,3800.0,200.0, , , , , ,, , 
95,2018-05-08 09:35:00,-0.75,-0.11,-1.12,-0.48,-0.46,-0.95,-0.17,1.37,-0.16,0.34,1.62, , , , , ,705.95,705.94,700.0,700.0, , , , , ,, , 
96,2018-05-08 09:35:03,-0.5,0.12,-0.93,-0.32,-0.11,-0.62,0.08,1.83,0.05,0.59,2.06, , , , , ,705.94,705.5,800.0,100.0, , , , , ,, , 
97,2018-05-08 09:35:06,-0.34,0.2,-0.76,-0.29,-0.47,-0.34,0.12,1.55,0.09,0.76,1.69, , , , , ,706.0,705.94,5100.0,500.0, , , , , ,, , 
98,2018-05-08 09:35:09,-0.17,0.35,-0.42,-0.17,-0.31,-0.29,0.3,1.67,0.2,0.93,1.69, , , , , ,706.0,705.94,4900.0,300.0, , , , , ,, , 
99,2018-05-08 09:35:12,-0.22,0.37,-0.7,-0.2,0.15,-0.19,0.23,2.09,0.22,1.06,2.1, , , , , ,705.89,705.5,600.0,200.0, , , , , ,, , 
100,2018-05-08 09:35:15,-0.17,0.38,-0.77,-0.22,0.16,-0.12,0.27,2.27,0.38,1.1,1.99, , , , , ,705.9,705.5,200.0,200.0, , , , , ,, , 
101,2018-05-08 09:35:18,-0.11,0.45,-0.57,-0.15,0.32,-0.09,0.32,2.6,0.33,1.19,2.11, , , , , ,705.93,705.25,200.0,8543.0, , , , , ,, , 
102,2018-05-08 09:35:21,-0.09,0.54,-0.57,-0.17,0.26,-0.15,0.42,2.63,0.46,1.36,1.87, , , , , ,705.8,705.5,6800.0,1400.0, , , , , ,, , 
103,2018-05-08 09:35:24,0.05,0.66,-0.39,-0.05,0.24,-0.04,0.61,2.88,0.58,1.42,1.7, , , , , ,705.8,705.5,1500.0,2500.0, , , , , ,, , 
104,2018-05-08 09:35:27,0.1,0.7,-0.3,-0.03,0.04,-0.1,0.71,2.67,0.7,1.42,1.38, , , , , ,705.87,705.82,100.0,1300.0, , , , , ,, , 
105,2018-05-08 09:35:30,0.04,0.59,-0.32,-0.16,0.48,-0.11,0.74,3.04,0.54,1.19,1.61, , , , , ,705.8,705.5,8300.0,500.0, , , , , ,, , 
106,2018-05-08 09:35:33,0.07,0.51,-0.41,-0.13,1.0,-0.06,0.55,3.51,0.7,1.12,2.03, , , , , ,705.5,705.26,2465.0,2100.0, , , , , ,, , 
107,2018-05-08 09:35:36,0.11,0.62,-0.41,0.01,0.61,0.05,0.56,2.95,0.69,1.29,1.46, , , , , ,705.82,705.8,100.0,400.0, , , , , ,, , 
108,2018-05-08 09:35:39,0.26,0.66,-0.14,0.07,1.33,0.2,0.65,3.6,0.73,1.25,2.08, , , , , ,705.81,704.98,100.0,3100.0, , , , , ,, , 
109,2018-05-08 09:35:42,0.29,0.75,-0.33,0.08,1.67,0.49,0.84,3.92,0.72,1.32,2.39, , , , , ,705.37,705.0,200.0,100.0, , , , , ,, , 
110,2018-05-08 09:35:45,0.27,0.94,-0.17,0.24,1.01,0.27,0.88,3.24,0.71,1.69,1.66, , , , , ,705.7,705.65,100.0,100.0, , , , , ,, , 
111,2018-05-08 09:35:48,0.24,0.68,-0.27,0.15,0.95,0.34,0.61,3.12,0.66,1.27,1.51, , , , , ,705.79,705.72,200.0,600.0, , , , , ,, , 
112,2018-05-08 09:35:51,0.31,0.6,-0.18,0.1,1.39,0.36,0.54,3.43,0.75,1.15,1.73, , , , , ,705.55,705.5,2600.0,100.0, , , , , ,, , 
113,2018-05-08 09:35:54,0.42,0.68,0.01,0.14,1.42,0.56,0.68,3.28,0.69,1.22,1.55, , , , , ,705.72,705.57,100.0,900.0, , , , , ,, , 
114,2018-05-08 09:35:57,0.9,1.1,0.83,0.58,1.41,0.84,1.08,3.1,1.02,1.63,1.28,500.0,705.8,705.8,500.0,2500.0,705.8,705.79,5358.0,800.0, , , ,2018-05-08 09:35:57.613000,2018-05-08 09:35:58.389000,, , 
115,2018-05-08 09:36:00,0.81,1.16,0.68,0.6,2.17,0.77,1.17,3.8,0.99,1.7,1.82, , , , , ,705.5,705.27,2100.0,1500.0, , , , , ,, , 
116,2018-05-08 09:36:03,1.01,1.21,0.85,0.67,1.96,0.74,1.21,3.65,1.43,1.76,1.41, , , , , ,705.72,705.55,100.0,100.0, , , , , ,, , 
117,2018-05-08 09:36:06,0.94,1.15,0.8,0.69,1.85,0.81,1.07,3.67,1.21,1.68,1.11, , , , , ,705.78,705.74,100.0,200.0, , , , , ,, , 
118,2018-05-08 09:36:09,1.14,1.38,1.0,0.94,1.94,1.0,1.22,3.87,1.42,1.96,1.15, , , , , ,705.8,705.74,1758.0,200.0, , , , , ,, , 
119,2018-05-08 09:36:12,1.19,1.42,0.96,0.96,1.87,1.11,1.24,3.92,1.48,2.05,1.07, , , , , ,705.88,705.82,1300.0,1442.0, , , , , ,, , 
120,2018-05-08 09:36:15,1.14,1.41,1.08,1.04,2.05,0.88,1.23,3.99,1.47,1.96,1.15, , , , , ,705.88,705.82,800.0,300.0, , , , , ,, , 
121,2018-05-08 09:36:18,0.99,1.19,0.72,0.88,2.32,0.91,1.06,4.16,1.33,1.62,1.3, , , , , ,705.79,705.78,100.0,1150.0, , , , , ,, , 
122,2018-05-08 09:36:21,1.18,1.45,0.95,1.08,2.44,1.18,1.34,4.16,1.43,1.94,1.3, , , , , ,705.8,705.78,300.0,100.0, , , , , ,, , 
123,2018-05-08 09:36:24,1.48,1.79,1.33,1.56,2.52,1.45,1.75,3.94,1.65,2.07,1.16, , , , , ,705.92,705.88,400.0,700.0, , , , , ,, , 
124,2018-05-08 09:36:27,1.39,1.9,1.1,1.62,2.77,1.27,1.74,4.08,1.81,2.33,1.34, , , , , ,706.0,705.55,3700.0,350.0, , , , , ,, , 
125,2018-05-08 09:36:30,1.52,2.14,1.25,1.84,2.51,1.46,2.07,3.71,1.84,2.5,1.04, , , , , ,706.04,706.0,200.0,2900.0, , , , , ,, , 
126,2018-05-08 09:36:33,1.64,2.3,1.28,2.0,2.25,1.79,2.23,3.34,1.84,2.67,0.61, , , , , ,706.35,706.2,2302.0,400.0, , , , , ,, , 
127,2018-05-08 09:36:36,1.6,2.03,1.19,1.57,2.29,1.62,2.0,3.35,1.99,2.51,0.46, , , , , ,706.35,706.2,1602.0,400.0, , , , , ,, , 
128,2018-05-08 09:36:39,1.51,1.99,1.23,1.71,2.18,1.54,2.0,2.96,1.77,2.27,0.3, , , , , ,706.43,706.35,10302.0,100.0, , , , , ,, , 
129,2018-05-08 09:36:42,1.56,2.01,1.2,1.78,2.2,1.74,1.96,2.68,1.75,2.29,0.24, , , , , ,706.43,706.35,6802.0,200.0, , , , , ,, , 
130,2018-05-08 09:36:45,1.87,2.38,1.59,2.27,2.22,1.98,2.29,2.41,2.03,2.59,0.28, , , , , ,706.43,706.35,2.0,600.0, , , , , ,, , 
131,2018-05-08 09:36:48,1.83,2.25,1.53,1.97,2.25,1.91,2.18,2.17,2.05,2.6,0.33, , , , , ,706.4,706.35,2100.0,598.0, , , , , ,, , 
132,2018-05-08 09:36:51,1.68,2.29,1.4,2.15,1.97,1.65,2.18,1.87,1.98,2.56,-0.07, , , , , ,706.56,706.55,100.0,100.0, , , , , ,, , 
133,2018-05-08 09:36:54,1.59,2.27,1.22,2.15,1.79,1.81,2.11,1.61,1.75,2.54,-0.4, , , , , ,706.9,706.5,100.0,98.0, , , , , ,, , 
134,2018-05-08 09:36:57,1.47,2.15,1.04,1.99,1.47,1.68,1.99,1.16,1.7,2.48,-1.02, , , , , ,707.0,706.9,1300.0,700.0, , , , , ,, , 
135,2018-05-08 09:37:00,1.26,2.02,0.98,1.94,1.58,1.38,1.81,0.96,1.44,2.3,-1.19, , , , , ,707.0,706.9,600.0,400.0, , , , , ,, , 
136,2018-05-08 09:37:03,1.27,1.87,1.0,1.91,1.64,1.54,1.7,0.61,1.26,1.99,-1.42, , , , , ,707.1,707.0,100.0,1000.0, , , , , ,, , 
137,2018-05-08 09:37:06,1.19,1.8,0.83,1.87,1.74,1.56,1.68,0.33,1.18,1.83,-1.67, , , , , ,707.23,707.0,300.0,1600.0, , , , , ,, , 
138,2018-05-08 09:37:09,1.14,1.79,0.76,1.83,1.91,1.49,1.76,0.16,1.19,1.78,-1.76, , , , , ,707.3,707.0,4400.0,3000.0, , , , , ,, , 
139,2018-05-08 09:37:12,1.09,1.78,0.75,1.8,1.91,1.22,1.76,-0.07,1.29,1.78,-1.96, , , , , ,707.3,707.23,2500.0,400.0, , , , , ,, , 
140,2018-05-08 09:37:15,0.92,1.67,0.62,1.65,2.14,1.18,1.7,-0.06,0.96,1.66,-1.84, , , , , ,707.2,707.1,700.0,300.0, , , , , ,, , 
141,2018-05-08 09:37:18,0.91,1.61,0.64,1.66,1.54,1.26,1.57,-0.88,0.84,1.61,-2.52, , , , , ,707.77,707.5,700.0,6100.0, , , , , ,, , 
142,2018-05-08 09:37:21,0.84,1.6,0.59,1.64,1.54,1.09,1.52,-1.01,0.84,1.63,-2.48, , , , , ,707.77,707.5,100.0,4400.0, , , , , ,, , 
143,2018-05-08 09:37:24,0.65,1.36,0.36,1.4,1.5,0.88,1.11,-0.95,0.7,1.58,-2.79, , , , , ,707.74,707.5,100.0,4200.0, , , , , ,, , 
144,2018-05-08 09:37:27,0.61,1.38,0.44,1.49,1.16,0.79,1.17,-1.1,0.6,1.48,-3.42, , , , , ,707.87,707.8,200.0,2300.0, , , , , ,, , 
145,2018-05-08 09:37:30,0.61,1.36,0.45,1.56,1.14,0.87,1.15,-0.98,0.51,1.38,-3.76, , , , , ,707.87,707.8,200.0,4300.0, , , , , ,, , 
146,2018-05-08 09:37:33,0.53,1.27,0.35,1.4,1.08,0.73,1.04,-0.91,0.51,1.37,-4.18, , , , , ,707.88,707.87,400.0,300.0, , , , , ,, , 
147,2018-05-08 09:37:36,0.12,0.83,-0.17,0.93,1.04,0.3,0.66,-0.94,0.24,0.89,-4.21, , , , , ,708.0,707.8,8700.0,5100.0, , , , , ,, , 
148,2018-05-08 09:37:39,-0.07,0.55,-0.26,0.8,0.76,0.11,0.43,-1.14,-0.07,0.41,-4.16, , , , , ,708.0,707.9,7500.0,500.0, , , , , ,, , 
149,2018-05-08 09:37:42,-0.15,0.59,-0.25,0.97,0.41,-0.14,0.37,-1.27,-0.07,0.42,-4.3, , , , , ,708.0,707.99,7800.0,400.0, , , , , ,, , 
150,2018-05-08 09:37:45,-0.17,0.44,-0.28,0.75,0.23,-0.13,0.21,-1.26,-0.1,0.36,-4.02, , , , , ,707.99,707.88,1500.0,1200.0, , , , , ,, , 
151,2018-05-08 09:37:48,-0.31,0.37,-0.5,0.52,-0.06,-0.36,0.17,-1.39,-0.09,0.41,-4.04, , , , , ,708.0,707.9,9000.0,100.0, , , , , ,, , 
152,2018-05-08 09:37:51,-0.31,0.36,-0.45,0.51,-0.12,-0.3,0.15,-1.41,-0.18,0.41,-4.04, , , , , ,708.0,707.92,8100.0,100.0, , , , , ,, , 
153,2018-05-08 09:37:54,-0.17,0.48,-0.31,0.57,-0.15,-0.09,0.26,-1.38,-0.11,0.6,-3.77, , , , , ,708.0,707.88,4700.0,1300.0, , , , , ,, , 
154,2018-05-08 09:37:57,-0.01,0.73,-0.15,0.75,-0.32,0.02,0.52,-1.37,0.1,0.92,-3.8, , , , , ,708.0,707.99,1900.0,200.0, , , , , ,, , 
155,2018-05-08 09:38:00,0.29,0.96,0.12,0.74,-0.58,0.2,0.73,-1.34,0.53,1.42,-3.63, , , , , ,708.06,708.02,300.0,100.0, , , , , ,, , 
156,2018-05-08 09:38:03,0.33,1.0,0.12,0.77,-1.13,0.21,0.78,-1.56,0.67,1.45,-3.8, , , , , ,708.48,708.09,7700.0,100.0, , , , , ,, , 
157,2018-05-08 09:38:06,0.66,1.32,0.49,1.19,-1.65,0.71,1.14,-1.92,0.78,1.63,-4.16, , , , , ,708.56,708.49,1000.0,800.0, , , , , ,, , 
158,2018-05-08 09:38:09,0.77,1.54,0.66,1.46,-1.81,0.83,1.27,-1.94,0.84,1.89,-4.08, , , , , ,708.56,708.52,300.0,700.0, , , , , ,, , 
159,2018-05-08 09:38:12,0.42,1.27,0.41,1.09,-2.02,0.15,1.0,-2.08,0.7,1.72,-4.14, , , , , ,708.8,708.5,1300.0,500.0, , , , , ,, , 
160,2018-05-08 09:38:15,0.5,1.13,0.45,1.05,-2.31,0.31,0.85,-2.32,0.73,1.5,-4.25, , , , , ,708.8,708.7,1300.0,900.0, , , , , ,, , 
161,2018-05-08 09:38:18,0.14,0.88,0.16,0.91,-2.41,-0.22,0.47,-2.31,0.49,1.26,-4.03, , , , , ,708.78,708.66,6200.0,900.0, , , , , ,, , 
162,2018-05-08 09:38:21,-0.09,0.8,-0.06,0.91,-2.61,-0.25,0.46,-2.55,0.03,1.03,-4.25, , , , , ,708.88,708.66,100.0,900.0, , , , , ,, , 
163,2018-05-08 09:38:24,-0.25,0.59,-0.24,0.66,-2.41,-0.57,0.29,-2.54,0.06,0.81,-4.23, , , , , ,708.75,708.56,400.0,600.0, , , , , ,, , 
164,2018-05-08 09:38:27,-0.4,0.33,-0.67,0.44,-2.15,-0.6,0.04,-2.48,0.07,0.52,-4.29, , , , , ,708.6,708.56,900.0,400.0, , , , , ,, , 
165,2018-05-08 09:38:30,-0.35,0.35,-0.61,0.47,-2.06,-0.41,0.07,-2.56,-0.02,0.5,-4.31, , , , , ,708.61,708.6,100.0,100.0, , , , , ,, , 
166,2018-05-08 09:38:33,-0.7,0.14,-1.03,0.08,-2.1,-0.86,-0.02,-2.7,-0.19,0.37,-4.33, , , , , ,708.75,708.7,100.0,100.0, , , , , ,, , 
167,2018-05-08 09:38:36,-1.03,-0.31,-1.31,-0.6,-1.97,-1.35,-0.42,-2.53,-0.44,0.1,-4.04,-2500.0,708.64,708.64,-2500.0,0.0,708.66,708.6,3200.0,700.0,5132.23,2.91, ,2018-05-08 09:38:36.603000,2018-05-08 09:38:39.948000,, , 
168,2018-05-08 09:38:39,-1.21,-0.54,-1.48,-0.81,-2.05,-1.48,-0.55,-2.44,-0.66,-0.27,-3.87, , , , , ,708.64,708.55,600.0,300.0, , , , , ,, , 
169,2018-05-08 09:38:42,-1.33,-0.63,-1.63,-0.99,-1.25,-1.36,-0.63,-1.56,-1.01,-0.27,-3.02, , , , , ,708.0,707.96,23700.0,300.0, , , , , ,, , 
170,2018-05-08 09:38:45,-1.48,-0.61,-1.8,-1.14,-1.25,-1.52,-0.5,-1.52,-1.11,-0.19,-2.97, , , , , ,707.95,707.9,700.0,100.0, , , , , ,, , 
171,2018-05-08 09:38:48,-1.37,-0.62,-1.47,-1.29,-1.27,-1.54,-0.32,-1.48,-1.11,-0.25,-3.01, , , , , ,707.89,707.85,800.0,100.0, , , , , ,, , 
172,2018-05-08 09:38:51,-1.31,-0.56,-1.49,-1.3,-1.27,-1.39,-0.17,-1.58,-1.03,-0.2,-2.85, , , , , ,707.88,707.85,800.0,700.0, , , , , ,, , 
173,2018-05-08 09:38:54,-1.28,-0.47,-1.51,-1.22,-1.23,-1.3,-0.1,-1.55,-1.05,-0.07,-2.75, , , , , ,707.88,707.8,1200.0,100.0, , , , , ,, , 
174,2018-05-08 09:38:57,-1.36,-0.5,-1.58,-1.0,-1.05,-1.4,-0.36,-1.5,-1.1,-0.14,-2.62, , , , , ,707.8,707.74,500.0,100.0, , , , , ,, , 
175,2018-05-08 09:39:00,-1.26,-0.53,-1.28,-0.98,-0.74,-1.39,-0.39,-1.34,-1.11,-0.23,-2.08, , , , , ,707.73,707.5,900.0,400.0, , , , , ,, , 
176,2018-05-08 09:39:03,-1.06,-0.28,-1.15,-0.6,-0.18,-1.05,-0.11,-0.95,-1.0,-0.13,-1.55, , , , , ,707.6,707.0,1500.0,100.0, , , , , ,, , 
177,2018-05-08 09:39:06,-0.96,-0.09,-1.03,-0.57,-0.13,-0.94,0.16,-0.99,-0.9,0.13,-1.41, , , , , ,707.5,707.0,5000.0,600.0, , , , , ,, , 
178,2018-05-08 09:39:09,-0.91,0.04,-1.09,-0.55,-0.11,-0.84,0.16,-0.94,-0.81,0.53,-1.29, , , , , ,707.49,707.0,200.0,100.0, , , , , ,, , 
179,2018-05-08 09:39:12,-0.86,0.05,-0.81,-0.5,-0.1,-0.99,0.07,-0.91,-0.78,0.57,-1.39, , , , , ,707.5,707.0,6700.0,100.0, , , , , ,, , 
180,2018-05-08 09:39:15,-0.61,0.17,-0.52,-0.14,-0.03,-0.81,0.21,-0.66,-0.51,0.46,-1.39, , , , , ,707.5,706.74,6600.0,100.0, , , , , ,, , 
181,2018-05-08 09:39:18,-0.58,0.32,-0.53,-0.03,0.37,-0.64,0.42,-0.17,-0.57,0.58,-1.05, , , , , ,706.9,706.74,900.0,100.0, , , , , ,, , 
182,2018-05-08 09:39:21,-0.52,0.5,-0.42,0.15,0.14,-0.5,0.64,-0.23,-0.64,0.7,-1.11, , , , , ,707.0,706.74,1100.0,600.0, , , , , ,, , 
183,2018-05-08 09:39:24,-0.56,0.4,-0.4,0.12,-0.03,-0.53,0.48,-0.21,-0.76,0.59,-1.12, , , , , ,707.0,706.74,1400.0,300.0, , , , , ,, , 
184,2018-05-08 09:39:27,-0.42,0.46,-0.16,0.18,-0.6,-0.44,0.75,-0.74,-0.65,0.43,-1.56, , , , , ,707.48,707.01,500.0,200.0, , , , , ,, , 
185,2018-05-08 09:39:30,-0.19,0.71,0.08,0.46,-0.64,-0.2,0.98,-0.69,-0.45,0.7,-1.46, , , , , ,707.48,707.0,200.0,4600.0, , , , , ,, , 
186,2018-05-08 09:39:33,-0.27,0.68,-0.19,0.41,-0.58,-0.25,0.76,-0.72,-0.38,0.88,-1.55, , , , , ,707.45,707.0,200.0,1500.0, , , , , ,, , 
187,2018-05-08 09:39:36,-0.08,0.69,0.16,0.46,-0.55,-0.15,0.81,-0.89,-0.27,0.8,-1.74, , , , , ,707.45,707.0,900.0,5300.0, , , , , ,, , 
188,2018-05-08 09:39:39,-0.18,0.72,0.07,0.51,-0.54,-0.34,0.88,-0.92,-0.26,0.77,-1.99, , , , , ,707.49,707.0,1300.0,3100.0, , , , , ,, , 
189,2018-05-08 09:39:42,-0.15,0.79,0.14,0.55,-0.01,-0.47,0.92,-0.44,-0.11,0.9,-1.75, , , , , ,707.01,706.74,200.0,200.0, , , , , ,, , 
190,2018-05-08 09:39:45,-0.25,0.74,0.0,0.5,-0.29,-0.57,0.85,-0.66,-0.17,0.87,-2.2, , , , , ,707.36,706.74,100.0,100.0, , , , , ,, , 
191,2018-05-08 09:39:48,-0.23,0.59,0.04,0.41,-0.26,-0.59,0.57,-0.57,-0.14,0.78,-2.21, , , , , ,707.01,707.0,1000.0,600.0, , , , , ,, , 
192,2018-05-08 09:39:51,-0.19,0.79,0.24,0.65,-0.29,-0.71,0.85,-0.62,-0.09,0.85,-2.22, , , , , ,707.2,706.7,100.0,1300.0, , , , , ,, , 
193,2018-05-08 09:39:54,-0.03,0.91,0.13,0.72,-0.15,-0.32,0.89,-0.61,0.1,1.13,-2.12, , , , , ,707.0,706.7,100.0,2000.0, , , , , ,, , 
194,2018-05-08 09:39:57,-0.18,0.81,-0.02,0.57,-0.52,-0.43,0.77,-1.19,-0.08,1.1,-2.48, , , , , ,707.4,706.74,100.0,100.0, , , , , ,, , 
195,2018-05-08 09:40:00,-0.14,0.5,-0.01,0.34,-0.79,-0.32,0.38,-1.58,-0.08,0.78,-2.74, , , , , ,707.44,707.01,100.0,100.0, , , , , ,, , 
196,2018-05-08 09:40:03,-0.23,0.45,-0.04,0.25,-0.81,-0.6,0.49,-1.65,-0.05,0.62,-2.72, , , , , ,707.4,707.01,500.0,400.0, , , , , ,, , 
197,2018-05-08 09:40:06,-0.1,0.46,-0.01,0.25,-0.93,-0.27,0.5,-1.8,-0.01,0.62,-2.78, , , , , ,707.4,707.01,500.0,200.0, , , , , ,, , 
198,2018-05-08 09:40:09,-0.39,0.27,-0.3,0.1,-0.6,-0.48,0.28,-1.56,-0.41,0.43,-2.58, , , , , ,707.01,707.0,100.0,1800.0, , , , , ,, , 
199,2018-05-08 09:40:12,-0.36,0.28,-0.41,0.06,-0.91,-0.17,0.47,-1.94,-0.49,0.3,-3.11, , , , , ,707.3,707.2,1500.0,300.0, , , , , ,, , 
200,2018-05-08 09:40:15,-0.57,0.15,-0.67,-0.1,-0.84,-0.65,0.31,-1.98,-0.4,0.23,-3.29, , , , , ,707.3,707.2,1700.0,300.0, , , , , ,, , 
201,2018-05-08 09:40:18,-0.75,0.06,-0.69,-0.18,-0.3,-0.96,0.15,-1.5,-0.6,0.2,-2.93, , , , , ,707.0,706.82,6200.0,100.0, , , , , ,, , 
202,2018-05-08 09:40:21,-0.66,0.12,-0.53,-0.09,-0.28,-0.96,0.18,-1.45,-0.5,0.28,-3.0, , , , , ,707.0,706.82,3100.0,200.0, , , , , ,, , 
203,2018-05-08 09:40:24,-0.79,-0.05,-0.66,-0.09,-0.1,-1.07,-0.14,-1.62,-0.64,0.06,-2.84, , , , , ,706.8,706.78,4600.0,400.0, , , , , ,, , 
204,2018-05-08 09:40:27,-0.81,-0.04,-0.71,-0.03,-0.1,-1.22,-0.11,-1.95,-0.5,0.03,-2.91, , , , , ,706.8,706.78,3700.0,1000.0, , , , , ,, , 
205,2018-05-08 09:40:30,-0.84,-0.04,-0.75,-0.02,-0.05,-1.26,-0.07,-2.29,-0.53,-0.04,-2.97, , , , , ,706.8,706.78,3700.0,100.0, , , , , ,, , 
206,2018-05-08 09:40:33,-0.94,-0.21,-0.94,-0.3,-0.1,-1.23,-0.25,-2.65,-0.66,-0.08,-3.08, , , , , ,706.8,706.76,1800.0,600.0, , , , , ,, , 
207,2018-05-08 09:40:36,-0.57,0.09,-0.41,0.11,-0.42,-0.78,-0.01,-2.79,-0.52,0.19,-3.41, , , , , ,706.98,706.8,2300.0,9000.0, , , , , ,, , 
208,2018-05-08 09:40:39,-0.39,0.24,-0.13,0.25,-0.42,-0.65,0.17,-2.66,-0.4,0.3,-3.56, , , , , ,706.98,706.8,2100.0,8500.0, , , , , ,, , 
209,2018-05-08 09:40:42,-0.47,0.15,-0.31,0.18,-0.46,-0.74,0.08,-2.74,-0.35,0.19,-3.79, , , , , ,706.98,706.8,1600.0,2600.0, , , , , ,, , 
210,2018-05-08 09:40:45,-0.81,-0.11,-0.87,-0.14,-0.32,-0.94,-0.13,-2.44,-0.61,-0.06,-3.83, , , , , ,706.82,706.8,100.0,2000.0, , , , , ,, , 
211,2018-05-08 09:40:48,-1.06,-0.37,-1.13,-0.22,-0.27,-1.16,-0.45,-2.41,-0.91,-0.45,-4.02, , , , , ,706.8,706.78,6600.0,300.0, , , , , ,, , 
212,2018-05-08 09:40:51,-1.03,-0.28,-1.07,-0.19,-0.4,-1.25,-0.17,-2.39,-0.77,-0.49,-4.25, , , , , ,706.8,706.78,1600.0,500.0, , , , , ,, , 
213,2018-05-08 09:40:54,-0.89,-0.17,-0.89,0.04,-0.24,-1.07,-0.14,-1.87,-0.7,-0.43,-4.09, , , , , ,706.69,706.5,500.0,2100.0, , , , , ,, , 
214,2018-05-08 09:40:57,-0.97,-0.24,-1.1,-0.18,-0.8,-1.29,-0.25,-2.1,-0.51,-0.28,-4.47, , , , , ,706.8,706.78,2500.0,400.0, , , , , ,, , 
215,2018-05-08 09:41:00,-1.2,-0.4,-1.24,-0.24,-0.75,-1.51,-0.46,-1.66,-0.86,-0.5,-4.29, , , , , ,706.78,706.5,400.0,1500.0, , , , , ,, , 
216,2018-05-08 09:41:03,-1.24,-0.37,-1.21,-0.11,-0.84,-1.55,-0.3,-1.48,-0.95,-0.69,-4.43, , , , , ,706.78,706.5,1100.0,1400.0, , , , , ,, , 
217,2018-05-08 09:41:06,-1.12,-0.36,-1.18,-0.13,-0.73,-1.41,-0.24,-1.24,-0.77,-0.71,-4.38, , , , , ,706.5,706.4,100.0,5500.0, , , , , ,, , 
218,2018-05-08 09:41:09,-0.99,-0.41,-1.1,-0.25,-0.77,-1.23,-0.35,-1.14,-0.65,-0.64,-4.5, , , , , ,706.5,706.4,600.0,6100.0, , , , , ,, , 
219,2018-05-08 09:41:12,-1.01,-0.35,-1.23,-0.25,-1.26,-1.17,-0.43,-1.49,-0.62,-0.38,-5.22, , , , , ,706.78,706.76,7600.0,300.0, , , , , ,, , 
220,2018-05-08 09:41:15,-1.03,-0.36,-1.0,-0.27,-1.3,-1.36,-0.43,-1.46,-0.73,-0.37,-5.31, , , , , ,706.78,706.76,6800.0,700.0, , , , , ,, , 
221,2018-05-08 09:41:18,-0.82,-0.24,-0.81,-0.1,-1.1,-1.1,-0.26,-1.09,-0.55,-0.35,-5.19, , , , , ,706.77,706.5,100.0,600.0, , , , , ,, , 
222,2018-05-08 09:41:21,-1.03,-0.32,-1.12,-0.24,-1.06,-1.23,-0.31,-1.23,-0.75,-0.42,-5.34, , , , , ,706.76,706.5,300.0,500.0, , , , , ,, , 
223,2018-05-08 09:41:24,-0.89,-0.34,-0.82,-0.15,-1.65,-1.07,-0.29,-1.64,-0.79,-0.58,-5.62, , , , , ,706.82,706.8,100.0,600.0, , , , , ,, , 
224,2018-05-08 09:41:27,-0.29,0.19,-0.09,0.59,-1.97,-0.53,0.14,-1.79,-0.23,-0.16,-5.78, , , , , ,706.82,706.8,100.0,900.0, , , , , ,, , 
225,2018-05-08 09:41:30,-0.43,0.05,-0.45,0.15,-2.06,-0.98,0.02,-1.53,0.14,-0.02,-5.68, , , , , ,706.77,706.5,2600.0,1500.0, , , , , ,, , 
226,2018-05-08 09:41:33,-0.51,0.03,-0.54,0.12,-2.62,-1.03,-0.02,-1.56,0.04,-0.01,-6.15, , , , , ,706.77,706.76,2200.0,300.0, , , , , ,, , 
227,2018-05-08 09:41:36,-0.56,0.09,-0.59,0.25,-2.42,-0.97,0.02,-1.24,-0.11,-0.0,-6.24, , , , , ,706.77,706.5,2000.0,1100.0, , , , , ,, , 
228,2018-05-08 09:41:39,-0.79,-0.08,-0.81,0.03,-1.9,-1.2,-0.22,-0.71,-0.36,-0.04,-6.11, , , , , ,706.36,706.35,5200.0,600.0, , , , , ,, , 
229,2018-05-08 09:41:42,-0.88,-0.15,-0.76,0.05,-2.38,-1.38,-0.27,-1.11,-0.48,-0.24,-6.59, , , , , ,706.76,706.5,800.0,4900.0, , , , , ,, , 
230,2018-05-08 09:41:45,-0.84,-0.34,-0.63,-0.19,-2.17,-1.21,-0.32,-1.14,-0.7,-0.52,-6.53, , , , , ,706.76,706.5,800.0,3500.0, , , , , ,, , 
231,2018-05-08 09:41:48,-0.8,-0.38,-0.74,-0.26,-2.3,-0.91,-0.39,-1.39,-0.75,-0.49,-6.6, , , , , ,706.73,706.71,500.0,500.0, , , , , ,, , 
232,2018-05-08 09:41:51,-0.84,-0.32,-0.78,-0.2,-1.89,-1.21,-0.23,-0.82,-0.52,-0.53,-6.05, , , , , ,706.5,706.36,4600.0,600.0, , , , , ,, , 
233,2018-05-08 09:41:54,-0.95,-0.43,-1.21,-0.25,-1.38,-1.09,-0.46,-0.5,-0.54,-0.58,-5.8, , , , , ,706.5,706.0,1300.0,3300.0, , , , , ,, , 
234,2018-05-08 09:41:57,-0.7,-0.02,-0.98,0.04,-1.39,-0.94,-0.03,-0.52,-0.18,-0.07,-5.79, , , , , ,706.6,705.96,2300.0,100.0, , , , , ,, , 
235,2018-05-08 09:42:00,-0.57,-0.01,-1.01,0.18,-0.68,-0.63,-0.11,0.28,-0.06,-0.1,-5.25, , , , , ,706.0,705.9,800.0,1100.0, , , , , ,, , 
236,2018-05-08 09:42:03,-0.57,-0.08,-1.26,0.1,-0.54,-0.43,-0.0,0.33,-0.01,-0.35,-5.06, , , , , ,705.98,705.96,8700.0,100.0, , , , , ,, , 
237,2018-05-08 09:42:06,-0.47,-0.13,-1.13,-0.13,-0.56,-0.44,-0.05,0.4,0.16,-0.22,-4.84, , , , , ,705.98,705.96,7000.0,700.0, , , , , ,, , 
238,2018-05-08 09:42:09,-0.53,0.0,-1.19,0.18,-0.28,-0.49,-0.04,0.69,0.08,-0.13,-4.39, , , , , ,705.9,705.79,600.0,100.0, , , , , ,, , 
239,2018-05-08 09:42:12,-0.52,0.1,-1.23,0.13,-0.17,-0.6,0.11,0.6,0.28,0.07,-4.08, , , , , ,705.94,705.74,100.0,100.0, , , , , ,, , 
240,2018-05-08 09:42:15,-0.43,-0.0,-1.01,-0.03,-0.16,-0.65,-0.01,0.42,0.37,0.03,-3.95, , , , , ,705.96,705.74,400.0,100.0, , , , , ,, , 
241,2018-05-08 09:42:18,-0.35,-0.03,-0.79,-0.19,0.02,-0.48,0.04,0.33,0.24,0.06,-3.77, , , , , ,705.9,705.8,100.0,300.0, , , , , ,, , 
242,2018-05-08 09:42:21,-0.29,0.11,-0.65,0.01,-0.16,-0.29,0.01,0.3,0.07,0.29,-3.77, , , , , ,705.94,705.8,100.0,500.0, , , , , ,, , 
243,2018-05-08 09:42:24,-0.61,0.1,-1.13,-0.19,-0.45,-0.61,0.03,0.15,-0.1,0.47,-3.9, , , , , ,705.98,705.96,3600.0,100.0, , , , , ,, , 
244,2018-05-08 09:42:27,-0.4,0.03,-0.89,-0.13,0.93,-0.13,-0.07,1.77,-0.18,0.3,-2.31, , , , , ,704.9,704.88,2350.0,100.0, , , , , ,, , 
245,2018-05-08 09:42:30,-0.5,0.12,-0.92,-0.09,0.89,-0.45,0.17,1.82,-0.12,0.3,-2.28, , , , , ,705.0,704.85,2350.0,100.0, , , , , ,, , 
246,2018-05-08 09:42:33,-0.34,0.17,-0.81,0.06,1.06,-0.14,0.16,1.73,-0.07,0.3,-2.12, , , , , ,704.97,704.85,300.0,100.0, , , , , ,, , 
247,2018-05-08 09:42:36,-0.1,0.31,-0.6,0.27,1.19,0.24,0.43,1.52,0.08,0.23,-2.01, , , , , ,705.0,704.85,1250.0,800.0, , , , , ,, , 
248,2018-05-08 09:42:39,-0.11,0.32,-0.68,0.28,1.32,0.27,0.51,1.29,0.09,0.17,-2.01, , , , , ,705.0,704.85,1250.0,500.0, , , , , ,, , 
249,2018-05-08 09:42:42,-0.26,0.29,-0.54,0.04,0.79,-0.13,0.73,0.51,-0.12,0.11,-2.4, , , , , ,705.56,705.0,100.0,550.0, , , , , ,, , 
250,2018-05-08 09:42:45,-0.47,0.15,-0.79,0.02,1.63,-0.34,0.41,1.17,-0.27,0.03,-1.45, , , , , ,704.85,704.5,50.0,400.0, , , , , ,, , 
251,2018-05-08 09:42:48,-0.67,0.05,-1.0,-0.2,0.35,-0.62,0.35,-0.07,-0.39,-0.01,-2.5, , , , , ,705.78,705.19,600.0,50.0, , , , , ,, , 
252,2018-05-08 09:42:51,-0.55,0.12,-0.7,-0.01,1.31,-0.65,0.31,0.65,-0.3,0.04,-1.5, , , , , ,705.0,704.85,50.0,300.0, , , , , ,, , 
253,2018-05-08 09:42:54,-0.34,0.28,-0.57,0.09,0.85,-0.17,0.61,0.08,-0.27,0.14,-2.06, , , , , ,705.74,704.85,100.0,100.0, , , , , ,, , 
254,2018-05-08 09:42:57,-0.28,0.45,-0.39,0.2,0.74,-0.1,0.69,-0.11,-0.34,0.45,-2.23, , , , , ,705.78,705.0,250.0,200.0, , , , , ,, , 
255,2018-05-08 09:43:00,-0.04,0.61,-0.08,0.51,0.78,0.23,0.84,-0.43,-0.27,0.47,-2.43, , , , , ,705.8,705.39,1000.0,200.0, , , , , ,, , 
256,2018-05-08 09:43:03,0.17,0.73,0.19,0.73,0.86,0.45,1.04,-0.45,-0.12,0.43,-2.33, , , , , ,705.8,705.39,300.0,600.0, , , , , ,, , 
257,2018-05-08 09:43:06,0.04,0.75,0.08,0.74,0.65,0.17,1.11,-0.78,-0.12,0.42,-2.46, , , , , ,705.8,705.78,400.0,400.0, , , , , ,, , 
258,2018-05-08 09:43:09,-0.15,0.58,0.19,0.71,1.43,-0.07,0.83,-0.21,-0.58,0.21,-1.75, , , , , ,705.68,704.97,200.0,300.0, , , , , ,, , 
259,2018-05-08 09:43:12,-0.31,0.44,0.07,0.67,0.55,-0.25,0.74,-1.18,-0.75,-0.09,-2.49, , , , , ,705.96,705.8,600.0,200.0, , , , , ,, , 
260,2018-05-08 09:43:15,-0.42,0.31,-0.1,0.65,0.38,-0.54,0.55,-1.34,-0.62,-0.28,-2.54, , , , , ,705.94,705.8,100.0,500.0, , , , , ,, , 
261,2018-05-08 09:43:18,-0.32,0.35,-0.05,0.71,0.3,-0.32,0.68,-1.46,-0.6,-0.33,-2.61, , , , , ,705.94,705.8,100.0,200.0, , , , , ,, , 
262,2018-05-08 09:43:21,-0.3,0.42,0.05,0.77,0.34,-0.38,0.62,-1.5,-0.57,-0.13,-2.59, , , , , ,705.94,705.75,200.0,100.0, , , , , ,, , 
263,2018-05-08 09:43:24,-0.26,0.52,0.03,0.77,0.9,-0.15,0.74,-0.95,-0.65,0.04,-2.15, , , , , ,705.8,705.1,100.0,1500.0, , , , , ,, , 
264,2018-05-08 09:43:27,-0.13,0.56,0.1,0.76,0.98,-0.25,0.78,-1.01,-0.25,0.15,-2.21, , , , , ,705.8,705.1,200.0,2000.0, , , , , ,, , 
265,2018-05-08 09:43:30,-0.13,0.57,0.1,0.77,1.1,-0.1,0.92,-1.05,-0.38,0.0,-2.23, , , , , ,705.75,705.11,100.0,500.0, , , , , ,, , 
266,2018-05-08 09:43:33,-0.28,0.4,-0.05,0.59,0.37,-0.28,0.57,-1.8,-0.51,0.05,-2.85, , , , , ,705.93,705.81,1000.0,1400.0, , , , , ,, , 
267,2018-05-08 09:43:36,-0.18,0.48,0.01,0.63,0.17,-0.1,0.63,-1.98,-0.46,0.17,-2.88, , , , , ,705.93,705.82,400.0,500.0, , , , , ,, , 
268,2018-05-08 09:43:39,-0.07,0.48,0.17,0.8,-0.06,-0.19,0.55,-2.12,-0.2,0.09,-2.87, , , , , ,705.93,705.82,500.0,600.0, , , , , ,, , 
269,2018-05-08 09:43:42,-0.21,0.35,0.06,0.72,-0.23,-0.42,0.42,-2.27,-0.28,-0.08,-2.75, , , , , ,705.81,705.8,100.0,900.0, , , , , ,, , 
270,2018-05-08 09:43:45,-0.42,0.14,-0.0,0.61,-0.45,-0.64,0.16,-2.42,-0.62,-0.34,-2.72, , , , , ,705.82,705.8,100.0,900.0, , , , , ,, , 
271,2018-05-08 09:43:48,-0.34,0.22,0.01,0.57,-0.52,-0.48,0.28,-2.63,-0.54,-0.18,-2.65, , , , , ,705.81,705.8,200.0,100.0, , , , , ,, , 
272,2018-05-08 09:43:51,-0.32,0.2,0.04,0.59,-0.21,-0.73,0.2,-2.47,-0.28,-0.2,-2.25, , , , , ,705.81,705.25,200.0,1000.0, , , , , ,, , 
273,2018-05-08 09:43:54,-0.28,0.34,0.06,0.87,-1.26,-0.63,0.29,-3.6,-0.26,-0.13,-3.31, , , , , ,706.49,706.0,6600.0,400.0, , , , , ,, , 
274,2018-05-08 09:43:57,-0.24,0.47,0.13,0.98,-0.98,-0.63,0.41,-3.36,-0.21,0.02,-3.02, , , , , ,706.01,706.0,100.0,500.0, , , , , ,, , 
275,2018-05-08 09:44:00,-0.07,0.59,0.19,0.91,-0.82,-0.19,0.64,-3.21,-0.2,0.21,-2.93, , , , , ,705.92,705.82,100.0,500.0, , , , , ,, , 
276,2018-05-08 09:44:03,0.15,0.62,0.2,0.97,-1.68,0.1,0.61,-4.18,0.15,0.26,-3.85, , , , , ,706.49,706.44,5800.0,300.0, , , , , ,, , 
277,2018-05-08 09:44:06,0.21,0.6,0.22,1.02,-1.73,0.35,0.56,-4.39,0.05,0.23,-3.88, , , , , ,706.49,706.44,5400.0,300.0, , , , , ,, , 
278,2018-05-08 09:44:09,0.25,0.71,0.35,1.14,-1.45,0.41,0.63,-4.15,-0.0,0.35,-3.6, , , , , ,706.4,706.0,1400.0,8500.0, , , , , ,, , 
279,2018-05-08 09:44:12,0.36,0.82,0.12,1.15,-1.63,0.77,0.82,-4.42,0.19,0.48,-3.69, , , , , ,706.4,706.0,800.0,7700.0, , , , , ,, , 
280,2018-05-08 09:44:15,0.17,0.43,0.06,0.69,-1.82,0.33,0.33,-4.51,0.12,0.27,-3.83, , , , , ,706.4,706.01,600.0,1200.0, , , , , ,, , 
281,2018-05-08 09:44:18,-0.13,0.21,0.09,0.65,-1.59,-0.29,-0.07,-4.22,-0.17,0.05,-3.68, , , , , ,705.98,705.93,1400.0,200.0, , , , , ,, , 
282,2018-05-08 09:44:21,-0.49,-0.03,-0.16,0.38,-1.66,-0.97,-0.3,-4.39,-0.35,-0.17,-3.83, , , , , ,705.98,705.93,800.0,600.0, , , , , ,, , 
283,2018-05-08 09:44:24,-0.77,-0.22,-0.56,0.18,-2.02,-1.23,-0.54,-4.78,-0.51,-0.31,-4.33, , , , , ,706.39,706.02,3700.0,1700.0, , , , , ,, , 
284,2018-05-08 09:44:27,-0.94,-0.45,-0.64,0.02,-2.08,-1.59,-0.74,-4.93,-0.58,-0.63,-4.42, , , , , ,706.39,706.02,3300.0,1200.0, , , , , ,, , 
285,2018-05-08 09:44:30,-1.04,-0.58,-0.66,-0.01,-2.13,-1.61,-0.87,-5.06,-0.85,-0.87,-4.44, , , , , ,706.38,706.01,100.0,700.0, , , , , ,, , 
286,2018-05-08 09:44:33,-1.2,-0.75,-0.74,-0.14,-2.3,-1.82,-1.08,-5.39,-1.05,-1.02,-4.5,-500.0,706.1,0.0,-0.0,0.0,706.35,706.1,100.0,200.0, , , ,2018-05-08 09:44:33.709000,2018-05-08 09:44:37.214000,, , 
287,2018-05-08 09:44:36,-1.26,-0.88,-0.85,-0.36,-2.01,-1.83,-1.22,-5.21,-1.12,-1.06,-4.15, , , , , ,705.98,705.82,5400.0,600.0, , , , , ,, , 
288,2018-05-08 09:44:39,-1.58,-1.09,-1.35,-0.75,-1.81,-2.31,-1.41,-5.12,-1.08,-1.11,-3.9,-500.0,705.5,705.5,-500.0,-500.0,705.8,705.5,8500.0,100.0, , , ,2018-05-08 09:44:39.751000,2018-05-08 09:44:41.388000,, , 
289,2018-05-08 09:44:42,-1.71,-1.15,-1.58,-0.83,-1.94,-2.41,-1.35,-5.11,-1.15,-1.28,-3.95,-500.0,705.35,705.35,-500.0,-1000.0,705.8,705.35,7500.0,1700.0, , , ,2018-05-08 09:44:42.621000,2018-05-08 09:44:43.440000,, , 
290,2018-05-08 09:44:45,-1.84,-1.24,-1.78,-0.9,-1.88,-2.44,-1.56,-4.83,-1.29,-1.26,-3.83,-500.0,705.35,705.35,-500.0,-1500.0,705.5,705.35,200.0,300.0, , , ,2018-05-08 09:44:45.610000,2018-05-08 09:44:46.993000,, , 
291,2018-05-08 09:44:48,-1.96,-1.28,-2.08,-1.06,-1.97,-2.49,-1.61,-4.65,-1.31,-1.18,-3.83,-500.0,705.33,705.33,-500.0,-2000.0,705.35,705.33,100.0,200.0, , , ,2018-05-08 09:44:48.634000,2018-05-08 09:44:49.525000,, , 
292,2018-05-08 09:44:51,-1.9,-1.01,-2.09,-0.71,-2.3,-2.41,-1.18,-4.62,-1.2,-1.14,-4.08, , , , , ,705.5,705.33,100.0,600.0, , , , , ,, , 
293,2018-05-08 09:44:54,-1.86,-0.98,-2.13,-0.64,-2.32,-2.16,-1.06,-4.53,-1.28,-1.24,-4.03, , , , , ,705.35,705.33,3000.0,300.0, , , , , ,, , 
294,2018-05-08 09:44:57,-1.8,-0.89,-2.06,-0.56,-2.38,-1.97,-0.95,-4.43,-1.36,-1.16,-4.1, , , , , ,705.35,705.28,2500.0,1500.0, , , , , ,, , 
295,2018-05-08 09:45:00,-1.68,-0.95,-1.99,-0.71,-2.25,-1.79,-1.07,-4.17,-1.24,-1.06,-4.04, , , , , ,705.28,705.1,500.0,100.0, , , , , ,, , 
296,2018-05-08 09:45:03,-1.68,-1.01,-2.1,-0.78,-2.54,-1.83,-0.99,-4.13,-1.11,-1.27,-4.29, , , , , ,705.33,705.28,100.0,100.0, , , , , ,, , 
297,2018-05-08 09:45:06,-1.46,-0.99,-1.74,-0.94,-2.77,-1.64,-0.89,-3.92,-0.99,-1.13,-4.4, , , , , ,705.35,705.28,10400.0,900.0, , , , , ,, , 
298,2018-05-08 09:45:09,-1.55,-1.1,-1.71,-0.98,-2.66,-1.81,-1.04,-3.39,-1.11,-1.27,-4.23, , , , , ,705.35,704.93,10000.0,100.0, , , , , ,, , 
299,2018-05-08 09:45:12,-1.59,-1.14,-1.75,-1.15,-2.64,-1.88,-1.1,-2.81,-1.13,-1.17,-3.95, , , , , ,705.0,704.88,900.0,100.0, , , , , ,, , 
300,2018-05-08 09:45:15,-1.46,-0.93,-1.66,-0.84,-2.54,-1.69,-0.85,-2.46,-1.02,-1.09,-3.8, , , , , ,705.0,704.6,700.0,100.0, , , , , ,, , 
301,2018-05-08 09:45:18,-1.1,-0.6,-1.2,-0.64,-2.6,-1.35,-0.55,-2.29,-0.74,-0.6,-3.75, , , , , ,705.0,704.6,1900.0,800.0, , , , , ,, , 
302,2018-05-08 09:45:21,-1.18,-0.62,-1.35,-0.68,-2.76,-1.31,-0.57,-2.25,-0.89,-0.61,-3.75, , , , , ,705.0,704.6,2600.0,800.0, , , , , ,, , 
303,2018-05-08 09:45:24,-1.08,-0.51,-1.28,-0.6,-2.71,-1.15,-0.55,-2.17,-0.82,-0.38,-3.58, , , , , ,704.85,704.64,200.0,100.0, , , , , ,, , 
304,2018-05-08 09:45:27,-0.86,-0.32,-1.1,-0.42,-2.9,-1.05,-0.21,-2.15,-0.42,-0.33,-3.49, , , , , ,704.85,704.7,200.0,100.0, , , , , ,, , 
305,2018-05-08 09:45:30,-0.97,-0.34,-1.24,-0.44,-2.83,-1.07,-0.24,-1.84,-0.61,-0.33,-3.23, , , , , ,704.64,704.6,4000.0,100.0, , , , , ,, , 
306,2018-05-08 09:45:33,-1.03,-0.42,-1.29,-0.43,-3.14,-1.06,-0.3,-1.71,-0.73,-0.51,-3.16, , , , , ,704.64,704.61,3800.0,400.0, , , , , ,, , 
307,2018-05-08 09:45:36,-1.07,-0.51,-1.25,-0.49,-3.04,-1.09,-0.43,-1.22,-0.87,-0.63,-2.73, , , , , ,704.5,704.23,200.0,100.0, , , , , ,, , 
308,2018-05-08 09:45:39,-1.04,-0.51,-1.33,-0.56,-3.22,-1.04,-0.36,-1.15,-0.74,-0.61,-2.53, , , , , ,704.55,704.08,100.0,500.0, , , , , ,, , 
309,2018-05-08 09:45:42,-1.19,-0.63,-1.39,-0.64,-3.16,-1.2,-0.48,-0.86,-0.98,-0.76,-2.27, , , , , ,704.34,704.05,100.0,100.0, , , , , ,, , 
310,2018-05-08 09:45:45,-1.38,-0.82,-1.69,-0.92,-2.75,-1.39,-0.55,-0.43,-1.07,-0.99,-1.93, , , , , ,704.0,703.9,8000.0,300.0, , , , , ,, , 
311,2018-05-08 09:45:48,-1.38,-0.84,-1.6,-0.97,-2.69,-1.46,-0.58,-0.33,-1.08,-0.96,-1.82, , , , , ,704.0,703.9,8700.0,400.0, , , , , ,, , 
312,2018-05-08 09:45:51,-1.38,-0.81,-1.74,-0.94,-2.21,-1.35,-0.55,0.24,-1.06,-0.94,-1.44, , , , , ,703.9,703.51,600.0,100.0, , , , , ,, , 
313,2018-05-08 09:45:54,-1.27,-0.7,-1.57,-0.98,-2.0,-1.18,-0.41,0.41,-1.04,-0.71,-1.17, , , , , ,703.78,703.33,200.0,100.0, , , , , ,, , 
314,2018-05-08 09:45:57,-1.14,-0.56,-1.56,-0.88,-2.02,-1.03,-0.23,0.3,-0.83,-0.55,-1.3, , , , , ,703.89,703.33,600.0,800.0, , , , , ,, , 
315,2018-05-08 09:46:00,-0.96,-0.23,-1.19,-0.42,-2.02,-0.9,0.0,0.3,-0.78,-0.26,-1.58, , , , , ,704.0,703.33,9400.0,200.0, , , , , ,, , 
316,2018-05-08 09:46:03,-0.52,0.05,-0.64,-0.16,-1.71,-0.57,0.41,0.5,-0.36,-0.1,-1.68, , , , , ,703.6,703.59,100.0,200.0, , , , , ,, , 
317,2018-05-08 09:46:06,-0.42,0.31,-0.69,0.01,-0.89,-0.42,0.66,1.25,-0.14,0.25,-1.22, , , , , ,703.33,703.02,800.0,100.0, , , , , ,, , 
318,2018-05-08 09:46:09,-0.46,0.3,-0.95,-0.0,-0.36,-0.39,0.72,1.54,-0.03,0.18,-0.91, , , , , ,703.01,703.0,500.0,1600.0, , , , , ,, , 
319,2018-05-08 09:46:12,-0.49,0.22,-0.92,0.01,-0.49,-0.5,0.51,1.18,-0.04,0.13,-1.34, , , , , ,703.6,703.0,100.0,1700.0, , , , , ,, , 
320,2018-05-08 09:46:15,-0.31,0.33,-0.68,0.08,0.33,-0.16,0.66,1.78,-0.1,0.26,-0.6, , , , , ,703.0,702.66,100.0,100.0, , , , , ,, , 
321,2018-05-08 09:46:18,-0.2,0.47,-0.66,0.13,0.39,-0.03,0.86,1.58,0.09,0.41,-0.68, , , , , ,703.18,702.66,200.0,200.0, , , , , ,, , 
322,2018-05-08 09:46:21,-0.29,0.35,-0.79,-0.1,0.54,-0.22,0.82,1.69,0.14,0.34,-0.53, , , , , ,703.0,702.66,9300.0,200.0, , , , , ,, , 
323,2018-05-08 09:46:24,-0.3,0.21,-0.59,-0.26,0.55,-0.37,0.59,1.58,0.08,0.29,-0.4, , , , , ,703.0,702.66,10000.0,600.0, , , , , ,, , 
324,2018-05-08 09:46:27,-0.38,0.19,-0.67,-0.28,0.72,-0.43,0.54,1.62,-0.05,0.3,-0.28, , , , , ,703.0,702.5,10800.0,300.0, , , , , ,, , 
325,2018-05-08 09:46:30,-0.41,0.17,-0.73,-0.35,1.18,-0.51,0.5,1.95,0.01,0.35,0.09, , , , , ,702.66,702.33,600.0,200.0, , , , , ,, , 
326,2018-05-08 09:46:33,-0.33,0.16,-0.75,-0.33,1.44,-0.4,0.44,2.06,0.16,0.39,0.21, , , , , ,702.5,702.33,100.0,200.0, , , , , ,, , 
327,2018-05-08 09:46:36,-1.01,-0.35,-1.55,-1.22,2.16,-1.05,0.09,2.62,-0.43,0.09,0.81, , , , , ,702.0,701.99,3600.0,200.0, , , , , ,, , 
328,2018-05-08 09:46:39,-0.87,0.02,-1.18,-0.32,2.16,-1.03,0.3,2.64,-0.4,0.09,0.79, , , , , ,702.0,701.99,200.0,700.0, , , , , ,, , 
329,2018-05-08 09:46:42,-0.18,0.7,-0.43,0.37,2.6,-0.2,1.09,2.99,0.08,0.64,1.11, , , , , ,702.3,701.23,700.0,700.0, , , , , ,, , 
330,2018-05-08 09:46:45,0.11,0.84,-0.25,0.44,2.15,0.04,1.18,2.48,0.54,0.89,0.62, , , , , ,702.3,701.99,600.0,1400.0, , , , , ,, , 
331,2018-05-08 09:46:48,0.18,1.04,-0.01,0.84,2.24,0.11,1.46,2.54,0.45,0.81,0.7,2000.0,702.02,702.02,2000.0,0.0,702.3,702.0,600.0,6000.0,5074.4,3.6, ,2018-05-08 09:46:48.683000,2018-05-08 09:46:52.330000,, , 
332,2018-05-08 09:46:51,0.45,1.32,0.18,1.21,2.42,0.5,1.7,2.52,0.67,1.05,0.77, , , , , ,702.31,702.02,100.0,200.0, , , , , ,, , 
333,2018-05-08 09:46:54,0.49,1.34,0.4,1.29,2.4,0.41,1.56,2.48,0.66,1.16,0.96, , , , , ,702.3,702.02,300.0,700.0, , , , , ,, , 
334,2018-05-08 09:46:57,0.56,1.27,0.4,1.24,2.42,0.4,1.54,2.49,0.88,1.03,1.21, , , , , ,702.15,702.09,800.0,1400.0, , , , , ,, , 
335,2018-05-08 09:47:00,0.64,1.34,0.68,1.37,2.24,0.41,1.54,2.12,0.81,1.12,1.11, , , , , ,702.5,702.11,400.0,100.0, , , , , ,, , 
336,2018-05-08 09:47:03,0.76,1.48,0.95,1.59,2.2,0.44,1.63,1.92,0.87,1.23,1.15,500.0,702.5,702.5,500.0,500.0,702.5,702.3,400.0,3500.0, , , ,2018-05-08 09:47:03.641000,2018-05-08 09:47:06.605000,, , 
337,2018-05-08 09:47:06,0.67,1.46,0.98,1.63,1.85,0.26,1.54,1.38,0.77,1.21,0.76, , , , , ,703.0,702.5,5200.0,500.0, , , , , ,, , 
338,2018-05-08 09:47:09,0.63,1.51,0.84,1.75,1.92,0.25,1.54,1.28,0.8,1.25,0.81, , , , , ,703.0,702.5,1200.0,1000.0, , , , , ,, , 
339,2018-05-08 09:47:12,0.74,1.54,1.13,1.76,1.48,0.44,1.52,0.71,0.66,1.35,0.4, , , , , ,703.18,703.0,500.0,700.0, , , , , ,, , 
340,2018-05-08 09:47:15,0.68,1.49,1.05,1.71,1.2,0.31,1.36,0.38,0.67,1.41,0.24, , , , , ,703.28,703.2,100.0,200.0, , , , , ,, , 
341,2018-05-08 09:47:18,0.55,1.4,1.05,1.56,1.23,0.2,1.46,0.28,0.4,1.18,0.4, , , , , ,703.33,703.0,700.0,4270.0, , , , , ,, , 
342,2018-05-08 09:47:21,0.51,1.42,0.83,1.71,1.08,0.23,1.31,-0.01,0.47,1.26,0.29, , , , , ,703.51,703.0,100.0,8670.0, , , , , ,, , 
343,2018-05-08 09:47:24,0.35,1.24,0.73,1.48,1.06,0.14,1.17,-0.07,0.18,1.05,0.43, , , , , ,703.2,703.18,800.0,100.0, , , , , ,, , 
344,2018-05-08 09:47:27,0.16,1.08,0.53,1.34,0.9,-0.08,0.95,-0.24,0.05,0.95,0.38, , , , , ,703.33,703.18,200.0,1100.0, , , , , ,, , 
345,2018-05-08 09:47:30,0.05,0.9,0.55,1.18,0.74,-0.35,0.89,-0.4,-0.06,0.62,0.3, , , , , ,703.5,703.18,100.0,900.0, , , , , ,, , 
346,2018-05-08 09:47:33,-0.2,0.75,0.28,1.02,0.51,-0.64,0.7,-0.65,-0.24,0.54,0.15, , , , , ,703.51,703.5,100.0,1200.0, , , , , ,, , 
347,2018-05-08 09:47:36,-0.28,0.61,0.15,0.96,0.36,-0.53,0.45,-0.87,-0.45,0.41,0.07, , , , , ,703.66,703.51,100.0,600.0, , , , , ,, , 
348,2018-05-08 09:47:39,-0.38,0.63,0.12,1.16,0.35,-0.75,0.32,-0.99,-0.5,0.4,0.05, , , , , ,704.0,703.2,8581.0,100.0, , , , , ,, , 
349,2018-05-08 09:47:42,-0.48,0.42,0.12,0.85,0.72,-0.95,0.26,-0.8,-0.61,0.14,0.4, , , , , ,703.5,703.2,1400.0,100.0, , , , , ,, , 
350,2018-05-08 09:47:45,-0.45,0.45,0.11,0.89,0.08,-0.75,0.36,-1.57,-0.71,0.1,-0.31, , , , , ,704.0,703.66,4881.0,200.0, , , , , ,, , 
351,2018-05-08 09:47:48,-0.48,0.45,0.03,0.88,0.14,-0.82,0.37,-1.7,-0.66,0.11,-0.35, , , , , ,704.0,703.66,3881.0,600.0, , , , , ,, , 
352,2018-05-08 09:47:51,-0.16,0.66,0.31,1.06,0.1,-0.44,0.63,-1.89,-0.34,0.29,-0.42, , , , , ,704.08,703.66,100.0,219.0, , , , , ,, , 
353,2018-05-08 09:47:54,0.16,0.79,0.66,1.26,-0.06,-0.11,0.73,-2.05,-0.06,0.38,-0.54, , , , , ,704.23,703.66,200.0,219.0, , , , , ,, , 
354,2018-05-08 09:47:57,0.04,0.71,0.53,1.08,0.19,-0.2,0.63,-1.87,-0.21,0.43,-0.2, , , , , ,703.8,703.66,1700.0,119.0, , , , , ,, , 
355,2018-05-08 09:48:00,-0.13,0.65,0.3,1.05,0.1,-0.28,0.52,-1.98,-0.43,0.39,-0.16, , , , , ,703.8,703.66,1300.0,2100.0, , , , , ,, , 
356,2018-05-08 09:48:03,-0.18,0.71,0.26,0.98,-0.53,-0.35,0.62,-2.61,-0.45,0.52,-0.67, , , , , ,704.23,704.0,100.0,200.0, , , , , ,, , 
357,2018-05-08 09:48:06,-0.27,0.59,0.16,0.84,-0.7,-0.53,0.52,-2.83,-0.44,0.42,-0.82, , , , , ,704.34,704.08,100.0,100.0, , , , , ,, , 
358,2018-05-08 09:48:09,-0.17,0.6,0.34,1.03,-0.7,-0.41,0.33,-2.83,-0.43,0.44,-0.77, , , , , ,704.5,703.8,200.0,500.0, , , , , ,, , 
359,2018-05-08 09:48:12,-0.18,0.56,0.21,0.99,-0.43,-0.36,0.29,-2.48,-0.4,0.4,-0.45, , , , , ,704.0,703.79,300.0,100.0, , , , , ,, , 
360,2018-05-08 09:48:15,-0.4,0.54,-0.09,0.82,-1.06,-0.53,0.31,-3.02,-0.56,0.5,-1.01, , , , , ,704.5,704.0,500.0,1000.0, , , , , ,, , 
361,2018-05-08 09:48:18,-0.38,0.52,0.08,0.82,-0.95,-0.67,0.43,-2.65,-0.57,0.32,-0.71, , , , , ,704.05,704.0,100.0,1200.0, , , , , ,, , 
362,2018-05-08 09:48:21,-0.08,0.56,0.33,0.83,-0.99,-0.2,0.5,-2.54,-0.37,0.33,-0.67, , , , , ,704.22,703.67,800.0,800.0, , , , , ,, , 
363,2018-05-08 09:48:24,-0.42,0.3,-0.12,0.56,-0.98,-0.46,0.18,-2.29,-0.69,0.17,-0.58, , , , , ,704.0,703.67,100.0,700.0, , , , , ,, , 
364,2018-05-08 09:48:27,-0.49,0.28,-0.16,0.47,-1.23,-0.5,0.21,-2.31,-0.83,0.15,-0.78, , , , , ,704.22,703.67,600.0,700.0, , , , , ,, , 
365,2018-05-08 09:48:30,-0.52,0.14,-0.16,0.38,-1.1,-0.66,0.13,-2.12,-0.73,-0.1,-0.67, , , , , ,704.0,703.67,2000.0,600.0, , , , , ,, , 
366,2018-05-08 09:48:33,-0.62,0.03,-0.39,0.24,-1.12,-0.7,-0.04,-2.04,-0.76,-0.11,-0.67, , , , , ,704.0,703.67,2500.0,700.0, , , , , ,, , 
367,2018-05-08 09:48:36,-0.62,0.06,-0.31,0.27,-1.23,-0.78,0.06,-1.98,-0.78,-0.15,-0.67, , , , , ,704.0,703.67,2300.0,800.0, , , , , ,, , 
368,2018-05-08 09:48:39,-0.37,0.25,0.05,0.4,-1.35,-0.57,0.26,-1.87,-0.59,0.08,-0.69, , , , , ,704.0,703.7,300.0,4900.0, , , , , ,, , 
369,2018-05-08 09:48:42,-0.26,0.32,0.06,0.38,-1.54,-0.42,0.45,-1.81,-0.42,0.13,-0.71, , , , , ,703.99,703.75,100.0,200.0, , , , , ,, , 
370,2018-05-08 09:48:45,-0.21,0.37,0.03,0.42,-1.67,-0.27,0.52,-1.85,-0.37,0.18,-0.71, , , , , ,704.0,703.79,200.0,100.0, , , , , ,, , 
371,2018-05-08 09:48:48,-0.28,0.42,-0.04,0.51,-1.83,-0.27,0.53,-1.79,-0.51,0.23,-0.72, , , , , ,704.06,703.79,200.0,700.0, , , , , ,, , 
372,2018-05-08 09:48:51,-0.2,0.48,0.01,0.52,-2.12,-0.1,0.64,-1.9,-0.53,0.3,-0.84, , , , , ,704.06,704.0,200.0,100.0, , , , , ,, , 
373,2018-05-08 09:48:54,-0.24,0.49,0.02,0.6,-1.98,-0.16,0.58,-1.66,-0.59,0.29,-0.62, , , , , ,703.99,703.8,1200.0,3000.0, , , , , ,, , 
374,2018-05-08 09:48:57,-0.35,0.21,-0.14,0.14,-1.92,-0.27,0.3,-1.53,-0.65,0.2,-0.38, , , , , ,703.79,703.75,100.0,200.0, , , , , ,, , 
375,2018-05-08 09:49:00,-0.49,0.12,-0.23,0.1,-2.03,-0.46,0.15,-1.74,-0.77,0.12,-0.31, , , , , ,703.79,703.75,200.0,800.0, , , , , ,, , 
376,2018-05-08 09:49:03,-0.53,0.07,-0.38,0.01,-2.09,-0.5,0.17,-1.9,-0.7,0.04,-0.21, , , , , ,703.8,703.7,500.0,1700.0, , , , , ,, , 
377,2018-05-08 09:49:06,-0.79,-0.13,-0.73,-0.17,-2.1,-0.81,-0.12,-1.94,-0.82,-0.11,-0.06, , , , , ,703.7,703.68,1700.0,100.0, , , , , ,, , 
378,2018-05-08 09:49:09,-1.04,-0.47,-0.96,-0.48,-2.15,-1.14,-0.47,-1.84,-1.02,-0.45,-0.02,-500.0,703.66,0.0,-0.0,500.0,703.67,703.66,800.0,500.0, , , ,2018-05-08 09:49:09.743000,2018-05-08 09:49:13.340000,, , 
379,2018-05-08 09:49:12,-1.33,-0.62,-1.32,-0.66,-1.92,-1.53,-0.54,-1.63,-1.13,-0.66,0.21,-500.0,703.5,703.5,-500.0,0.0,703.51,703.5,600.0,8400.0,88.45,0.25, ,2018-05-08 09:49:13.340000,2018-05-08 09:49:13.872000,, , 
380,2018-05-08 09:49:15,-1.52,-0.95,-1.79,-1.26,-1.96,-1.61,-0.88,-1.56,-1.15,-0.72,0.22,-500.0,703.5,703.5,-300.0,-300.0,703.51,703.5,100.0,400.0, , , ,2018-05-08 09:49:15.769000,2018-05-08 09:49:18.881000,, , 
381,2018-05-08 09:49:18,-1.66,-0.91,-1.93,-1.05,-1.67,-1.72,-0.98,-1.27,-1.33,-0.72,0.46, , , , , ,703.48,703.18,500.0,200.0, , , , , ,, , 
382,2018-05-08 09:49:21,-1.51,-0.93,-1.77,-1.11,-1.33,-1.56,-0.94,-0.91,-1.21,-0.76,0.81, , , , , ,703.18,703.02,1000.0,100.0, , , , , ,, , 
383,2018-05-08 09:49:24,-1.5,-0.71,-1.69,-0.89,-1.18,-1.6,-0.54,-0.72,-1.22,-0.7,0.89, , , , , ,703.1,703.01,500.0,600.0, , , , , ,, , 
384,2018-05-08 09:49:27,-1.37,-0.6,-1.57,-0.85,-1.09,-1.42,-0.35,-0.77,-1.12,-0.61,0.87, , , , , ,703.17,703.01,300.0,500.0, , , , , ,, , 
385,2018-05-08 09:49:30,-1.24,-0.49,-1.32,-0.6,-1.06,-1.24,-0.24,-0.74,-1.15,-0.62,0.93, , , , , ,703.17,703.0,300.0,7870.0, , , , , ,, , 
386,2018-05-08 09:49:33,-1.14,-0.48,-1.21,-0.62,-0.86,-1.14,-0.16,-0.62,-1.08,-0.65,1.11, , , , , ,703.01,703.0,700.0,7570.0, , , , , ,, , 
387,2018-05-08 09:49:36,-1.33,-0.56,-1.37,-0.86,-0.8,-1.36,-0.17,-0.62,-1.26,-0.64,1.21, , , , , ,703.01,703.0,1100.0,2194.0, , , , , ,, , 
388,2018-05-08 09:49:39,-1.36,-0.71,-1.36,-1.06,-0.38,-1.39,-0.49,-0.34,-1.34,-0.57,1.66, , , , , ,702.98,702.61,2100.0,100.0, , , , , ,, , 
389,2018-05-08 09:49:42,-1.1,-0.39,-0.97,-0.62,-0.29,-1.12,-0.13,-0.36,-1.2,-0.44,1.87, , , , , ,702.98,702.61,100.0,700.0, , , , , ,, , 
390,2018-05-08 09:49:45,-0.8,-0.15,-0.63,-0.39,0.06,-0.82,0.08,0.04,-0.96,-0.13,2.42, , , , , ,702.61,702.5,400.0,6200.0, , , , , ,, , 
391,2018-05-08 09:49:48,-1.0,-0.09,-1.07,-0.47,-0.1,-1.0,0.12,-0.14,-0.93,0.09,2.5, , , , , ,702.97,702.5,200.0,3300.0, , , , , ,, , 
392,2018-05-08 09:49:51,-0.92,-0.01,-1.0,-0.39,0.33,-0.96,0.1,0.35,-0.79,0.24,3.16, , , , , ,702.61,702.31,500.0,200.0, , , , , ,, , 
393,2018-05-08 09:49:54,-0.88,0.02,-1.02,-0.28,0.47,-0.81,0.04,0.61,-0.81,0.3,3.29, , , , , ,702.5,702.31,100.0,100.0, , , , , ,, , 
394,2018-05-08 09:49:57,-0.76,-0.01,-0.87,-0.48,0.41,-0.63,0.21,0.8,-0.76,0.23,3.31, , , , , ,702.5,702.31,300.0,700.0, , , , , ,, , 
395,2018-05-08 09:50:00,-0.82,-0.07,-0.86,-0.55,0.21,-0.79,0.17,0.97,-0.81,0.18,3.17, , , , , ,702.5,702.31,400.0,300.0, , , , , ,, , 
396,2018-05-08 09:50:03,-0.79,0.09,-0.9,-0.39,0.39,-0.71,0.35,1.51,-0.77,0.3,3.52, , , , , ,702.29,702.0,200.0,7000.0, , , , , ,, , 
397,2018-05-08 09:50:06,-0.16,0.58,-0.17,0.27,0.23,0.02,0.92,1.6,-0.35,0.53,3.62, , , , , ,702.31,702.0,100.0,13400.0, , , , , ,, , 
398,2018-05-08 09:50:09,0.08,0.75,0.11,0.48,0.32,0.21,0.98,1.68,-0.08,0.79,3.76, , , , , ,702.29,702.0,100.0,13200.0, , , , , ,, , 
399,2018-05-08 09:50:12,0.16,0.8,0.15,0.48,0.26,0.41,1.21,1.7,-0.08,0.72,3.85,300.0,702.07,702.07,300.0,0.0,702.3,702.05,500.0,1300.0,182.07,0.86, ,2018-05-08 09:50:12.679000,2018-05-08 09:50:13.711000,, , 
400,2018-05-08 09:50:15,0.27,0.88,0.34,0.61,0.36,0.48,1.18,1.81,-0.02,0.85,3.9, , , , , ,702.24,702.05,200.0,1200.0, , , , , ,, , 
401,2018-05-08 09:50:18,0.1,0.72,0.02,0.59,0.59,0.34,0.82,2.04,-0.05,0.73,4.13, , , , , ,702.05,702.0,100.0,9700.0, , , , , ,, , 
402,2018-05-08 09:50:21,0.01,0.56,0.02,0.41,0.23,0.05,0.76,1.65,-0.02,0.53,3.75, , , , , ,702.6,702.0,100.0,7200.0, , , , , ,, , 
403,2018-05-08 09:50:24,-0.07,0.55,-0.15,0.33,0.54,0.03,0.73,1.88,-0.08,0.59,3.93, , , , , ,702.29,702.05,100.0,100.0, , , , , ,, , 
404,2018-05-08 09:50:27,0.21,0.85,0.22,0.53,0.22,0.21,1.14,1.59,0.21,0.89,3.6, , , , , ,702.5,702.3,200.0,4600.0, , , , , ,, , 
405,2018-05-08 09:50:30,0.16,0.9,0.09,0.63,0.23,0.14,0.99,1.64,0.24,1.07,3.54, , , , , ,702.5,702.3,200.0,4500.0, , , , , ,, , 
406,2018-05-08 09:50:33,0.17,0.76,0.24,0.54,0.24,0.11,0.93,1.71,0.16,0.83,3.54, , , , , ,702.5,702.3,200.0,3400.0, , , , , ,, , 
407,2018-05-08 09:50:36,0.21,0.86,0.32,0.69,0.23,0.1,1.04,1.75,0.2,0.85,3.55, , , , , ,702.5,702.3,200.0,2800.0, , , , , ,, , 
408,2018-05-08 09:50:39,0.27,0.88,0.32,0.73,0.0,0.16,1.02,1.54,0.32,0.89,3.29, , , , , ,702.61,702.5,100.0,500.0, , , , , ,, , 
409,2018-05-08 09:50:42,0.14,0.83,0.2,0.79,-0.33,-0.0,0.82,1.23,0.22,0.87,2.98, , , , , ,702.99,702.55,300.0,100.0, , , , , ,, , 
410,2018-05-08 09:50:45,0.05,0.69,0.14,0.78,-0.1,0.04,0.64,1.37,-0.02,0.66,3.12, , , , , ,702.99,702.31,300.0,100.0, , , , , ,, , 
411,2018-05-08 09:50:48,0.1,0.72,0.24,0.84,0.34,0.11,0.7,1.67,-0.05,0.63,3.44, , , , , ,702.5,702.31,200.0,800.0, , , , , ,, , 
412,2018-05-08 09:50:51,0.13,0.79,0.26,0.99,-0.18,0.12,0.65,1.05,0.01,0.74,2.72, , , , , ,703.17,702.5,2806.0,100.0, , , , , ,, , 
413,2018-05-08 09:50:54,0.21,0.87,0.36,1.05,-0.07,0.11,0.59,0.97,0.14,0.97,2.52, , , , , ,703.17,702.6,2806.0,1200.0, , , , , ,, , 
414,2018-05-08 09:50:57,0.46,1.05,0.62,1.24,0.24,0.46,0.8,1.12,0.31,1.12,2.56, , , , , ,702.9,702.7,2000.0,1500.0, , , , , ,, , 
415,2018-05-08 09:51:00,0.38,1.12,0.45,1.08,1.19,0.42,0.91,1.94,0.26,1.36,3.25, , , , , ,702.3,702.2,3900.0,2600.0, , , , , ,, , 
416,2018-05-08 09:51:03,0.13,0.81,0.22,0.78,1.36,0.17,0.71,1.98,-0.01,0.94,3.25, , , , , ,702.3,702.21,4200.0,1000.0, , , , , ,, , 
417,2018-05-08 09:51:06,0.06,0.96,0.11,0.84,1.31,0.06,0.76,1.81,0.02,1.27,3.1, , , , , ,702.5,702.22,300.0,100.0, , , , , ,, , 
418,2018-05-08 09:51:09,0.18,1.03,0.28,0.94,1.29,0.16,0.82,1.71,0.1,1.32,3.06, , , , , ,702.6,702.22,800.0,800.0, , , , , ,, , 
419,2018-05-08 09:51:12,0.02,0.9,-0.1,0.79,1.31,0.05,0.73,1.61,0.1,1.18,3.01, , , , , ,702.6,702.3,1100.0,100.0, , , , , ,, , 
420,2018-05-08 09:51:15,-0.11,0.78,-0.13,0.65,1.72,-0.06,0.73,1.89,-0.14,0.95,3.46, , , , , ,702.21,702.2,300.0,4300.0, , , , , ,, , 
421,2018-05-08 09:51:18,-0.13,0.73,-0.12,0.66,1.28,-0.15,0.73,1.39,-0.13,0.8,2.96, , , , , ,702.6,702.5,1100.0,2000.0, , , , , ,, , 
422,2018-05-08 09:51:21,-0.02,0.69,0.04,0.7,1.3,-0.02,0.68,1.32,-0.09,0.71,3.0, , , , , ,702.6,702.5,900.0,2200.0, , , , , ,, , 
423,2018-05-08 09:51:24,0.05,0.77,-0.05,0.81,1.36,0.14,0.7,1.27,0.06,0.79,3.08, , , , , ,702.57,702.5,100.0,2000.0, , , , , ,, , 
424,2018-05-08 09:51:27,0.06,0.7,0.04,0.72,1.36,0.16,0.74,1.19,-0.03,0.64,3.0, , , , , ,702.57,702.55,100.0,1400.0, , , , , ,, , 
425,2018-05-08 09:51:30,0.04,0.7,0.01,0.71,1.4,0.07,0.69,1.14,0.05,0.7,2.98, , , , , ,702.57,702.56,100.0,200.0, , , , , ,, , 
426,2018-05-08 09:51:33,0.06,0.74,0.04,0.75,1.46,0.15,0.63,1.12,-0.01,0.85,2.89, , , , , ,702.6,702.56,500.0,800.0, , , , , ,, , 
427,2018-05-08 09:51:36,0.07,0.65,0.01,0.71,1.52,0.22,0.51,1.14,-0.03,0.72,2.89, , , , , ,702.57,702.56,300.0,600.0, , , , , ,, , 
428,2018-05-08 09:51:39,-0.08,0.47,-0.04,0.49,1.55,-0.1,0.42,1.16,-0.11,0.5,2.87, , , , , ,702.6,702.5,400.0,800.0, , , , , ,, , 
429,2018-05-08 09:51:42,-0.25,0.34,-0.13,0.39,1.58,-0.26,0.26,1.21,-0.35,0.38,2.89, , , , , ,702.55,702.5,1100.0,300.0, , , , , ,, , 
430,2018-05-08 09:51:45,-0.32,0.26,-0.22,0.32,1.54,-0.22,0.15,1.24,-0.51,0.3,2.88, , , , , ,702.55,702.5,700.0,400.0, , , , , ,, , 
431,2018-05-08 09:51:48,0.02,0.56,0.07,0.86,1.22,0.19,0.43,0.98,-0.21,0.4,2.52, , , , , ,703.17,702.28,806.0,200.0, , , , , ,, , 
432,2018-05-08 09:51:51,0.12,0.64,0.39,0.85,1.11,0.15,0.57,0.92,-0.18,0.48,2.41, , , , , ,703.08,702.5,200.0,3000.0, , , , , ,, , 
433,2018-05-08 09:51:54,0.09,0.66,0.26,0.87,1.1,0.18,0.68,0.94,-0.15,0.44,2.4, , , , , ,703.08,702.5,200.0,2700.0, , , , , ,, , 
434,2018-05-08 09:51:57,0.1,0.75,0.28,0.98,0.78,0.26,0.76,0.66,-0.24,0.51,2.07, , , , , ,703.08,703.0,200.0,5900.0, , , , , ,, , 
435,2018-05-08 09:52:00,-0.12,0.79,-0.1,1.17,0.52,0.11,0.74,0.43,-0.36,0.45,1.73, , , , , ,703.3,703.2,100.0,4694.0, , , , , ,, , 
436,2018-05-08 09:52:03,-0.07,0.72,0.24,1.04,0.53,-0.1,0.61,0.47,-0.36,0.52,1.66, , , , , ,703.33,703.2,100.0,4694.0, , , , , ,, , 
437,2018-05-08 09:52:06,-0.07,0.72,0.12,0.98,0.51,-0.06,0.6,0.53,-0.26,0.59,1.6, , , , , ,703.33,703.22,100.0,200.0, , , , , ,, , 
438,2018-05-08 09:52:09,0.06,0.71,0.33,0.96,0.39,-0.01,0.57,0.45,-0.16,0.62,1.44, , , , , ,703.45,703.22,100.0,600.0, , , , , ,, , 
439,2018-05-08 09:52:12,-0.1,0.7,0.16,1.07,0.24,-0.26,0.5,0.34,-0.19,0.54,1.33, , , , , ,703.49,703.33,1300.0,100.0, , , , , ,, , 
440,2018-05-08 09:52:15,-0.1,0.67,0.26,0.98,0.12,-0.29,0.49,0.3,-0.26,0.53,1.15, , , , , ,703.49,703.41,800.0,500.0, , , , , ,, , 
441,2018-05-08 09:52:18,-0.0,0.72,0.24,1.04,0.1,-0.1,0.6,0.29,-0.15,0.5,1.07, , , , , ,703.5,703.41,2600.0,100.0, , , , , ,, , 
442,2018-05-08 09:52:21,-0.46,0.41,-0.19,0.76,-0.03,-0.57,0.19,0.24,-0.61,0.27,0.96, , , , , ,703.5,703.49,7600.0,100.0, , , , , ,, , 
443,2018-05-08 09:52:24,-0.77,0.15,-0.51,0.54,-0.03,-0.87,-0.09,0.33,-0.95,-0.0,0.88, , , , , ,703.49,703.41,200.0,100.0, , , , , ,, , 
444,2018-05-08 09:52:27,-0.54,0.23,-0.2,0.72,-0.24,-0.57,0.03,0.2,-0.84,-0.06,0.68, , , , , ,703.64,703.49,100.0,400.0, , , , , ,, , 
445,2018-05-08 09:52:30,-0.31,0.32,-0.09,0.79,-0.29,-0.31,0.07,0.23,-0.54,0.11,0.59, , , , , ,703.64,703.5,100.0,4900.0, , , , , ,, , 
446,2018-05-08 09:52:33,-0.32,0.27,-0.04,0.64,-0.36,-0.28,0.05,0.23,-0.63,0.12,0.44, , , , , ,703.67,703.57,100.0,500.0, , , , , ,, , 
447,2018-05-08 09:52:36,-0.31,0.37,-0.08,0.78,-0.44,-0.24,0.13,0.26,-0.63,0.19,0.45, , , , , ,703.7,703.64,3300.0,100.0, , , , , ,, , 
448,2018-05-08 09:52:39,-0.25,0.43,0.06,0.78,-0.44,-0.12,0.23,0.42,-0.7,0.26,0.48, , , , , ,703.7,703.64,3300.0,700.0, , , , , ,, , 
449,2018-05-08 09:52:42,-0.43,0.18,-0.17,0.44,-0.32,-0.45,0.03,0.72,-0.69,0.06,0.61, , , , , ,703.7,703.5,3300.0,6300.0, , , , , ,, , 
450,2018-05-08 09:52:45,-0.7,-0.01,-0.52,0.22,-0.29,-0.58,-0.14,0.93,-1.0,-0.11,0.58, , , , , ,703.7,703.5,3100.0,6100.0, , , , , ,, , 
451,2018-05-08 09:52:48,-0.77,-0.12,-0.6,0.22,-0.22,-0.73,-0.29,1.31,-0.97,-0.3,0.53, , , , , ,703.64,703.5,300.0,6300.0, , , , , ,, , 
452,2018-05-08 09:52:51,-0.78,-0.2,-0.62,0.16,-0.16,-0.7,-0.3,1.6,-1.0,-0.45,0.52, , , , , ,703.6,703.5,100.0,7100.0, , , , , ,, , 
453,2018-05-08 09:52:54,-0.8,-0.19,-0.55,0.12,-0.17,-0.9,-0.29,1.62,-0.96,-0.39,0.46, , , , , ,703.64,703.51,100.0,100.0, , , , , ,, , 
454,2018-05-08 09:52:57,-0.82,-0.17,-0.61,0.13,-0.11,-0.84,-0.25,1.64,-1.01,-0.39,0.49, , , , , ,703.64,703.51,100.0,600.0, , , , , ,, , 
455,2018-05-08 09:53:00,-0.75,-0.15,-0.51,0.13,-0.14,-0.78,-0.32,1.39,-0.98,-0.27,0.42, , , , , ,703.7,703.6,3100.0,100.0, , , , , ,, , 
456,2018-05-08 09:53:03,-0.77,-0.12,-0.52,0.17,-0.11,-0.8,-0.23,1.34,-0.98,-0.31,0.42, , , , , ,703.69,703.65,100.0,500.0, , , , , ,, , 
457,2018-05-08 09:53:06,-0.66,-0.04,-0.35,0.23,-0.04,-0.64,-0.11,1.46,-1.0,-0.25,0.45, , , , , ,703.75,703.6,1000.0,100.0, , , , , ,, , 
458,2018-05-08 09:53:09,-0.64,-0.02,-0.34,0.25,0.18,-0.5,-0.08,1.8,-1.06,-0.25,0.67, , , , , ,703.54,703.5,200.0,4000.0, , , , , ,, , 
459,2018-05-08 09:53:12,-0.64,-0.11,-0.41,0.16,0.11,-0.58,-0.22,1.86,-0.92,-0.27,0.59, , , , , ,703.64,703.5,200.0,1500.0, , , , , ,, , 
460,2018-05-08 09:53:15,-1.01,-0.4,-0.72,-0.08,0.15,-0.94,-0.43,1.9,-1.38,-0.69,0.62, , , , , ,703.6,703.5,200.0,200.0, , , , , ,, , 
461,2018-05-08 09:53:18,-1.2,-0.65,-0.87,-0.31,0.23,-1.24,-0.64,2.03,-1.48,-1.02,0.7, , , , , ,703.5,703.49,4900.0,100.0, , , , , ,, , 
462,2018-05-08 09:53:21,-1.32,-0.75,-1.09,-0.42,0.24,-1.39,-0.77,2.04,-1.49,-1.05,0.69,-500.0,703.49,703.49,-500.0,-500.0,703.5,703.49,5200.0,500.0, , , ,2018-05-08 09:53:21.738000,2018-05-08 09:53:23.326000,, , 
463,2018-05-08 09:53:24,-1.08,-0.7,-0.89,-0.29,0.46,-1.13,-0.76,2.23,-1.24,-1.05,0.86, , , , , ,703.49,703.23,100.0,200.0, , , , , ,, , 
464,2018-05-08 09:53:27,-1.06,-0.51,-0.9,-0.14,0.48,-1.09,-0.51,2.23,-1.19,-0.88,0.84, , , , , ,703.5,703.23,5000.0,200.0, , , , , ,, , 
465,2018-05-08 09:53:30,-1.04,-0.5,-0.74,-0.24,0.53,-1.18,-0.5,2.17,-1.18,-0.76,0.82, , , , , ,703.5,703.23,5100.0,200.0, , , , , ,, , 
466,2018-05-08 09:53:33,-1.07,-0.56,-0.81,-0.25,0.6,-1.18,-0.66,2.17,-1.22,-0.78,0.82, , , , , ,703.5,703.23,4900.0,100.0, , , , , ,, , 
467,2018-05-08 09:53:36,-0.72,-0.28,-0.43,-0.01,0.7,-0.77,-0.35,2.18,-0.97,-0.49,0.81, , , , , ,703.5,703.23,4800.0,6900.0, , , , , ,, , 
468,2018-05-08 09:53:39,-0.66,-0.1,-0.4,0.11,0.85,-0.54,-0.06,2.14,-1.05,-0.37,0.78, , , , , ,703.5,703.23,4600.0,6900.0, , , , , ,, , 
469,2018-05-08 09:53:42,-0.61,0.08,-0.31,0.27,1.06,-0.49,0.1,2.14,-1.05,-0.11,0.76, , , , , ,703.5,703.23,1000.0,5900.0, , , , , ,, , 
470,2018-05-08 09:53:45,-0.53,0.09,-0.2,0.34,1.21,-0.41,0.08,2.05,-0.97,-0.14,0.68, , , , , ,703.49,703.31,2400.0,300.0, , , , , ,, , 
471,2018-05-08 09:53:48,-0.37,0.16,-0.14,0.33,1.48,-0.24,0.2,1.96,-0.73,-0.05,0.59, , , , , ,703.49,703.4,3300.0,600.0, , , , , ,, , 
472,2018-05-08 09:53:51,-0.41,0.21,-0.15,0.47,1.75,-0.27,0.2,1.84,-0.82,-0.03,0.59, , , , , ,703.49,703.4,3100.0,600.0, , , , , ,, , 
473,2018-05-08 09:53:54,-0.33,0.28,-0.12,0.44,1.78,-0.1,0.19,1.71,-0.76,0.21,0.55, , , , , ,703.49,703.42,3000.0,200.0, , , , , ,, , 
474,2018-05-08 09:53:57,-0.19,0.44,-0.03,0.53,1.78,-0.03,0.44,1.6,-0.5,0.33,0.53, , , , , ,703.49,703.45,1500.0,500.0, , , , , ,, , 
475,2018-05-08 09:54:00,0.07,0.63,0.16,0.92,1.41,0.22,0.56,1.27,-0.17,0.43,0.3, , , , , ,703.77,703.5,200.0,3700.0, , , , , ,, , 
476,2018-05-08 09:54:03,0.16,0.69,0.31,0.97,1.37,0.29,0.62,1.25,-0.12,0.49,0.28, , , , , ,703.77,703.53,100.0,100.0, , , , , ,, , 
477,2018-05-08 09:54:06,-0.12,0.63,0.14,0.77,1.52,-0.02,0.58,1.3,-0.49,0.54,0.31, , , , , ,703.76,703.5,200.0,3000.0, , , , , ,, , 
478,2018-05-08 09:54:09,0.02,0.77,0.45,1.01,1.6,0.13,0.74,1.27,-0.51,0.55,0.26, , , , , ,703.8,703.53,1600.0,1000.0, , , , , ,, , 
479,2018-05-08 09:54:12,0.19,0.86,0.5,1.07,1.75,0.29,0.86,1.31,-0.23,0.65,0.26, , , , , ,703.77,703.53,100.0,1100.0, , , , , ,, , 
480,2018-05-08 09:54:15,0.15,0.77,0.47,1.08,1.75,0.29,0.7,1.41,-0.3,0.53,0.24, , , , , ,703.77,703.53,300.0,1200.0, , , , , ,, , 
481,2018-05-08 09:54:18,0.05,0.75,0.37,0.87,1.79,0.26,0.83,1.36,-0.47,0.56,0.24, , , , , ,703.8,703.53,1800.0,1000.0, , , , , ,, , 
482,2018-05-08 09:54:21,-0.0,0.67,0.3,0.8,1.8,0.18,0.75,1.42,-0.49,0.46,0.3, , , , , ,703.79,703.53,200.0,1500.0, , , , , ,, , 
483,2018-05-08 09:54:24,0.04,0.67,0.24,0.81,1.78,0.22,0.78,1.44,-0.34,0.43,0.3, , , , , ,703.75,703.61,100.0,300.0, , , , , ,, , 
484,2018-05-08 09:54:27,-0.03,0.6,0.22,0.71,1.73,0.21,0.72,1.35,-0.52,0.36,0.3, , , , , ,703.75,703.68,100.0,500.0, , , , , ,, , 
485,2018-05-08 09:54:30,0.02,0.7,0.32,0.78,1.6,0.16,0.79,1.28,-0.43,0.52,0.31, , , , , ,703.77,703.75,100.0,1000.0, , , , , ,, , 
486,2018-05-08 09:54:33,0.23,0.79,0.54,0.98,1.58,0.35,0.83,1.18,-0.2,0.56,0.31,500.0,703.79,703.79,200.0,-300.0,703.79,703.77,200.0,5300.0, , , ,2018-05-08 09:54:33.840000,2018-05-08 09:54:37.147000,, , 
487,2018-05-08 09:54:36,0.45,1.07,0.67,1.39,1.43,0.57,1.03,1.0,0.12,0.79,0.2,300.0,703.82,0.0,0.0,-300.0,703.98,703.8,4700.0,4700.0, , , ,2018-05-08 09:54:37.147000,2018-05-08 09:54:40.185000,, , 
488,2018-05-08 09:54:39,0.7,1.26,0.99,1.6,1.25,0.87,1.28,0.82,0.24,0.92,0.12,300.0,703.99,0.0,0.0,-300.0,703.99,703.98,1000.0,4700.0, , , ,2018-05-08 09:54:40.185000,2018-05-08 09:54:43.245000,, , 
489,2018-05-08 09:54:42,0.74,1.41,1.01,1.71,0.96,0.76,1.37,0.52,0.46,1.16,-0.17,300.0,704.25,0.0,0.0,-300.0,704.25,704.13,100.0,2000.0, , , ,2018-05-08 09:54:43.245000,2018-05-08 09:54:46.284000,, , 
490,2018-05-08 09:54:45,0.67,1.39,1.11,1.85,0.67,0.69,1.34,0.24,0.22,0.99,-0.41,300.0,704.27,704.27,300.0,0.0,704.5,704.25,100.0,800.0,-705.54,-2.01, ,2018-05-08 09:54:46.285000,2018-05-08 09:54:48.024000,, , 
491,2018-05-08 09:54:48,0.57,1.36,0.94,1.88,0.51,0.53,1.19,0.05,0.25,1.01,-0.52, , , , , ,704.66,704.27,400.0,600.0, , , , , ,, , 
492,2018-05-08 09:54:51,0.3,1.34,0.69,1.9,-0.26,0.2,1.21,-0.64,0.01,0.9,-1.17, , , , , ,705.0,704.85,2600.0,500.0, , , , , ,, , 
493,2018-05-08 09:54:54,0.15,1.32,0.64,1.8,-0.39,0.01,1.26,-0.65,-0.2,0.9,-1.16, , , , , ,705.02,704.85,100.0,100.0, , , , , ,, , 
494,2018-05-08 09:54:57,-0.13,1.07,0.71,1.8,0.1,-0.24,0.96,-0.05,-0.85,0.46,-0.56, , , , , ,704.78,704.27,3300.0,1200.0, , , , , ,, , 
495,2018-05-08 09:55:00,-0.13,0.91,0.55,1.54,0.01,-0.08,0.79,-0.09,-0.87,0.38,-0.54, , , , , ,704.78,704.27,2500.0,1400.0, , , , , ,, , 
496,2018-05-08 09:55:03,-0.19,0.79,0.41,1.35,0.02,-0.04,0.68,-0.14,-0.96,0.34,-0.47, , , , , ,704.78,704.27,2100.0,1400.0, , , , , ,, , 
497,2018-05-08 09:55:06,-0.43,0.55,0.11,1.0,-0.48,-0.31,0.45,-0.69,-1.08,0.21,-0.92, , , , , ,704.98,704.78,6000.0,500.0, , , , , ,, , 
498,2018-05-08 09:55:09,-0.66,0.24,-0.06,0.64,-0.46,-0.63,0.17,-0.75,-1.29,-0.08,-0.85, , , , , ,704.98,704.78,6000.0,500.0, , , , , ,, , 
499,2018-05-08 09:55:12,-0.63,0.18,0.03,0.69,-0.44,-0.71,-0.03,-0.75,-1.22,-0.11,-0.78, , , , , ,704.98,704.78,5800.0,800.0, , , , , ,, , 
500,2018-05-08 09:55:15,-0.72,0.12,-0.12,0.61,-0.35,-0.75,-0.02,-0.88,-1.29,-0.23,-0.78, , , , , ,704.98,704.78,3300.0,200.0, , , , , ,, , 
501,2018-05-08 09:55:18,-0.71,0.15,-0.06,0.7,-0.37,-0.74,-0.02,-0.96,-1.33,-0.22,-0.83, , , , , ,705.0,704.78,100.0,500.0, , , , , ,, , 
502,2018-05-08 09:55:21,-0.64,0.12,0.01,0.54,-0.56,-0.69,0.05,-1.25,-1.24,-0.23,-1.04, , , , , ,705.09,705.02,5700.0,100.0, , , , , ,, , 
503,2018-05-08 09:55:24,-0.73,0.02,-0.02,0.44,-0.29,-0.96,-0.12,-1.18,-1.22,-0.27,-0.78, , , , , ,704.98,704.81,4300.0,100.0, , , , , ,, , 
504,2018-05-08 09:55:27,-0.98,-0.07,-0.26,0.34,-0.32,-1.04,-0.03,-1.2,-1.65,-0.52,-0.72, , , , , ,704.97,704.81,100.0,100.0, , , , , ,, , 
505,2018-05-08 09:55:30,-0.94,-0.06,-0.18,0.26,-0.33,-0.95,-0.04,-1.29,-1.68,-0.41,-0.68, , , , , ,704.98,704.81,4000.0,100.0, , , , , ,, , 
506,2018-05-08 09:55:33,-1.12,-0.24,-0.42,0.1,-0.39,-1.17,-0.26,-1.34,-1.77,-0.57,-0.61, , , , , ,704.98,704.78,7900.0,600.0, , , , , ,, , 
507,2018-05-08 09:55:36,-1.11,-0.37,-0.46,-0.01,-0.43,-1.14,-0.4,-1.29,-1.73,-0.71,-0.59, , , , , ,704.98,704.82,7800.0,1500.0, , , , , ,, , 
508,2018-05-08 09:55:39,-1.02,-0.31,-0.46,0.05,-0.47,-0.87,-0.19,-1.26,-1.72,-0.79,-0.62, , , , , ,704.98,704.82,7600.0,1900.0, , , , , ,, , 
509,2018-05-08 09:55:42,-1.13,-0.42,-0.59,-0.12,-0.34,-1.05,-0.32,-1.09,-1.76,-0.82,-0.45, , , , , ,704.82,704.78,600.0,1600.0, , , , , ,, , 
510,2018-05-08 09:55:45,-1.24,-0.56,-0.75,-0.27,-0.47,-1.16,-0.46,-1.24,-1.79,-0.93,-0.62, , , , , ,704.98,704.78,6900.0,400.0, , , , , ,, , 
511,2018-05-08 09:55:48,-1.09,-0.5,-0.59,-0.27,-0.43,-1.05,-0.36,-1.22,-1.63,-0.88,-0.56, , , , , ,704.82,704.78,200.0,900.0, , , , , ,, , 
512,2018-05-08 09:55:51,-1.18,-0.55,-0.65,-0.24,-0.46,-1.14,-0.45,-1.25,-1.76,-0.96,-0.55, , , , , ,704.82,704.78,400.0,900.0, , , , , ,, , 
513,2018-05-08 09:55:54,-1.28,-0.57,-0.66,-0.28,-0.04,-1.29,-0.35,-0.85,-1.89,-1.08,-0.16, , , , , ,704.7,704.3,2000.0,100.0, , , , , ,, , 
514,2018-05-08 09:55:57,-1.33,-0.56,-0.89,-0.3,-0.07,-1.2,-0.38,-0.88,-1.91,-1.0,-0.24, , , , , ,704.78,704.3,1800.0,100.0, , , , , ,, , 
515,2018-05-08 09:56:00,-1.21,-0.49,-0.79,-0.24,-0.11,-0.98,-0.34,-0.84,-1.85,-0.88,-0.28, , , , , ,704.78,704.3,2600.0,600.0, , , , , ,, , 
516,2018-05-08 09:56:03,-1.19,-0.48,-0.8,-0.25,-0.16,-0.99,-0.35,-0.82,-1.79,-0.85,-0.3, , , , , ,704.7,704.38,3900.0,400.0, , , , , ,, , 
517,2018-05-08 09:56:06,-1.13,-0.41,-0.7,-0.26,-0.17,-1.04,-0.25,-0.74,-1.64,-0.72,-0.31, , , , , ,704.65,704.38,600.0,900.0, , , , , ,, , 
518,2018-05-08 09:56:09,-0.96,-0.29,-0.64,-0.18,-0.32,-0.97,-0.23,-0.83,-1.28,-0.44,-0.45, , , , , ,704.65,704.5,600.0,600.0, , , , , ,, , 
519,2018-05-08 09:56:12,-0.78,-0.22,-0.58,-0.15,-0.37,-0.74,-0.25,-0.88,-1.02,-0.26,-0.61, , , , , ,704.65,704.57,600.0,600.0, , , , , ,, , 
520,2018-05-08 09:56:15,-0.74,-0.17,-0.58,-0.1,-0.45,-0.64,-0.21,-0.83,-1.01,-0.21,-0.7, , , , , ,704.58,704.57,100.0,1000.0, , , , , ,, , 
521,2018-05-08 09:56:18,-0.62,0.01,-0.43,0.03,-0.82,-0.57,-0.05,-1.14,-0.87,0.06,-1.12, , , , , ,704.8,704.78,200.0,1700.0, , , , , ,, , 
522,2018-05-08 09:56:21,-0.37,0.19,-0.14,0.13,-0.52,-0.23,0.17,-0.79,-0.74,0.28,-0.85, , , , , ,704.8,704.27,100.0,800.0, , , , , ,, , 
523,2018-05-08 09:56:24,-0.46,0.15,-0.26,0.12,-0.94,-0.25,0.09,-1.07,-0.88,0.26,-1.19, , , , , ,704.8,704.65,200.0,300.0, , , , , ,, , 
524,2018-05-08 09:56:27,-0.53,0.13,-0.37,0.11,-0.98,-0.33,0.09,-1.1,-0.89,0.18,-1.25, , , , , ,704.82,704.65,300.0,800.0, , , , , ,, , 
525,2018-05-08 09:56:30,-0.53,0.16,-0.25,0.14,-0.97,-0.45,0.22,-1.03,-0.9,0.11,-1.23, , , , , ,704.7,704.65,6700.0,600.0, , , , , ,, , 
526,2018-05-08 09:56:33,-0.7,-0.04,-0.41,0.07,-0.83,-0.58,-0.07,-0.82,-1.11,-0.11,-1.14, , , , , ,704.65,704.38,600.0,500.0, , , , , ,, , 
527,2018-05-08 09:56:36,-0.65,-0.04,-0.37,0.07,-0.74,-0.47,0.02,-0.82,-1.13,-0.2,-1.25, , , , , ,704.65,704.38,100.0,900.0, , , , , ,, , 
528,2018-05-08 09:56:39,-0.62,-0.05,-0.4,0.05,-0.94,-0.4,-0.0,-1.08,-1.05,-0.19,-1.62, , , , , ,704.7,704.65,6000.0,100.0, , , , , ,, , 
529,2018-05-08 09:56:42,-0.54,0.03,-0.35,0.06,-0.74,-0.29,0.14,-0.93,-0.99,-0.1,-1.56, , , , , ,704.65,704.46,200.0,200.0, , , , , ,, , 
530,2018-05-08 09:56:45,-0.59,-0.01,-0.39,-0.0,-0.67,-0.45,0.06,-0.85,-0.92,-0.1,-1.54, , , , , ,704.5,704.46,100.0,300.0, , , , , ,, , 
531,2018-05-08 09:56:48,-0.57,-0.05,-0.43,-0.0,-0.76,-0.35,-0.03,-0.88,-0.92,-0.11,-1.62, , , , , ,704.5,704.46,100.0,400.0, , , , , ,, , 
532,2018-05-08 09:56:51,-0.62,-0.17,-0.44,-0.06,-0.8,-0.42,-0.13,-0.88,-0.99,-0.3,-1.69, , , , , ,704.5,704.46,100.0,500.0, , , , , ,, , 
533,2018-05-08 09:56:54,-0.66,-0.2,-0.48,-0.03,-0.82,-0.46,-0.13,-0.9,-1.04,-0.43,-1.73, , , , , ,704.5,704.46,100.0,100.0, , , , , ,, , 
534,2018-05-08 09:56:57,-0.63,-0.14,-0.47,0.0,-0.77,-0.4,-0.11,-0.89,-1.02,-0.31,-1.73, , , , , ,704.63,704.3,100.0,200.0, , , , , ,, , 
535,2018-05-08 09:57:00,-0.46,-0.05,-0.4,-0.04,-0.85,-0.18,-0.03,-0.99,-0.79,-0.08,-1.84, , , , , ,704.63,704.46,100.0,700.0, , , , , ,, , 
536,2018-05-08 09:57:03,-0.55,-0.16,-0.41,-0.11,-0.55,-0.34,-0.2,-0.72,-0.9,-0.17,-1.57, , , , , ,704.4,704.3,2000.0,100.0, , , , , ,, , 
537,2018-05-08 09:57:06,-0.5,-0.13,-0.38,-0.06,-0.52,-0.25,-0.11,-0.71,-0.86,-0.21,-1.58, , , , , ,704.4,704.3,1900.0,100.0, , , , , ,, , 
538,2018-05-08 09:57:09,-0.58,-0.18,-0.47,-0.08,-0.52,-0.3,-0.16,-0.72,-0.98,-0.29,-1.69, , , , , ,704.4,704.3,6900.0,400.0, , , , , ,, , 
539,2018-05-08 09:57:12,-0.59,-0.21,-0.51,-0.09,-0.52,-0.28,-0.18,-0.73,-0.98,-0.34,-1.9, , , , , ,704.4,704.3,6500.0,300.0, , , , , ,, , 
540,2018-05-08 09:57:15,-0.57,-0.15,-0.45,-0.08,-0.51,-0.33,-0.12,-0.74,-0.94,-0.24,-2.13, , , , , ,704.39,704.3,400.0,700.0, , , , , ,, , 
541,2018-05-08 09:57:18,-0.62,-0.13,-0.51,-0.04,-0.01,-0.38,-0.1,-0.23,-0.96,-0.26,-1.81, , , , , ,704.0,703.99,1200.0,100.0, , , , , ,, , 
542,2018-05-08 09:57:21,-0.73,-0.16,-0.61,-0.06,-0.24,-0.51,-0.09,-0.4,-1.06,-0.32,-2.12, , , , , ,704.3,704.0,700.0,600.0, , , , , ,, , 
543,2018-05-08 09:57:24,-0.65,-0.16,-0.58,-0.08,-0.32,-0.43,-0.08,-0.42,-0.94,-0.32,-2.15, , , , , ,704.39,704.0,400.0,500.0, , , , , ,, , 
544,2018-05-08 09:57:27,-0.67,-0.18,-0.55,-0.04,0.07,-0.39,-0.13,0.01,-1.07,-0.38,-1.77, , , , , ,703.98,703.85,100.0,300.0, , , , , ,, , 
545,2018-05-08 09:57:30,-0.67,-0.2,-0.58,-0.07,0.04,-0.39,-0.06,0.09,-1.03,-0.47,-1.76, , , , , ,703.98,703.85,100.0,400.0, , , , , ,, , 
546,2018-05-08 09:57:33,-0.78,-0.29,-0.65,-0.08,0.03,-0.63,-0.14,0.12,-1.08,-0.64,-1.85, , , , , ,703.99,703.85,100.0,100.0, , , , , ,, , 
547,2018-05-08 09:57:36,-0.68,-0.31,-0.61,-0.11,-0.07,-0.47,-0.14,0.07,-0.96,-0.69,-2.08, , , , , ,703.99,703.98,100.0,100.0, , , , , ,, , 
548,2018-05-08 09:57:39,-0.74,-0.33,-0.7,-0.1,-0.34,-0.54,-0.24,-0.11,-0.99,-0.66,-2.34, , , , , ,704.3,704.0,100.0,200.0, , , , , ,, , 
549,2018-05-08 09:57:42,-0.81,-0.39,-0.71,-0.2,-0.13,-0.6,-0.24,0.11,-1.11,-0.73,-2.25, , , , , ,704.0,703.98,1600.0,100.0, , , , , ,, , 
550,2018-05-08 09:57:45,-0.72,-0.24,-0.56,-0.02,-0.15,-0.48,-0.05,0.14,-1.12,-0.65,-2.29, , , , , ,704.0,703.98,1200.0,100.0, , , , , ,, , 
551,2018-05-08 09:57:48,-0.72,-0.26,-0.62,-0.04,-0.06,-0.44,-0.05,0.28,-1.09,-0.68,-2.12, , , , , ,704.0,703.8,3700.0,3800.0, , , , , ,, , 
552,2018-05-08 09:57:51,-0.71,-0.22,-0.55,0.03,-0.06,-0.41,-0.04,0.29,-1.17,-0.64,-2.17, , , , , ,704.0,703.8,2800.0,3900.0, , , , , ,, , 
553,2018-05-08 09:57:54,-0.62,-0.1,-0.46,0.04,-0.07,-0.29,0.01,0.32,-1.1,-0.36,-2.23, , , , , ,703.98,703.8,100.0,3900.0, , , , , ,, , 
554,2018-05-08 09:57:57,-0.57,-0.01,-0.42,0.14,-0.09,-0.3,0.02,0.33,-0.99,-0.21,-2.32, , , , , ,704.0,703.8,500.0,4400.0, , , , , ,, , 
555,2018-05-08 09:58:00,-0.47,0.1,-0.41,0.21,-0.21,-0.21,0.15,0.21,-0.79,-0.06,-2.5, , , , , ,704.0,703.98,700.0,800.0, , , , , ,, , 
556,2018-05-08 09:58:03,-0.44,0.1,-0.39,0.19,-0.21,-0.16,0.16,0.29,-0.75,-0.04,-2.52, , , , , ,704.0,703.98,700.0,1000.0, , , , , ,, , 
557,2018-05-08 09:58:06,-0.37,0.16,-0.34,0.16,-0.2,-0.15,0.21,0.35,-0.63,0.1,-2.55, , , , , ,704.0,703.98,400.0,1200.0, , , , , ,, , 
558,2018-05-08 09:58:09,-0.41,0.17,-0.34,0.23,-0.21,-0.23,0.2,0.42,-0.66,0.08,-2.58, , , , , ,704.0,703.98,700.0,1100.0, , , , , ,, , 
559,2018-05-08 09:58:12,-0.45,0.06,-0.38,0.11,-0.22,-0.25,0.11,0.47,-0.73,-0.04,-2.66, , , , , ,704.0,703.98,700.0,1000.0, , , , , ,, , 
560,2018-05-08 09:58:15,-0.42,-0.05,-0.32,0.08,-0.23,-0.18,0.01,0.48,-0.75,-0.22,-2.69, , , , , ,703.99,703.98,4400.0,1100.0, , , , , ,, , 
561,2018-05-08 09:58:18,-0.46,-0.07,-0.36,0.01,-0.22,-0.22,0.03,0.45,-0.8,-0.25,-2.58, , , , , ,703.99,703.98,4200.0,400.0, , , , , ,, , 
562,2018-05-08 09:58:21,-0.62,-0.14,-0.47,0.02,-0.17,-0.45,-0.09,0.48,-0.94,-0.34,-2.47, , , , , ,703.99,703.98,4200.0,100.0, , , , , ,, , 
563,2018-05-08 09:58:24,-0.6,-0.13,-0.44,0.01,-0.08,-0.34,0.01,0.57,-1.01,-0.41,-2.19, , , , , ,703.99,703.91,500.0,100.0, , , , , ,, , 
564,2018-05-08 09:58:27,-0.44,0.04,-0.36,0.14,-0.03,-0.16,0.14,0.61,-0.8,-0.17,-1.98, , , , , ,703.99,703.91,600.0,400.0, , , , , ,, , 
565,2018-05-08 09:58:30,-0.41,0.07,-0.33,0.08,0.04,-0.16,0.16,0.67,-0.75,-0.01,-1.83, , , , , ,703.98,703.91,600.0,300.0, , , , , ,, , 
566,2018-05-08 09:58:33,-0.37,0.11,-0.27,0.18,0.1,-0.16,0.17,0.74,-0.69,-0.01,-1.69, , , , , ,703.98,703.88,100.0,100.0, , , , , ,, , 
567,2018-05-08 09:58:36,-0.39,0.03,-0.35,0.06,0.14,-0.19,0.12,0.79,-0.65,-0.1,-1.69, , , , , ,703.98,703.88,200.0,500.0, , , , , ,, , 
568,2018-05-08 09:58:39,-0.51,-0.13,-0.44,0.0,0.2,-0.33,-0.06,0.77,-0.76,-0.34,-1.77, , , , , ,703.97,703.88,400.0,100.0, , , , , ,, , 
569,2018-05-08 09:58:42,-0.59,-0.19,-0.46,-0.07,0.3,-0.46,-0.09,0.89,-0.84,-0.4,-1.76, , , , , ,703.91,703.8,200.0,3100.0, , , , , ,, , 
570,2018-05-08 09:58:45,-0.57,-0.17,-0.49,-0.04,0.28,-0.49,-0.07,0.79,-0.73,-0.39,-1.81, , , , , ,703.96,703.82,200.0,100.0, , , , , ,, , 
571,2018-05-08 09:58:48,-0.55,-0.18,-0.48,-0.09,0.36,-0.45,-0.1,0.79,-0.71,-0.34,-1.75, , , , , ,703.88,703.82,500.0,600.0, , , , , ,, , 
572,2018-05-08 09:58:51,-0.55,-0.21,-0.5,-0.06,0.36,-0.37,-0.16,0.8,-0.77,-0.41,-1.54, , , , , ,703.88,703.82,600.0,500.0, , , , , ,, , 
573,2018-05-08 09:58:54,-0.58,-0.22,-0.45,-0.12,0.38,-0.48,-0.19,0.77,-0.81,-0.37,-1.32, , , , , ,703.88,703.82,300.0,500.0, , , , , ,, , 
574,2018-05-08 09:58:57,-0.56,-0.16,-0.47,-0.08,0.42,-0.49,-0.1,0.76,-0.72,-0.28,-1.12, , , , , ,703.85,703.82,200.0,1000.0, , , , , ,, , 
575,2018-05-08 09:59:00,-0.5,-0.12,-0.48,-0.1,0.44,-0.35,-0.04,0.73,-0.67,-0.21,-0.96, , , , , ,703.85,703.82,200.0,1200.0, , , , , ,, , 
576,2018-05-08 09:59:03,-0.45,-0.08,-0.5,-0.07,0.49,-0.27,-0.06,0.68,-0.59,-0.11,-0.94, , , , , ,703.88,703.82,500.0,900.0, , , , , ,, , 
577,2018-05-08 09:59:06,-0.4,-0.0,-0.46,-0.05,0.55,-0.26,0.03,0.64,-0.49,0.01,-0.88, , , , , ,703.88,703.82,100.0,1000.0, , , , , ,, , 
578,2018-05-08 09:59:09,-0.3,0.14,-0.29,0.08,0.6,-0.19,0.2,0.57,-0.44,0.13,-0.85, , , , , ,703.88,703.83,500.0,100.0, , , , , ,, , 
579,2018-05-08 09:59:12,-0.36,0.09,-0.22,0.13,0.72,-0.25,0.08,0.51,-0.6,0.07,-0.73, , , , , ,703.82,703.81,100.0,100.0, , , , , ,, , 
580,2018-05-08 09:59:15,-0.38,-0.03,-0.31,0.06,0.72,-0.24,-0.01,0.38,-0.59,-0.13,-0.64, , , , , ,703.82,703.81,1000.0,500.0, , , , , ,, , 
581,2018-05-08 09:59:18,-0.37,-0.08,-0.26,0.04,0.7,-0.24,-0.05,0.26,-0.61,-0.25,-0.55, , , , , ,703.82,703.81,1000.0,500.0, , , , , ,, , 
582,2018-05-08 09:59:21,-0.34,0.05,-0.24,0.11,0.6,-0.18,0.06,0.05,-0.59,-0.01,-0.59, , , , , ,703.99,703.81,3300.0,600.0, , , , , ,, , 
583,2018-05-08 09:59:24,-0.18,0.26,-0.18,0.19,0.58,-0.05,0.38,-0.07,-0.31,0.22,-0.61, , , , , ,703.99,703.89,3300.0,200.0, , , , , ,, , 
584,2018-05-08 09:59:27,-0.16,0.27,-0.16,0.18,0.65,-0.08,0.33,-0.1,-0.24,0.29,-0.58, , , , , ,703.97,703.89,100.0,600.0, , , , , ,, , 
585,2018-05-08 09:59:30,-0.05,0.33,-0.05,0.23,0.68,0.09,0.48,-0.19,-0.19,0.27,-0.6, , , , , ,703.99,703.89,2700.0,300.0, , , , , ,, , 
586,2018-05-08 09:59:33,0.22,0.56,0.11,0.41,0.5,0.6,0.73,-0.55,-0.03,0.53,-0.84, , , , , ,704.2,704.0,100.0,100.0, , , , , ,, , 
587,2018-05-08 09:59:36,0.3,0.66,0.24,0.45,0.65,0.52,0.95,-0.55,0.14,0.58,-0.75, , , , , ,704.2,703.86,100.0,100.0, , , , , ,, , 
588,2018-05-08 09:59:39,0.33,0.71,0.19,0.54,0.59,0.64,0.91,-0.72,0.17,0.68,-0.79, , , , , ,704.2,703.89,100.0,300.0, , , , , ,, , 
589,2018-05-08 09:59:42,0.36,0.64,0.25,0.57,0.55,0.66,0.82,-0.92,0.17,0.54,-0.86, , , , , ,704.2,704.0,100.0,3600.0, , , , , ,, , 
590,2018-05-08 09:59:45,0.35,0.71,0.29,0.67,0.49,0.65,0.89,-1.0,0.12,0.58,-0.86, , , , , ,704.2,704.0,100.0,2700.0, , , , , ,, , 
591,2018-05-08 09:59:48,0.1,0.54,0.12,0.51,0.43,0.24,0.64,-1.09,-0.07,0.47,-0.87, , , , , ,704.2,704.0,100.0,2200.0, , , , , ,, , 
592,2018-05-08 09:59:51,0.05,0.47,0.1,0.38,0.44,0.26,0.69,-1.14,-0.2,0.34,-0.91, , , , , ,704.2,704.0,100.0,1800.0, , , , , ,, , 
593,2018-05-08 09:59:54,-0.01,0.38,-0.03,0.34,0.4,0.23,0.53,-1.21,-0.22,0.28,-0.9, , , , , ,704.2,704.02,2200.0,1300.0, , , , , ,, , 
594,2018-05-08 09:59:57,0.02,0.34,-0.03,0.33,0.3,0.27,0.49,-1.29,-0.17,0.18,-1.05, , , , , ,704.2,704.11,2200.0,400.0, , , , , ,, , 
595,2018-05-08 10:00:00,0.12,0.47,0.1,0.41,0.27,0.24,0.66,-1.29,0.01,0.34,-1.13, , , , , ,704.2,704.11,2100.0,300.0, , , , , ,, , 
596,2018-05-08 10:00:03,0.17,0.45,0.09,0.37,0.24,0.3,0.62,-1.29,0.11,0.36,-1.16, , , , , ,704.2,704.11,1200.0,400.0, , , , , ,, , 
597,2018-05-08 10:00:06,0.36,0.56,0.32,0.52,-0.03,0.57,0.73,-1.53,0.19,0.43,-1.48, , , , , ,704.33,704.3,200.0,4990.0, , , , , ,, , 
598,2018-05-08 10:00:09,0.45,0.63,0.37,0.55,-0.1,0.7,0.82,-1.65,0.27,0.51,-1.45, , , , , ,704.34,704.31,200.0,500.0, , , , , ,, , 
599,2018-05-08 10:00:12,0.41,0.67,0.34,0.59,-0.22,0.56,0.86,-1.86,0.33,0.56,-1.38, , , , , ,704.34,704.31,100.0,400.0, , , , , ,, , 
600,2018-05-08 10:00:15,0.46,0.66,0.42,0.57,-0.35,0.65,0.86,-2.11,0.3,0.55,-1.32, , , , , ,704.35,704.31,3100.0,400.0, , , , , ,, , 
601,2018-05-08 10:00:18,0.54,0.72,0.39,0.67,-0.46,0.79,0.94,-2.28,0.45,0.55,-1.27, , , , , ,704.35,704.3,2000.0,3190.0, , , , , ,, , 
602,2018-05-08 10:00:21,0.17,0.49,0.08,0.47,-0.43,0.42,0.61,-2.24,0.01,0.37,-1.08, , , , , ,704.28,704.2,2710.0,500.0, , , , , ,, , 
603,2018-05-08 10:00:24,0.22,0.65,0.18,0.68,-0.74,0.43,0.8,-2.46,0.04,0.49,-1.28, , , , , ,704.43,704.4,1000.0,1290.0, , , , , ,, , 
604,2018-05-08 10:00:27,0.68,0.82,0.58,0.75,-0.79,0.88,1.01,-2.48,0.58,0.69,-1.23, , , , , ,704.43,704.4,1000.0,3790.0, , , , , ,, , 
605,2018-05-08 10:00:30,0.69,0.85,0.61,0.76,-0.94,0.88,1.06,-2.54,0.59,0.73,-1.25, , , , , ,704.5,704.43,1100.0,100.0, , , , , ,, , 
606,2018-05-08 10:00:33,0.57,0.84,0.48,0.64,-0.94,0.69,1.0,-2.49,0.55,0.86,-1.16, , , , , ,704.39,704.35,3310.0,500.0, , , , , ,, , 
607,2018-05-08 10:00:36,0.34,0.82,0.12,0.63,-1.3,0.57,0.97,-2.88,0.34,0.88,-1.5, , , , , ,704.65,704.46,310.0,100.0, , , , , ,, , 
608,2018-05-08 10:00:39,0.34,0.74,0.18,0.56,-1.45,0.59,0.89,-2.92,0.25,0.75,-1.59, , , , , ,704.65,704.46,310.0,400.0, , , , , ,, , 
609,2018-05-08 10:00:42,0.31,0.56,0.24,0.54,-1.3,0.49,0.66,-2.8,0.21,0.46,-1.42, , , , , ,704.4,704.35,310.0,500.0, , , , , ,, , 
610,2018-05-08 10:00:45,0.16,0.47,0.07,0.48,-1.5,0.33,0.61,-2.93,0.08,0.32,-1.55, , , , , ,704.46,704.43,300.0,100.0, , , , , ,, , 
611,2018-05-08 10:00:48,-0.02,0.33,-0.08,0.43,-1.52,0.13,0.29,-2.84,-0.1,0.26,-1.54, , , , , ,704.46,704.35,700.0,600.0, , , , , ,, , 
612,2018-05-08 10:00:51,-0.24,0.16,-0.12,0.28,-1.57,-0.13,0.23,-2.89,-0.45,-0.02,-1.55, , , , , ,704.46,704.35,1200.0,600.0, , , , , ,, , 
613,2018-05-08 10:00:54,-0.24,0.11,-0.15,0.27,-1.61,-0.18,0.16,-2.95,-0.39,-0.09,-1.59, , , , , ,704.43,704.36,200.0,100.0, , , , , ,, , 
614,2018-05-08 10:00:57,-0.39,0.02,-0.25,0.22,-1.56,-0.39,0.06,-2.96,-0.53,-0.21,-1.62, , , , , ,704.43,704.28,600.0,2900.0, , , , , ,, , 
615,2018-05-08 10:01:00,-0.52,-0.13,-0.54,0.06,-1.51,-0.53,-0.18,-2.97,-0.5,-0.25,-1.66, , , , , ,704.35,704.28,900.0,3200.0, , , , , ,, , 
616,2018-05-08 10:01:03,-0.57,-0.15,-0.52,0.0,-1.52,-0.61,-0.13,-2.98,-0.59,-0.34,-1.64, , , , , ,704.35,704.28,900.0,3400.0, , , , , ,, , 
617,2018-05-08 10:01:06,-0.59,-0.21,-0.51,0.02,-1.53,-0.69,-0.23,-3.01,-0.56,-0.41,-1.66, , , , , ,704.35,704.28,800.0,200.0, , , , , ,, , 
618,2018-05-08 10:01:09,-0.65,-0.28,-0.59,-0.06,-1.52,-0.82,-0.29,-2.93,-0.55,-0.49,-1.57, , , , , ,704.28,704.2,100.0,1600.0, , , , , ,, , 
619,2018-05-08 10:01:12,-0.69,-0.27,-0.62,-0.03,-1.62,-0.91,-0.32,-2.9,-0.55,-0.47,-1.43, , , , , ,704.2,704.11,500.0,400.0, , , , , ,, , 
620,2018-05-08 10:01:15,-0.87,-0.39,-0.76,-0.12,-1.64,-1.04,-0.43,-2.69,-0.82,-0.61,-1.33, , , , , ,704.0,703.99,6300.0,300.0, , , , , ,, , 
621,2018-05-08 10:01:18,-0.99,-0.55,-0.79,-0.28,-1.73,-1.23,-0.64,-2.52,-0.95,-0.73,-1.38, , , , , ,703.99,703.88,2100.0,100.0, , , , , ,, , 
622,2018-05-08 10:01:21,-1.06,-0.58,-0.86,-0.39,-1.77,-1.27,-0.63,-2.36,-1.03,-0.73,-1.34, , , , , ,703.99,703.82,100.0,112.0, , , , , ,, , 
623,2018-05-08 10:01:24,-0.93,-0.47,-0.81,-0.28,-1.74,-1.08,-0.55,-2.12,-0.9,-0.57,-1.46, , , , , ,703.99,703.82,600.0,512.0, , , , , ,, , 
624,2018-05-08 10:01:27,-1.01,-0.54,-0.84,-0.4,-1.62,-1.15,-0.61,-1.78,-1.04,-0.59,-1.41, , , , , ,703.82,703.81,288.0,400.0, , , , , ,, , 
625,2018-05-08 10:01:30,-1.06,-0.6,-0.87,-0.51,-1.6,-1.2,-0.58,-1.64,-1.1,-0.7,-1.4, , , , , ,703.81,703.8,300.0,2100.0, , , , , ,, , 
626,2018-05-08 10:01:33,-1.19,-0.67,-1.01,-0.59,-1.55,-1.46,-0.65,-1.36,-1.11,-0.77,-1.26, , , , , ,703.8,703.61,5200.0,300.0, , , , , ,, , 
627,2018-05-08 10:01:36,-1.12,-0.59,-1.01,-0.49,-1.43,-1.42,-0.56,-1.11,-0.94,-0.71,-0.82, , , , , ,703.53,703.52,400.0,200.0, , , , , ,, , 
628,2018-05-08 10:01:39,-1.25,-0.55,-1.15,-0.42,-1.44,-1.53,-0.53,-1.18,-1.07,-0.7,-0.76, , , , , ,703.53,703.49,500.0,200.0, , , , , ,, , 
629,2018-05-08 10:01:42,-1.12,-0.58,-1.03,-0.46,-1.42,-1.3,-0.53,-1.11,-1.03,-0.75,-0.51, , , , , ,703.49,703.31,100.0,1300.0, , , , , ,, , 
630,2018-05-08 10:01:45,-1.14,-0.61,-1.15,-0.48,-1.43,-1.3,-0.61,-1.09,-0.96,-0.73,-0.51, , , , , ,703.53,703.24,500.0,100.0, , , , , ,, , 
631,2018-05-08 10:01:48,-1.05,-0.53,-1.07,-0.49,-1.24,-1.28,-0.63,-0.93,-0.79,-0.47,-0.45, , , , , ,703.31,703.24,1200.0,100.0, , , , , ,, , 
632,2018-05-08 10:01:51,-1.06,-0.48,-1.04,-0.44,-1.28,-1.28,-0.61,-0.72,-0.85,-0.4,-0.49, , , , , ,703.31,703.24,1200.0,300.0, , , , , ,, , 
633,2018-05-08 10:01:54,-0.95,-0.52,-0.88,-0.47,-1.32,-1.13,-0.66,-0.46,-0.85,-0.42,-0.53, , , , , ,703.25,703.24,100.0,300.0, , , , , ,, , 
634,2018-05-08 10:01:57,-0.89,-0.41,-0.78,-0.41,-1.39,-1.07,-0.51,-0.29,-0.82,-0.3,-0.58, , , , , ,703.25,703.24,100.0,500.0, , , , , ,, , 
635,2018-05-08 10:02:00,-0.78,-0.34,-0.69,-0.31,-1.44,-0.92,-0.51,-0.11,-0.72,-0.21,-0.66, , , , , ,703.24,703.23,300.0,1000.0, , , , , ,, , 
636,2018-05-08 10:02:03,-0.8,-0.24,-0.77,-0.2,-1.5,-0.83,-0.34,-0.11,-0.8,-0.19,-0.72, , , , , ,703.31,703.24,1300.0,200.0, , , , , ,, , 
637,2018-05-08 10:02:06,-0.65,-0.16,-0.63,-0.19,-1.46,-0.64,-0.23,0.02,-0.67,-0.05,-0.72, , , , , ,703.24,703.2,400.0,2694.0, , , , , ,, , 
638,2018-05-08 10:02:09,-0.71,-0.18,-0.62,-0.21,-1.5,-0.77,-0.24,0.05,-0.75,-0.08,-0.64, , , , , ,703.24,703.2,2700.0,2694.0, , , , , ,, , 
639,2018-05-08 10:02:12,-0.78,-0.29,-0.74,-0.41,-1.18,-0.9,-0.34,0.51,-0.72,-0.13,-0.27, , , , , ,703.0,702.89,4700.0,100.0, , , , , ,, , 
640,2018-05-08 10:02:15,-1.05,-0.48,-1.06,-0.53,-0.81,-1.19,-0.52,1.0,-0.91,-0.38,0.08, , , , , ,702.73,702.6,100.0,200.0, , , , , ,, , 
641,2018-05-08 10:02:18,-0.93,-0.42,-0.91,-0.42,-0.53,-0.97,-0.39,1.27,-0.9,-0.44,0.26, , , , , ,702.58,702.5,300.0,200.0, , , , , ,, , 
642,2018-05-08 10:02:21,-0.89,-0.35,-1.0,-0.36,-0.68,-0.89,-0.36,1.08,-0.79,-0.32,-0.17, , , , , ,702.94,702.5,1400.0,200.0, , , , , ,, , 
643,2018-05-08 10:02:24,-0.83,-0.21,-0.97,-0.32,-0.44,-0.79,-0.26,1.12,-0.74,-0.07,-0.22, , , , , ,702.94,702.5,1400.0,100.0, , , , , ,, , 
644,2018-05-08 10:02:27,-0.72,-0.06,-0.79,-0.2,-0.27,-0.61,0.02,1.09,-0.74,0.02,-0.31, , , , , ,703.0,702.5,5000.0,300.0, , , , , ,, , 
645,2018-05-08 10:02:30,-0.5,0.06,-0.6,-0.11,0.23,-0.32,0.11,1.46,-0.57,0.19,0.05, , , , , ,702.5,702.48,100.0,200.0, , , , , ,, , 
646,2018-05-08 10:02:33,-0.52,0.06,-0.64,-0.08,-0.01,-0.44,0.08,1.08,-0.47,0.19,-0.28, , , , , ,703.0,702.5,5000.0,300.0, , , , , ,, , 
647,2018-05-08 10:02:36,-0.34,0.13,-0.49,-0.05,0.39,-0.22,0.2,1.48,-0.32,0.25,0.18, , , , , ,702.48,702.46,1100.0,100.0, , , , , ,, , 
648,2018-05-08 10:02:39,-0.35,0.1,-0.5,-0.12,0.43,-0.24,0.16,1.57,-0.31,0.27,0.36, , , , , ,702.46,702.3,100.0,100.0, , , , , ,, , 
649,2018-05-08 10:02:42,-0.24,0.23,-0.33,0.02,0.32,-0.19,0.38,1.55,-0.2,0.3,0.32, , , , , ,702.48,702.31,100.0,500.0, , , , , ,, , 
650,2018-05-08 10:02:45,-0.45,0.14,-0.56,0.01,0.34,-0.4,0.17,1.58,-0.39,0.23,0.28, , , , , ,702.44,702.31,600.0,500.0, , , , , ,, , 
651,2018-05-08 10:02:48,-0.49,0.11,-0.55,0.04,0.34,-0.5,0.16,1.58,-0.42,0.14,0.2, , , , , ,702.44,702.31,500.0,100.0, , , , , ,, , 
652,2018-05-08 10:02:51,-0.38,0.29,-0.55,0.1,0.43,-0.34,0.47,1.41,-0.25,0.31,-0.03, , , , , ,702.5,702.44,500.0,600.0, , , , , ,, , 
653,2018-05-08 10:02:54,-0.2,0.3,-0.27,0.1,0.95,-0.11,0.46,1.74,-0.23,0.32,0.27, , , , , ,702.31,702.2,900.0,500.0, , , , , ,, , 
654,2018-05-08 10:02:57,-0.25,0.23,-0.33,0.04,1.23,-0.2,0.36,1.77,-0.22,0.28,0.38, , , , , ,702.2,702.15,1000.0,200.0, , , , , ,, , 
655,2018-05-08 10:03:00,-0.18,0.26,-0.24,0.1,1.41,-0.14,0.36,1.69,-0.16,0.33,0.35, , , , , ,702.2,702.15,500.0,600.0, , , , , ,, , 
656,2018-05-08 10:03:03,-0.09,0.25,-0.26,0.06,1.29,-0.01,0.33,1.49,-0.01,0.37,0.24, , , , , ,702.3,702.28,100.0,100.0, , , , , ,, , 
657,2018-05-08 10:03:06,-0.22,0.23,-0.39,0.05,1.44,-0.14,0.34,1.49,-0.14,0.31,0.36, , , , , ,702.3,702.15,100.0,100.0, , , , , ,, , 
658,2018-05-08 10:03:09,-0.11,0.27,-0.21,0.07,1.66,-0.02,0.41,1.72,-0.12,0.33,0.58, , , , , ,702.15,702.04,200.0,100.0, , , , , ,, , 
659,2018-05-08 10:03:12,-0.2,0.22,-0.3,0.02,1.75,-0.19,0.3,1.82,-0.12,0.33,0.67, , , , , ,702.15,702.0,1600.0,6600.0, , , , , ,, , 
660,2018-05-08 10:03:15,-0.22,0.18,-0.36,-0.0,1.84,-0.17,0.3,1.88,-0.14,0.24,0.68, , , , , ,702.15,702.0,1400.0,10600.0, , , , , ,, , 
661,2018-05-08 10:03:18,0.03,0.41,-0.07,0.22,1.83,0.12,0.61,1.84,0.04,0.4,0.65, , , , , ,702.27,702.01,300.0,1000.0, , , , , ,, , 
662,2018-05-08 10:03:21,0.17,0.63,0.04,0.5,1.57,0.22,0.76,1.56,0.26,0.64,0.39, , , , , ,702.46,702.3,200.0,9700.0, , , , , ,, , 
663,2018-05-08 10:03:24,0.32,0.72,0.25,0.65,1.61,0.3,0.73,1.61,0.41,0.79,0.46, , , , , ,702.46,702.3,200.0,9800.0, , , , , ,, , 
664,2018-05-08 10:03:27,0.18,0.77,0.01,0.66,1.11,0.17,0.75,1.15,0.35,0.9,0.04, , , , , ,702.99,702.49,100.0,3300.0, , , , , ,, , 
665,2018-05-08 10:03:30,0.15,0.74,0.01,0.7,1.09,0.11,0.81,1.2,0.34,0.72,0.08, , , , , ,703.0,702.49,3500.0,300.0, , , , , ,, , 
666,2018-05-08 10:03:33,0.0,0.79,-0.19,0.78,1.08,-0.06,0.86,1.15,0.26,0.74,0.1, , , , , ,703.0,702.5,3500.0,1100.0, , , , , ,, , 
667,2018-05-08 10:03:36,-0.16,0.69,-0.32,0.67,1.08,-0.09,0.75,1.07,-0.05,0.66,0.14, , , , , ,702.99,702.5,300.0,700.0, , , , , ,, , 
668,2018-05-08 10:03:39,-0.27,0.72,-0.45,0.7,1.06,-0.27,0.77,0.98,-0.09,0.69,0.14, , , , , ,702.99,702.5,300.0,900.0, , , , , ,, , 
669,2018-05-08 10:03:42,-0.05,0.65,-0.1,0.76,1.42,-0.08,0.71,1.26,0.04,0.47,0.51, , , , , ,702.5,702.48,800.0,2300.0, , , , , ,, , 
670,2018-05-08 10:03:45,0.08,0.65,-0.02,0.72,1.42,0.15,0.78,1.22,0.12,0.44,0.51, , , , , ,702.5,702.48,400.0,1900.0, , , , , ,, , 
671,2018-05-08 10:03:48,-0.01,0.6,-0.14,0.7,1.06,0.0,0.74,0.82,0.11,0.38,0.06, , , , , ,702.99,702.5,1000.0,3900.0, , , , , ,, , 
672,2018-05-08 10:03:51,-0.03,0.59,-0.2,0.7,1.01,-0.01,0.65,0.81,0.1,0.43,-0.02, , , , , ,702.99,702.5,1000.0,4400.0, , , , , ,, , 
673,2018-05-08 10:03:54,-0.02,0.65,-0.38,0.77,0.53,0.01,0.63,0.24,0.3,0.55,-0.57, , , , , ,703.2,703.0,2000.0,5100.0, , , , , ,, , 
674,2018-05-08 10:03:57,0.04,0.7,-0.17,0.8,0.45,0.0,0.62,0.16,0.29,0.67,-0.56, , , , , ,703.2,703.0,2000.0,5600.0, , , , , ,, , 
675,2018-05-08 10:04:00,-0.01,0.66,-0.3,0.68,0.2,-0.04,0.54,-0.1,0.33,0.78,-0.64, , , , , ,703.23,703.2,4800.0,2500.0, , , , , ,, , 
676,2018-05-08 10:04:03,0.19,0.7,-0.0,0.7,0.17,0.2,0.55,-0.08,0.37,0.84,-0.57, , , , , ,703.23,703.21,2800.0,400.0, , , , , ,, , 
677,2018-05-08 10:04:06,0.28,0.71,-0.07,0.67,0.05,0.26,0.61,-0.12,0.65,0.86,-0.56, , , , , ,703.24,703.23,500.0,100.0, , , , , ,, , 
678,2018-05-08 10:04:09,0.3,0.71,0.06,0.72,0.04,0.28,0.62,-0.2,0.55,0.79,-0.62, , , , , ,703.31,703.24,1100.0,600.0, , , , , ,, , 
679,2018-05-08 10:04:12,0.28,0.74,0.07,0.74,0.09,0.26,0.66,-0.2,0.5,0.81,-0.64, , , , , ,703.31,703.27,900.0,500.0, , , , , ,, , 
680,2018-05-08 10:04:15,0.26,0.71,0.16,0.77,-0.01,0.21,0.65,-0.48,0.42,0.71,-0.81, , , , , ,703.49,703.31,200.0,1000.0, , , , , ,, , 
681,2018-05-08 10:04:18,0.29,0.68,0.11,0.74,-0.11,0.3,0.67,-0.77,0.47,0.64,-1.02, , , , , ,703.52,703.49,400.0,600.0, , , , , ,, , 
682,2018-05-08 10:04:21,0.34,0.64,0.17,0.73,-0.04,0.36,0.62,-0.78,0.48,0.56,-1.08, , , , , ,703.52,703.5,400.0,500.0, , , , , ,, , 
683,2018-05-08 10:04:24,0.32,0.66,0.18,0.75,0.01,0.37,0.58,-0.89,0.41,0.64,-1.16, , , , , ,703.52,703.5,400.0,600.0, , , , , ,, , 
684,2018-05-08 10:04:27,0.31,0.64,0.22,0.72,0.05,0.32,0.55,-0.97,0.4,0.64,-1.21, , , , , ,703.52,703.5,400.0,800.0, , , , , ,, , 
685,2018-05-08 10:04:30,0.33,0.62,0.19,0.67,0.04,0.34,0.58,-1.04,0.45,0.6,-1.27, , , , , ,703.61,703.5,600.0,1300.0, , , , , ,, , 
686,2018-05-08 10:04:33,-0.05,0.44,-0.09,0.52,0.1,-0.13,0.37,-0.96,0.06,0.44,-1.21, , , , , ,703.49,703.48,800.0,1100.0, , , , , ,, , 
687,2018-05-08 10:04:36,-0.28,0.28,-0.31,0.35,0.01,-0.29,0.2,-0.78,-0.23,0.3,-1.27, , , , , ,703.5,703.48,11800.0,1500.0, , , , , ,, , 
688,2018-05-08 10:04:39,-0.27,0.21,-0.25,0.25,-0.08,-0.37,0.1,-0.72,-0.19,0.28,-1.29, , , , , ,703.5,703.48,11200.0,1400.0, , , , , ,, , 
689,2018-05-08 10:04:42,-0.42,0.06,-0.45,0.16,-0.15,-0.44,-0.04,-0.62,-0.37,0.08,-1.32, , , , , ,703.49,703.48,500.0,1400.0, , , , , ,, , 
690,2018-05-08 10:04:45,-0.36,0.08,-0.4,0.2,-0.2,-0.3,0.01,-0.66,-0.39,0.03,-1.38, , , , , ,703.5,703.48,11200.0,1000.0, , , , , ,, , 
691,2018-05-08 10:04:48,-0.29,0.06,-0.35,0.2,-0.23,-0.23,-0.03,-0.76,-0.3,0.02,-1.43, , , , , ,703.5,703.48,11000.0,900.0, , , , , ,, , 
692,2018-05-08 10:04:51,-0.42,-0.0,-0.37,0.07,-0.24,-0.48,-0.1,-0.78,-0.42,0.02,-1.49, , , , , ,703.49,703.48,200.0,600.0, , , , , ,, , 
693,2018-05-08 10:04:54,-0.54,-0.07,-0.52,0.04,-0.15,-0.6,-0.12,-0.71,-0.49,-0.12,-1.48, , , , , ,703.4,703.35,100.0,300.0, , , , , ,, , 
694,2018-05-08 10:04:57,-0.41,0.05,-0.35,0.21,-0.48,-0.55,0.06,-1.02,-0.34,-0.12,-1.82, , , , , ,703.61,703.5,600.0,3800.0, , , , , ,, , 
695,2018-05-08 10:05:00,-0.18,0.23,-0.12,0.43,-0.15,-0.21,0.26,-0.68,-0.22,0.01,-1.46, , , , , ,703.3,703.2,2400.0,2100.0, , , , , ,, , 
696,2018-05-08 10:05:03,-0.32,0.18,-0.36,0.26,-0.14,-0.34,0.23,-0.69,-0.27,0.06,-1.6, , , , , ,703.3,703.21,1000.0,200.0, , , , , ,, , 
697,2018-05-08 10:05:06,-0.29,0.27,-0.39,0.39,-0.21,-0.33,0.29,-0.81,-0.16,0.12,-1.79, , , , , ,703.3,703.28,600.0,100.0, , , , , ,, , 
698,2018-05-08 10:05:09,-0.23,0.22,-0.35,0.28,-0.22,-0.27,0.24,-0.73,-0.08,0.14,-1.92, , , , , ,703.3,703.28,100.0,100.0, , , , , ,, , 
699,2018-05-08 10:05:12,-0.21,0.15,-0.39,0.18,-0.33,-0.22,0.16,-0.89,-0.02,0.13,-2.21, , , , , ,703.48,703.28,300.0,100.0, , , , , ,, , 
700,2018-05-08 10:05:15,-0.17,0.18,-0.33,0.18,-0.56,-0.17,0.19,-1.04,-0.0,0.16,-2.51, , , , , ,703.61,703.3,400.0,400.0, , , , , ,, , 
701,2018-05-08 10:05:18,-0.11,0.21,-0.34,0.21,-0.7,-0.12,0.2,-1.04,0.13,0.22,-2.59, , , , , ,703.61,703.3,400.0,1000.0, , , , , ,, , 
702,2018-05-08 10:05:21,-0.11,0.18,-0.3,0.22,-0.67,-0.15,0.16,-1.19,0.12,0.18,-2.65, , , , , ,703.57,703.3,100.0,800.0, , , , , ,, , 
703,2018-05-08 10:05:24,-0.25,0.16,-0.44,0.22,-0.99,-0.3,0.09,-1.46,-0.0,0.17,-2.96, , , , , ,703.59,703.57,3000.0,600.0, , , , , ,, , 
704,2018-05-08 10:05:27,-0.26,0.15,-0.45,0.14,-1.08,-0.31,0.13,-1.5,-0.03,0.19,-3.0, , , , , ,703.59,703.58,3000.0,500.0, , , , , ,, , 
705,2018-05-08 10:05:30,-0.18,0.18,-0.41,0.17,-1.08,-0.16,0.21,-1.5,0.02,0.17,-3.03, , , , , ,703.59,703.58,3000.0,400.0, , , , , ,, , 
706,2018-05-08 10:05:33,-0.16,0.17,-0.34,0.17,-1.1,-0.19,0.24,-1.46,0.06,0.09,-3.11, , , , , ,703.59,703.58,3000.0,500.0, , , , , ,, , 
707,2018-05-08 10:05:36,-0.36,0.0,-0.41,0.1,-0.76,-0.46,-0.02,-1.25,-0.21,-0.07,-2.96, , , , , ,703.57,703.38,400.0,300.0, , , , , ,, , 
708,2018-05-08 10:05:39,-0.33,0.04,-0.3,0.13,-0.51,-0.43,0.12,-1.0,-0.25,-0.13,-2.81, , , , , ,703.38,703.3,2900.0,200.0, , , , , ,, , 
709,2018-05-08 10:05:42,-0.27,0.1,-0.34,0.17,-0.41,-0.27,0.17,-1.02,-0.21,-0.04,-2.85, , , , , ,703.38,703.3,2800.0,200.0, , , , , ,, , 
710,2018-05-08 10:05:45,-0.23,0.14,-0.33,0.16,-0.44,-0.23,0.22,-1.09,-0.13,0.02,-2.85, , , , , ,703.38,703.3,500.0,400.0, , , , , ,, , 
711,2018-05-08 10:05:48,-0.26,0.1,-0.42,0.15,-0.59,-0.28,0.11,-1.22,-0.07,0.05,-2.96, , , , , ,703.55,703.2,3500.0,1900.0, , , , , ,, , 
712,2018-05-08 10:05:51,-0.29,0.02,-0.39,0.11,-0.45,-0.31,0.05,-1.14,-0.17,-0.1,-2.79, , , , , ,703.3,703.2,100.0,1900.0, , , , , ,, , 
713,2018-05-08 10:05:54,-0.27,0.02,-0.35,0.14,-0.58,-0.25,0.08,-1.21,-0.2,-0.15,-2.87, , , , , ,703.38,703.2,200.0,2100.0, , , , , ,, , 
714,2018-05-08 10:05:57,-0.37,-0.1,-0.47,0.08,-0.47,-0.41,-0.05,-1.03,-0.24,-0.34,-2.71, , , , , ,703.2,703.13,1400.0,100.0, , , , , ,, , 
715,2018-05-08 10:06:00,-0.43,-0.09,-0.44,0.19,-0.53,-0.49,-0.06,-1.03,-0.35,-0.39,-2.6, , , , , ,703.2,703.1,1400.0,500.0, , , , , ,, , 
716,2018-05-08 10:06:03,-0.63,-0.19,-0.74,-0.04,-0.32,-0.64,-0.08,-0.76,-0.5,-0.44,-2.13, , , , , ,703.0,702.99,400.0,100.0, , , , , ,, , 
717,2018-05-08 10:06:06,-0.64,-0.23,-0.8,-0.02,-0.89,-0.57,-0.19,-1.22,-0.56,-0.49,-2.44, , , , , ,703.48,703.2,100.0,2300.0, , , , , ,, , 
718,2018-05-08 10:06:09,-0.56,-0.16,-0.61,-0.03,-0.46,-0.63,-0.12,-0.84,-0.45,-0.33,-1.94, , , , , ,703.2,703.0,2000.0,300.0, , , , , ,, , 
719,2018-05-08 10:06:12,-0.5,-0.06,-0.61,-0.0,-0.49,-0.57,-0.09,-0.79,-0.32,-0.08,-1.87, , , , , ,703.2,703.0,2000.0,600.0, , , , , ,, , 
720,2018-05-08 10:06:15,-0.43,-0.08,-0.49,-0.06,-0.47,-0.51,-0.11,-0.71,-0.31,-0.06,-1.98, , , , , ,703.1,703.0,100.0,200.0, , , , , ,, , 
721,2018-05-08 10:06:18,-0.47,-0.08,-0.54,0.12,-0.37,-0.5,-0.13,-0.55,-0.37,-0.23,-1.97, , , , , ,703.0,702.96,500.0,100.0, , , , , ,, , 
722,2018-05-08 10:06:21,-0.41,-0.04,-0.41,0.21,-0.18,-0.5,0.08,-0.12,-0.33,-0.39,-1.7, , , , , ,702.96,702.5,100.0,4300.0, , , , , ,, , 
723,2018-05-08 10:06:24,-0.3,0.01,-0.39,0.27,-0.76,-0.41,0.06,-0.56,-0.1,-0.3,-2.26, , , , , ,703.1,703.08,100.0,100.0, , , , , ,, , 
724,2018-05-08 10:06:27,-0.4,-0.03,-0.4,0.15,-0.29,-0.48,0.01,0.06,-0.32,-0.26,-1.72, , , , , ,702.96,702.5,300.0,4100.0, , , , , ,, , 
725,2018-05-08 10:06:30,-0.41,-0.02,-0.49,0.15,-0.31,-0.38,0.02,0.08,-0.37,-0.24,-1.73, , , , , ,702.99,702.5,1600.0,3700.0, , , , , ,, , 
726,2018-05-08 10:06:33,-0.33,-0.01,-0.37,0.14,-0.26,-0.37,0.02,0.13,-0.24,-0.2,-1.67, , , , , ,702.96,702.5,200.0,2600.0, , , , , ,, , 
727,2018-05-08 10:06:36,-0.5,0.01,-0.58,0.16,-0.64,-0.5,0.02,-0.3,-0.42,-0.14,-2.07, , , , , ,703.1,702.99,100.0,100.0, , , , , ,, , 
