,tick_time,bid,ask,bid 20,ask 20,la 20,bid 40,ask 40,la 40,bid 100,ask 100,la 100,order,price,trans,net,askp0,bidp0,askv0,bidv0,is_mocked,order_time,exchange_time,orderSide
0,2018-05-02 09:30:16, , , , ,-14.03, , ,-13.79, , ,-18.23, , , , ,658.12,658.03,1500.0,2500.0, , , ,
1,2018-05-02 09:30:19, , , , ,-14.24, , ,-14.18, , ,-18.36, , , , ,658.5,658.12,2170.0,7000.0, , , ,
2,2018-05-02 09:30:22, , , , ,-10.48, , ,-10.12, , ,-13.88, , , , ,655.77,655.11,800.0,2000.0, , , ,
3,2018-05-02 09:30:25, , , , ,-10.71, , ,-10.62, , ,-13.69, , , , ,656.0,655.0,1600.0,400.0, , , ,
4,2018-05-02 09:30:28, , , , ,-11.16, , ,-11.21, , ,-13.46, , , , ,656.0,655.5,700.0,200.0, , , ,
5,2018-05-02 09:30:31, , , , ,-9.28, , ,-9.55, , ,-11.11, , , , ,655.01,654.01,3600.0,2500.0, , , ,
6,2018-05-02 09:30:34, , , , ,-8.14, , ,-8.93, , ,-10.04, , , , ,655.01,653.01,2100.0,2500.0, , , ,
7,2018-05-02 09:30:37, , , , ,-6.62, , ,-7.18, , ,-8.19, , , , ,654.0,652.01,7900.0,400.0, , , ,
8,2018-05-02 09:30:40, , , , ,-6.67, , ,-7.08, , ,-8.38, , , , ,653.98,652.01,100.0,100.0, , , ,
9,2018-05-02 09:30:43, , , , ,-8.29, , ,-8.61, , ,-10.02, , , , ,654.0,653.98,2396.0,3900.0, , , ,
10,2018-05-02 09:30:46, , , , ,-5.42, , ,-5.59, , ,-7.28, , , , ,653.0,651.2,12800.0,200.0, , , ,
11,2018-05-02 09:30:49, , , , ,-3.36, , ,-3.99, , ,-5.79, , , , ,652.0,650.05,6200.0,10556.0, , , ,
12,2018-05-02 09:30:52, , , , ,-2.34, , ,-3.52, , ,-4.89, , , , ,651.0,650.05,400.0,8756.0, , , ,
13,2018-05-02 09:30:55, , , , ,-1.01, , ,-2.35, , ,-3.42, , , , ,649.88,649.4,100.0,100.0, , , ,
14,2018-05-02 09:30:58, , , , ,-1.18, , ,-2.96, , ,-3.5, , , , ,650.0,649.88,1000.0,5600.0, , , ,
15,2018-05-02 09:31:01, , , , ,-1.48, , ,-3.22, , ,-3.33, , , , ,650.01,650.0,700.0,7000.0, , , ,
16,2018-05-02 09:31:04, , , , ,-0.53, , ,-2.08, , ,-2.08, , , , ,649.3,649.25,900.0,300.0, , , ,
17,2018-05-02 09:31:07, , , , ,0.03, , ,-1.54, , ,-1.47, , , , ,649.0,648.88,6900.0,100.0, , , ,
18,2018-05-02 09:31:10, , , , ,0.11, , ,-1.37, , ,-1.4, , , , ,649.0,648.75,9915.0,100.0, , , ,
19,2018-05-02 09:31:13, , , , ,0.42, , ,-1.37, , ,-1.29, , , , ,649.0,648.48,6993.0,100.0, , , ,
20,2018-05-02 09:31:16,2.06,3.67,2.0,3.15,0.76,2.08,3.94,-1.04,2.1,3.92,-1.09,500.0,649.0,500.0,500.0,649.0,648.0,2443.0,900.0, ,2018-05-02 09:31:17.438000,2018-05-02 09:31:18.077000,
21,2018-05-02 09:31:19,2.07,3.92,1.5,3.85,-0.41,2.06,3.88,-2.23,2.66,4.03,-2.44, , , , ,649.5,649.0,3349.0,600.0, , , ,
22,2018-05-02 09:31:22,1.64,3.57,1.29,3.08,-0.69,1.86,3.59,-2.33,1.75,4.04,-2.71, , , , ,649.5,649.0,1349.0,100.0, , , ,
23,2018-05-02 09:31:25,2.35,4.02,2.93,3.94,1.96,2.25,4.12,0.9,1.87,3.98,0.16,500.0,647.33,500.0,1000.0,647.33,647.22,1200.0,2200.0, ,2018-05-02 09:31:26.377000,2018-05-02 09:31:27.139000,
24,2018-05-02 09:31:28,3.02,4.22,3.76,4.45,0.37,2.44,4.15,-0.45,2.85,4.05,-1.45,200.0,649.0,200.0,1200.0,649.0,647.33,200.0,2100.0, ,2018-05-02 09:31:29.387000,2018-05-02 09:31:30.175000,
25,2018-05-02 09:31:31,1.52,3.54,0.57,3.3,-1.22,1.83,3.59,-1.79,2.16,3.72,-3.12, , , , ,649.1,649.0,100.0,3200.0, , , ,
26,2018-05-02 09:31:34,1.21,3.78,1.52,3.45,-1.68,0.44,4.04,-2.08,1.66,3.83,-3.55, , , , ,649.5,649.0,953.0,100.0, , , ,
27,2018-05-02 09:31:37,2.25,3.77,2.76,3.31,0.07,1.38,3.91,-0.94,2.61,4.11,-2.23, , , , ,649.0,647.53,215.0,700.0, , , ,
28,2018-05-02 09:31:40,1.39,3.71,0.77,3.55,0.31,0.21,3.48,-1.18,3.2,4.09,-2.25, , , , ,649.0,647.33,4900.0,100.0, , , ,
29,2018-05-02 09:31:43,-0.57,2.83,-2.04,1.52,-0.76,-0.78,3.25,-2.63,1.09,3.71,-3.29, , , , ,648.99,648.72,500.0,100.0, , , ,
30,2018-05-02 09:31:46,-0.17,3.0,-0.98,1.36,-0.83,-0.16,3.54,-3.04,0.63,4.09,-3.77, , , , ,649.0,648.99,2800.0,400.0, , , ,
31,2018-05-02 09:31:49,1.24,3.45,1.12,2.36,0.28,0.53,3.69,-1.89,2.06,4.3,-2.93, , , , ,649.0,647.5,100.0,100.0, , , ,
32,2018-05-02 09:31:52,0.46,3.29,-0.1,2.5,-1.56,-0.36,3.37,-3.58,1.85,3.99,-4.71, , , , ,649.49,649.0,400.0,5300.0, , , ,
33,2018-05-02 09:31:55,0.05,2.63,0.9,1.56,-2.13,-1.38,2.82,-4.11,0.65,3.52,-5.36, , , , ,649.5,649.49,4353.0,1100.0, , , ,
34,2018-05-02 09:31:58,-0.04,2.63,0.14,1.0,-1.44,-0.61,3.33,-3.57,0.36,3.55,-4.74, , , , ,649.0,648.9,300.0,2000.0, , , ,
35,2018-05-02 09:32:01,0.38,2.5,0.55,1.73,-1.68,-0.46,2.55,-3.86,1.06,3.22,-4.88, , , , ,649.1,648.91,500.0,900.0, , , ,
36,2018-05-02 09:32:04,-0.38,2.13,-1.6,1.18,-1.2,-0.43,2.04,-3.42,0.87,3.16,-4.38, , , , ,648.91,648.5,400.0,100.0, , , ,
37,2018-05-02 09:32:07,-1.01,1.99,-2.96,0.91,-1.73,-0.93,2.06,-4.09,0.85,3.0,-5.09, , , , ,649.1,649.02,400.0,800.0, , , ,
38,2018-05-02 09:32:10,-0.44,1.93,-1.43,0.61,-1.64,-1.05,2.25,-4.19,1.16,2.93,-5.12, , , , ,649.1,649.0,500.0,600.0, , , ,
39,2018-05-02 09:32:13,-1.56,1.58,-3.09,0.98,-1.75,-1.84,1.17,-4.12,0.25,2.6,-5.05, , , , ,648.99,648.98,400.0,5000.0, , , ,
40,2018-05-02 09:32:16,-2.06,1.28,-5.17,0.5,-1.73,-1.52,0.84,-4.14,0.5,2.51,-5.21, , , , ,648.99,648.91,200.0,100.0, , , ,
41,2018-05-02 09:32:19,-2.93,0.91,-6.21,-0.86,-1.83,-2.64,1.21,-4.26,0.08,2.38,-5.16, , , , ,649.0,648.99,19300.0,1500.0, , , ,
42,2018-05-02 09:32:22,-2.93,0.84,-6.48,-1.27,-1.92,-2.18,1.22,-4.29,-0.14,2.57,-5.06, , , , ,649.0,648.98,27305.0,300.0, , , ,
43,2018-05-02 09:32:25,-2.15,0.88,-3.75,-0.86,-0.64,-2.23,0.62,-3.19,-0.47,2.88,-3.99, , , , ,648.55,648.0,200.0,10900.0, , , ,
44,2018-05-02 09:32:28,-2.45,0.15,-4.58,-2.11,-0.04,-2.31,-0.12,-2.65,-0.45,2.69,-3.26, , , , ,648.0,647.8,6097.0,100.0, , , ,
45,2018-05-02 09:32:31,-2.83,-0.06,-4.94,-2.42,-0.87,-3.12,-0.41,-3.48,-0.44,2.66,-4.15, , , , ,648.9,648.0,2700.0,2303.0, , , ,
46,2018-05-02 09:32:34,-2.33,0.18,-4.63,-2.4,-0.78,-2.15,0.13,-3.54,-0.19,2.8,-4.12, , , , ,648.8,648.0,1500.0,1200.0, , , ,
47,2018-05-02 09:32:37,-1.48,0.37,-1.9,-1.54,-0.38,-2.3,-0.25,-3.02,-0.22,2.89,-3.23, , , , ,648.0,647.8,2100.0,1000.0, , , ,
48,2018-05-02 09:32:40,-2.8,0.32,-6.8,-1.51,-1.7,-1.46,-0.37,-4.0,-0.12,2.83,-4.04, , , , ,648.8,648.2,1400.0,1400.0, , , ,
49,2018-05-02 09:32:43,-2.87,0.81,-6.89,-0.44,-2.35,-1.93,-0.27,-4.39,0.22,3.14,-4.16, , , , ,648.8,648.55,800.0,5000.0, , , ,
50,2018-05-02 09:32:46,-1.56,1.54,-2.72,0.4,-2.08,-2.03,0.9,-3.93,0.07,3.32,-3.47, , , , ,648.54,648.21,2100.0,600.0, , , ,
51,2018-05-02 09:32:49,-0.68,1.08,-2.31,-0.18,-1.93,-1.42,-0.02,-3.64,1.69,3.44,-3.37, , , , ,648.54,648.01,1304.0,200.0, , , ,
52,2018-05-02 09:32:52,-0.81,0.88,-3.32,-0.82,-2.24,-0.93,0.21,-3.82,1.83,3.26,-3.66, , , , ,648.54,648.21,400.0,300.0, , , ,
53,2018-05-02 09:32:55,-0.47,0.78,-1.39,-1.61,-1.66,-1.84,0.56,-3.09,1.81,3.4,-3.02, , , , ,648.0,647.8,3765.0,800.0, , , ,
54,2018-05-02 09:32:58,-0.13,0.82,-1.06,-2.07,-1.95,-1.16,0.82,-3.16,1.85,3.71,-3.17, , , , ,648.0,647.8,11291.0,1100.0, , , ,
55,2018-05-02 09:33:01,-0.06,0.54,0.19,-2.04,-2.17,-1.63,-0.04,-3.27,1.27,3.72,-3.23, , , , ,648.0,647.81,9291.0,1400.0, , , ,
56,2018-05-02 09:33:04,-0.02,0.77,0.24,-1.61,-2.27,-1.41,0.49,-3.35,1.13,3.45,-3.23, , , , ,648.0,647.9,12391.0,5000.0, , , ,
57,2018-05-02 09:33:07,0.3,1.28,0.64,-0.69,-2.38,-1.42,0.72,-3.33,1.68,3.82,-3.19, , , , ,648.0,647.9,3991.0,3000.0, , , ,
58,2018-05-02 09:33:10,0.3,1.5,-0.15,-0.78,-2.5,-0.78,1.48,-3.17,1.82,3.8,-3.05, , , , ,648.0,647.9,4091.0,2700.0, , , ,
59,2018-05-02 09:33:13,0.87,1.85,1.26,0.25,-2.77,-0.36,1.4,-3.25,1.71,3.89,-3.08, , , , ,648.21,648.0,100.0,6109.0, , , ,
60,2018-05-02 09:33:16,0.71,1.91,0.31,0.25,-1.76,0.02,1.55,-2.04,1.8,3.94,-1.98, , , , ,647.5,647.3,600.0,900.0, , , ,
61,2018-05-02 09:33:19,-0.14,1.64,-2.26,0.44,-2.5,-0.6,0.45,-2.51,2.44,4.03,-2.54, , , , ,647.9,647.8,8399.0,500.0, , , ,
62,2018-05-02 09:33:22,0.35,1.63,0.04,0.53,-2.54,-0.5,0.79,-2.32,1.52,3.59,-2.36, , , , ,647.9,647.8,3799.0,200.0, , , ,
63,2018-05-02 09:33:25,0.59,1.21,0.4,-0.15,-2.55,-0.27,0.39,-2.06,1.64,3.41,-2.48, , , , ,647.9,647.83,1061.0,4500.0, , , ,
64,2018-05-02 09:33:28,0.83,1.24,0.73,-0.67,-2.59,-0.08,0.97,-1.45,1.84,3.41,-2.23, , , , ,647.9,647.83,361.0,6200.0, , , ,
65,2018-05-02 09:33:31,0.75,1.5,0.82,-0.44,-2.66,-0.52,1.49,-1.04,1.95,3.45,-2.3, , , , ,648.0,647.83,9261.0,2300.0, , , ,
66,2018-05-02 09:33:34,0.77,1.45,0.89,-0.84,-2.77,0.25,1.84,-0.7,1.17,3.34,-2.44, , , , ,648.0,647.8,9361.0,600.0, , , ,
67,2018-05-02 09:33:37,0.25,1.33,0.54,-0.82,-3.02,-0.3,1.39,-0.38,0.5,3.42,-2.42, , , , ,648.0,647.8,9961.0,100.0, , , ,
68,2018-05-02 09:33:40,0.38,0.64,0.42,-1.22,-1.53,-0.11,0.22,0.96,0.83,2.92,-0.79, , , , ,647.0,646.8,1300.0,6668.0, , , ,
69,2018-05-02 09:33:43,0.01,0.63,-0.52,-0.32,-1.67,-1.0,-0.73,0.83,1.56,2.94,-0.64, , , , ,647.0,646.8,3200.0,6168.0, , , ,
70,2018-05-02 09:33:46,-0.1,0.45,-0.47,-0.28,-1.66,-0.73,-1.06,0.7,0.92,2.69,-0.44, , , , ,647.0,646.8,100.0,5168.0, , , ,
71,2018-05-02 09:33:49,0.2,0.01,-0.25,-0.41,-2.3,0.01,-1.98,-0.23,0.84,2.43,-1.1, , , , ,647.8,647.0,800.0,400.0, , , ,
72,2018-05-02 09:33:52,-0.73,-0.24,-2.01,-0.69,-1.55,0.03,-2.02,0.69,-0.2,1.98,-0.38,-1200.0,646.98,-0.0,1200.0,647.0,646.8,1093.0,768.0, ,2018-05-02 09:33:53.388000,2018-05-02 09:33:57.194000,
73,2018-05-02 09:33:55,-0.74,-0.06,-2.21,-0.04,-0.93,0.0,-2.63,1.43,-0.02,2.48,0.09, , , , ,646.8,646.2,1436.0,900.0, , , ,
74,2018-05-02 09:33:58,-0.17,0.18,-1.13,0.92,-1.01,0.21,-2.68,1.79,0.42,2.32,-0.08, , , , ,646.8,646.2,236.0,800.0, , , ,
75,2018-05-02 09:34:01,0.28,-0.19,-0.85,0.13,-1.33,0.53,-3.13,1.84,1.15,2.42,-0.16, , , , ,646.8,646.5,400.0,800.0, , , ,
76,2018-05-02 09:34:04,0.74,0.3,-0.4,0.15,-0.89,0.62,-1.93,2.44,2.01,2.69,0.33, , , , ,646.5,646.21,8127.0,1000.0, , , ,
77,2018-05-02 09:34:07,0.64,0.36,-0.41,-0.04,-0.98,-0.04,-1.88,2.42,2.37,3.0,0.3, , , , ,646.5,646.35,10027.0,100.0, , , ,
78,2018-05-02 09:34:10,0.82,0.22,-0.27,-0.14,-0.46,0.58,-2.23,2.75,2.16,3.04,0.89, , , , ,646.2,646.18,800.0,100.0, , , ,
79,2018-05-02 09:34:13,0.56,0.52,-0.51,-0.32,-0.55,0.3,-1.53,2.4,1.9,3.4,0.82, , , , ,646.5,646.21,6533.0,100.0, , , ,
80,2018-05-02 09:34:16,0.87,1.26,0.16,1.09,-0.28,0.27,-0.46,2.38,2.19,3.17,1.23, , , , ,646.3,646.21,1000.0,240.0, , , ,
81,2018-05-02 09:34:19,0.54,1.8,-0.7,2.42,-0.04,-0.17,-0.5,2.19,2.49,3.47,1.54, , , , ,646.3,646.2,11900.0,340.0, , , ,
82,2018-05-02 09:34:22,0.57,1.27,-0.61,1.83,0.45,0.16,-1.02,2.23,2.15,3.0,2.02, , , , ,646.1,646.01,460.0,1404.0, , , ,
83,2018-05-02 09:34:25,0.92,1.65,-0.06,2.68,0.42,0.86,-0.71,1.73,1.97,2.96,1.54, , , , ,646.3,646.21,6860.0,200.0, , , ,
84,2018-05-02 09:34:28,1.45,2.15,1.35,3.4,1.01,1.09,0.05,1.47,1.92,2.99,1.47, , , , ,646.3,646.25,6460.0,1700.0, , , ,
85,2018-05-02 09:34:31,1.1,2.31,0.04,3.45,1.69,0.43,0.12,1.35,2.84,3.35,1.6, , , , ,646.3,646.0,5060.0,4.0, , , ,
86,2018-05-02 09:34:34,1.22,1.81,0.05,2.75,2.08,0.61,-0.23,1.31,3.01,2.92,1.64, , , , ,646.1,646.09,500.0,100.0, , , ,
87,2018-05-02 09:34:37,0.71,1.2,-0.38,1.69,2.73,0.21,-0.29,1.43,2.3,2.2,2.27, , , , ,646.01,645.78,112.0,1731.0, , , ,
88,2018-05-02 09:34:40,0.51,0.97,-0.43,1.06,2.92,0.19,0.22,1.67,1.78,1.63,2.83, , , , ,645.76,645.51,1800.0,131.0, , , ,
89,2018-05-02 09:34:43,-0.64,0.97,-1.45,0.87,2.2,-1.96,0.44,1.09,1.49,1.61,2.38, , , , ,646.02,646.01,1012.0,100.0, , , ,
90,2018-05-02 09:34:46,0.15,0.93,-1.02,0.92,2.48,-0.16,0.14,1.24,1.63,1.74,2.96, , , , ,645.95,645.55,4000.0,2400.0, , , ,
91,2018-05-02 09:34:49,0.39,1.53,-0.89,1.06,2.1,0.05,1.41,0.7,2.02,2.13,2.76, , , , ,646.0,645.8,9600.0,100.0, , , ,
92,2018-05-02 09:34:52,0.78,1.94,0.1,1.98,2.12,-0.25,1.87,0.33,2.48,1.97,2.7, , , , ,646.0,645.95,10900.0,100.0, , , ,
93,2018-05-02 09:34:55,0.86,2.56,0.12,3.0,2.25,-0.49,2.5,0.06,2.96,2.19,2.79, , , , ,646.0,645.95,9200.0,486.0, , , ,
94,2018-05-02 09:34:58,0.97,2.56,0.64,3.1,2.96,-0.49,2.49,0.2,2.76,2.1,3.28, , , , ,645.9,645.6,10000.0,86.0, , , ,
95,2018-05-02 09:35:01,0.95,2.48,0.26,2.81,3.31,-0.19,2.24,0.21,2.79,2.39,3.44, , , , ,645.8,645.6,1100.0,900.0, , , ,
96,2018-05-02 09:35:04,1.36,2.56,1.2,2.93,3.41,0.11,2.31,0.22,2.78,2.44,3.52, , , , ,645.9,645.55,3300.0,675.0, , , ,
97,2018-05-02 09:35:07,1.03,2.9,0.11,3.18,3.16,-0.43,2.67,-0.3,3.41,2.86,3.31, , , , ,646.0,645.9,6200.0,200.0, , , ,
98,2018-05-02 09:35:10,1.57,3.07,0.78,3.63,3.36,0.1,2.59,-0.12,3.81,2.98,3.64, , , , ,646.0,645.6,5300.0,2000.0, , , ,
99,2018-05-02 09:35:13,1.48,3.54,0.8,3.74,2.77,0.21,3.93,-0.63,3.43,2.93,3.15, , , , ,646.21,646.02,4712.0,5400.0, , , ,
100,2018-05-02 09:35:16,1.95,3.81,1.73,3.93,2.58,0.65,4.26,-0.85,3.47,3.24,3.24, , , , ,646.21,646.03,1412.0,300.0, , , ,
101,2018-05-02 09:35:19,1.39,3.95,1.65,3.9,2.17,-1.01,4.68,-0.95,3.53,3.28,3.19, , , , ,646.3,646.23,4160.0,1488.0, , , ,
102,2018-05-02 09:35:22,2.33,4.15,2.13,4.51,1.69,0.75,4.4,-1.08,4.1,3.54,3.16, , , , ,646.5,646.3,1893.0,500.0, , , ,
103,2018-05-02 09:35:25,2.23,4.65,1.92,4.9,1.2,0.81,5.46,-1.41,3.95,3.59,3.09, , , , ,646.65,646.55,400.0,400.0, , , ,
104,2018-05-02 09:35:28,2.01,4.43,1.74,5.01,0.59,0.12,5.04,-1.63,4.17,3.25,2.84, , , , ,647.0,646.68,1829.0,300.0, , , ,
105,2018-05-02 09:35:31,1.28,4.46,1.3,4.8,-1.29,-0.93,5.39,-3.25,3.48,3.19,1.27, , , , ,647.9,647.83,100.0,3300.0, , , ,
106,2018-05-02 09:35:34,0.63,4.03,1.08,4.24,-1.11,-1.33,4.85,-2.99,2.14,3.0,1.66, , , , ,647.83,647.5,3100.0,200.0, , , ,
107,2018-05-02 09:35:37,0.42,3.82,1.0,4.13,-0.9,-1.22,4.51,-2.46,1.48,2.84,2.18, , , , ,647.8,647.0,5100.0,1900.0, , , ,
108,2018-05-02 09:35:40,0.83,3.65,1.45,3.77,-1.53,-0.52,4.02,-2.81,1.54,3.15,1.95, , , , ,647.8,647.6,3832.0,100.0, , , ,
109,2018-05-02 09:35:43,0.93,4.18,1.09,4.28,-0.92,-0.85,4.8,-2.07,2.54,3.46,2.74, , , , ,647.5,647.13,200.0,3700.0, , , ,
110,2018-05-02 09:35:46,2.05,4.52,1.56,4.62,-1.19,-0.08,4.82,-1.84,4.66,4.11,2.88, , , , ,647.5,647.14,4500.0,800.0, , , ,
111,2018-05-02 09:35:49,1.3,4.43,0.42,3.71,-1.11,-0.97,5.68,-1.51,4.46,3.89,3.53, , , , ,647.13,647.01,100.0,8400.0, , , ,
112,2018-05-02 09:35:52,0.2,3.64,0.04,3.33,-1.74,-1.49,4.57,-2.03,2.06,3.01,3.31, , , , ,647.5,647.13,1800.0,100.0, , , ,
113,2018-05-02 09:35:55,-0.73,3.66,-0.21,3.58,-2.54,-3.2,4.77,-2.65,1.23,2.64,2.69, , , , ,647.8,647.52,1232.0,100.0, , , ,
114,2018-05-02 09:35:58,0.29,3.39,0.22,3.5,-2.75,-2.42,4.07,-2.78,3.06,2.59,2.59, , , , ,647.8,647.5,1032.0,2500.0, , , ,
115,2018-05-02 09:36:01,-0.13,3.74,-0.4,3.54,-3.37,-2.68,5.15,-3.41,2.7,2.53,2.09, , , , ,648.04,648.0,200.0,68.0, , , ,
116,2018-05-02 09:36:04,0.3,3.56,0.23,3.57,-3.33,-2.3,4.6,-3.33,2.97,2.51,1.83, , , , ,648.04,648.0,100.0,168.0, , , ,
117,2018-05-02 09:36:07,0.7,4.2,0.84,3.94,-3.49,-1.73,5.61,-3.29,3.0,3.06,1.98, , , , ,648.04,648.0,100.0,500.0, , , ,
118,2018-05-02 09:36:10,0.42,3.47,0.81,2.81,-3.35,-1.83,4.56,-2.97,2.28,3.04,2.33, , , , ,648.0,647.8,8300.0,100.0, , , ,
119,2018-05-02 09:36:13,-0.53,3.15,-0.03,2.74,-3.44,-2.84,4.12,-2.81,1.28,2.58,2.2, , , , ,648.0,647.88,29200.0,100.0, , , ,
120,2018-05-02 09:36:16,-1.14,1.9,-0.41,1.71,-3.37,-2.94,2.64,-2.51,-0.08,1.35,2.65, , , , ,648.0,647.5,28000.0,2861.0, , , ,
121,2018-05-02 09:36:19,-1.38,2.35,-1.02,2.0,-2.96,-3.56,3.71,-2.1,0.45,1.35,2.93, , , , ,647.6,647.53,1500.0,200.0, , , ,
122,2018-05-02 09:36:22,-1.52,1.89,-1.97,1.67,-2.62,-3.7,2.33,-1.67,1.1,1.68,3.28, , , , ,647.8,647.0,6900.0,661.0, , , ,
123,2018-05-02 09:36:25,-2.01,1.54,-2.76,1.09,-2.42,-3.71,2.19,-1.54,0.43,1.34,3.42, , , , ,647.5,647.01,4100.0,11900.0, , , ,
124,2018-05-02 09:36:28,-1.91,0.98,-2.34,0.94,-2.33,-2.96,1.03,-1.34,-0.44,0.96,3.25, , , , ,647.5,647.08,9600.0,100.0, , , ,
125,2018-05-02 09:36:31,-2.45,0.14,-2.87,0.14,-1.85,-3.98,0.06,-0.81,-0.49,0.22,3.63, , , , ,647.0,646.9,3800.0,300.0, , , ,
126,2018-05-02 09:36:34,-2.76,-0.96,-3.21,-0.87,-1.35,-4.32,-1.66,-0.43,-0.74,-0.33,3.9,-500.0,646.3,-500.0,700.0,646.9,646.3,1200.0,561.0, ,2018-05-02 09:36:35.384000,2018-05-02 09:36:36.920000,
127,2018-05-02 09:36:37,-2.79,-0.43,-3.23,0.45,-1.73,-4.27,-1.48,-0.93,-0.86,-0.26,3.15, , , , ,646.97,646.9,200.0,600.0, , , ,
128,2018-05-02 09:36:40,-2.24,-0.38,-2.19,0.75,-1.41,-4.01,-1.47,-0.62,-0.54,-0.42,3.22, , , , ,646.92,646.66,400.0,100.0, , , ,
129,2018-05-02 09:36:43,-1.22,-0.05,-1.38,-0.03,-0.82,-2.41,-0.63,-0.03,0.14,0.52,3.51, , , , ,647.0,646.02,2960.0,9700.0, , , ,
130,2018-05-02 09:36:46,-1.73,-0.44,-1.85,-0.92,-0.81,-3.12,-1.08,-0.05,-0.23,0.68,3.14, , , , ,647.0,646.3,5660.0,300.0, , , ,
131,2018-05-02 09:36:49,-1.67,-0.19,-1.72,0.05,-0.26,-3.48,-0.74,0.65,0.2,0.13,3.63, , , , ,646.5,646.02,2600.0,2700.0, , , ,
132,2018-05-02 09:36:52,-1.77,-0.49,-2.17,0.52,0.03,-3.48,-1.69,1.05,0.35,-0.3,3.99,-700.0,645.98,-700.0,0.0,646.0,645.95,16867.0,200.0, ,2018-05-02 09:36:53.429000,2018-05-02 09:36:54.492000,
133,2018-05-02 09:36:55,-2.22,-1.21,-2.84,-0.56,0.12,-3.93,-2.45,1.08,0.1,-0.6,4.05,-300.0,645.8,-300.0,-300.0,645.93,645.8,300.0,300.0, ,2018-05-02 09:36:56.417000,2018-05-02 09:36:58.046000,
134,2018-05-02 09:36:58,-2.11,-1.43,-2.94,-0.9,-0.17,-3.76,-2.87,0.76,0.37,-0.53,3.84,-200.0,645.93,-200.0,-500.0,646.0,645.93,20014.0,200.0, ,2018-05-02 09:36:59.408000,2018-05-02 09:37:01.036000,
135,2018-05-02 09:37:01,-1.41,-0.87,-2.55,0.18,0.19,-2.54,-2.53,1.32,0.84,-0.26,4.17, , , , ,645.7,645.68,1200.0,100.0, , , ,
136,2018-05-02 09:37:04,-0.7,-0.23,-1.3,0.69,0.04,-1.9,-1.98,1.15,1.11,0.61,3.81, , , , ,646.0,645.66,4414.0,100.0, , , ,
137,2018-05-02 09:37:07,-0.09,0.46,-0.7,0.81,-0.15,-0.53,-1.17,1.0,0.94,1.73,3.63, , , , ,646.03,645.93,300.0,100.0, , , ,
138,2018-05-02 09:37:10,-0.44,0.24,-1.13,0.2,0.7,-1.61,-1.44,1.92,1.42,1.97,4.28, , , , ,645.55,645.5,200.0,640.0, , , ,
139,2018-05-02 09:37:13,-0.44,0.61,-0.52,0.95,0.83,-2.31,-1.57,2.03,1.5,2.43,4.24, , , , ,645.6,645.55,403.0,1500.0, , , ,
140,2018-05-02 09:37:16,-0.28,0.76,-0.44,1.04,0.56,-2.19,-1.08,2.0,1.77,2.3,4.08, , , , ,645.9,645.62,31.0,400.0, , , ,
141,2018-05-02 09:37:19,0.59,1.17,0.25,1.11,1.22,-0.34,-0.69,2.84,1.87,3.09,4.56,500.0,645.35,0.0,-500.0,645.5,645.33,200.0,900.0, ,2018-05-02 09:37:20.386000,2018-05-02 09:37:23.760000,
142,2018-05-02 09:37:22,0.46,0.9,-0.09,0.52,0.74,-0.61,-0.76,2.36,2.07,2.95,3.86, , , , ,646.0,645.68,21000.0,200.0, , , ,
143,2018-05-02 09:37:25,0.49,1.0,0.36,1.02,0.71,-1.55,-0.81,2.25,2.65,2.8,3.75, , , , ,646.0,645.6,20000.0,500.0, , , ,
144,2018-05-02 09:37:28,0.4,0.96,0.43,1.28,1.12,-1.32,-1.01,2.37,2.09,2.63,3.91, , , , ,645.9,645.5,3400.0,1700.0, , , ,
145,2018-05-02 09:37:31,0.97,1.72,0.66,1.64,0.97,-0.37,-0.01,2.15,2.64,3.53,3.65,1000.0,646.0,1000.0,500.0,646.0,645.6,16000.0,100.0, ,2018-05-02 09:37:32.422000,2018-05-02 09:37:33.319000,
146,2018-05-02 09:37:34,1.08,1.62,0.53,1.51,0.92,-0.37,-0.22,2.2,3.06,3.58,3.74,500.0,645.9,500.0,1000.0,645.9,645.56,3900.0,100.0, ,2018-05-02 09:37:35.452000,2018-05-02 09:37:36.322000,
147,2018-05-02 09:37:37,1.57,2.25,0.77,2.1,1.01,0.44,0.88,2.6,3.5,3.77,3.81,100.0,645.8,100.0,1100.0,645.8,645.57,100.0,1400.0, ,2018-05-02 09:37:38.391000,2018-05-02 09:37:41.384000,
148,2018-05-02 09:37:40,1.31,2.03,0.82,1.76,0.55,0.35,0.78,2.21,2.77,3.54,3.19,200.0,646.06,200.0,1300.0,646.06,646.0,200.0,800.0, ,2018-05-02 09:37:41.431000,2018-05-02 09:37:42.901000,
149,2018-05-02 09:37:43,1.27,2.09,0.94,2.05,0.64,0.51,0.25,2.29,2.37,3.98,3.17,100.0,646.12,100.0,1400.0,646.12,646.03,100.0,100.0, ,2018-05-02 09:37:44.390000,2018-05-02 09:37:44.968000,
150,2018-05-02 09:37:46,0.74,1.56,0.49,1.7,0.78,-0.46,-0.15,2.38,2.21,3.14,3.23, , , , ,646.15,646.08,600.0,100.0, , , ,
151,2018-05-02 09:37:49,0.61,1.48,0.67,1.7,0.61,-1.1,-0.03,2.17,2.28,2.78,3.05, , , , ,646.4,646.17,921.0,700.0, , , ,
152,2018-05-02 09:37:52,0.67,1.4,0.91,1.62,1.17,-0.95,0.22,2.81,2.05,2.37,3.57, , , , ,646.0,645.8,800.0,800.0, , , ,
153,2018-05-02 09:37:55,1.05,1.25,0.94,1.12,1.33,0.14,-0.25,3.22,2.07,2.87,3.98, , , , ,645.8,645.6,7500.0,500.0, , , ,
154,2018-05-02 09:37:58,0.75,0.89,0.73,0.86,0.85,-0.17,-0.74,3.04,1.69,2.55,3.69, , , , ,646.0,645.8,17900.0,500.0, , , ,
155,2018-05-02 09:38:01,1.05,1.46,0.98,1.38,0.99,-0.55,-0.16,3.12,2.73,3.14,3.78, , , , ,646.0,645.81,9823.0,100.0, , , ,
156,2018-05-02 09:38:04,1.02,1.49,1.0,1.29,1.28,-0.32,-0.15,3.49,2.36,3.33,4.26, , , , ,645.8,645.69,100.0,1200.0, , , ,
157,2018-05-02 09:38:07,1.28,1.92,1.18,1.41,1.16,-0.41,0.06,3.42,3.06,4.3,4.11,500.0,646.0,500.0,1900.0,646.0,645.75,2553.0,100.0, ,2018-05-02 09:38:08.382000,2018-05-02 09:38:09.208000,
158,2018-05-02 09:38:10,1.34,2.06,1.26,1.51,1.16,-0.16,0.56,3.3,2.91,4.12,3.81,500.0,646.03,500.0,2400.0,646.03,646.0,700.0,9247.0, ,2018-05-02 09:38:11.384000,2018-05-02 09:38:14.296000,
159,2018-05-02 09:38:13,1.75,2.37,1.39,1.93,0.97,0.19,1.23,2.92,3.67,3.96,3.44,100.0,646.5,100.0,2500.0,646.5,646.03,1821.0,600.0, ,2018-05-02 09:38:14.384000,2018-05-02 09:38:15.311000,
160,2018-05-02 09:38:16,1.31,2.38,1.21,1.8,1.16,-0.2,1.58,2.96,2.92,3.76,3.41, , , , ,646.5,646.1,1121.0,100.0, , , ,
161,2018-05-02 09:38:19,1.11,1.7,0.91,0.97,2.09,0.1,0.21,3.75,2.33,3.93,4.08, , , , ,646.0,645.8,9053.0,100.0, , , ,
162,2018-05-02 09:38:22,0.06,0.87,0.49,0.62,1.58,-0.88,-0.64,3.25,0.57,2.63,3.48, , , , ,646.5,646.18,621.0,847.0, , , ,
163,2018-05-02 09:38:25,-0.15,1.16,0.61,0.99,0.78,-1.88,-0.03,2.88,0.83,2.5,2.83, , , , ,646.99,646.5,2000.0,179.0, , , ,
164,2018-05-02 09:38:28,0.39,1.45,1.07,1.24,1.81,-1.57,0.52,4.06,1.66,2.59,3.9, , , , ,646.1,646.01,100.0,14000.0, , , ,
165,2018-05-02 09:38:31,1.16,2.17,1.48,1.57,0.98,-0.46,1.0,3.31,2.45,3.94,3.1, , , , ,647.0,646.1,14439.0,1000.0, , , ,
166,2018-05-02 09:38:34,1.27,2.18,1.42,1.7,1.26,-0.48,0.81,3.71,2.86,4.04,3.5, , , , ,646.5,646.18,2500.0,400.0, , , ,
167,2018-05-02 09:38:37,0.85,1.82,1.06,0.96,1.58,-1.44,0.49,3.83,2.94,4.02,3.62, , , , ,646.5,646.18,2000.0,200.0, , , ,
168,2018-05-02 09:38:40,0.01,1.18,0.74,0.86,2.08,-2.33,-0.32,4.4,1.61,3.0,3.97, , , , ,646.13,646.1,400.0,200.0, , , ,
169,2018-05-02 09:38:43,-0.13,1.43,0.65,0.57,1.25,-3.09,-0.05,3.62,2.03,3.77,2.99, , , , ,647.0,646.5,10955.0,600.0, , , ,
170,2018-05-02 09:38:46,-0.2,1.25,0.58,0.66,1.4,-3.25,-0.41,3.75,2.08,3.5,3.0, , , , ,647.0,646.5,11155.0,800.0, , , ,
171,2018-05-02 09:38:49,0.61,1.8,1.03,1.07,1.3,-2.1,0.74,3.88,2.9,3.59,2.92, , , , ,647.0,646.69,10955.0,100.0, , , ,
172,2018-05-02 09:38:52,0.63,2.09,1.3,1.34,2.06,-2.27,1.48,4.75,2.85,3.45,3.73, , , , ,646.5,646.27,200.0,700.0, , , ,
173,2018-05-02 09:38:55,0.94,2.5,1.35,1.38,1.77,-1.52,1.72,4.28,2.98,4.41,3.46, , , , ,647.0,646.27,9455.0,600.0, , , ,
174,2018-05-02 09:38:58,0.82,1.9,1.26,1.22,2.29,-1.55,1.44,4.55,2.75,3.04,3.84, , , , ,646.5,646.27,3700.0,600.0, , , ,
175,2018-05-02 09:39:01,0.5,2.16,1.36,1.37,2.35,-2.35,2.17,4.61,2.49,2.95,3.71, , , , ,646.5,646.3,700.0,200.0, , , ,
176,2018-05-02 09:39:04,0.22,1.99,1.11,1.28,1.93,-2.96,1.88,3.81,2.51,2.8,3.2, , , , ,647.0,646.5,9155.0,500.0, , , ,
177,2018-05-02 09:39:07,0.21,2.1,0.51,1.3,2.06,-2.37,1.32,3.95,2.5,3.69,3.19, , , , ,647.0,646.5,7955.0,400.0, , , ,
178,2018-05-02 09:39:10,0.32,1.71,0.79,1.12,2.41,-1.67,0.58,4.35,1.84,3.42,3.55, , , , ,646.69,646.5,31.0,1000.0, , , ,
179,2018-05-02 09:39:13,0.69,2.1,0.73,1.38,1.85,-1.93,1.25,3.73,3.26,3.66,3.12, , , , ,647.0,646.9,5855.0,100.0, , , ,
180,2018-05-02 09:39:16,0.25,2.38,0.68,1.68,1.49,-2.39,2.01,3.42,2.47,3.45,2.66, , , , ,647.5,647.0,4355.0,1900.0, , , ,
181,2018-05-02 09:39:19,0.86,3.31,1.32,2.03,1.43,-2.84,2.63,3.18,4.11,5.28,2.4, , , , ,647.8,647.0,2059.0,1900.0, , , ,
182,2018-05-02 09:39:22,1.01,3.69,1.24,2.29,1.6,-2.06,2.72,3.28,3.84,6.07,2.38, , , , ,647.8,647.0,2059.0,600.0, , , ,
183,2018-05-02 09:39:25,1.7,3.72,1.22,2.21,1.85,-1.57,2.99,3.19,5.44,5.97,2.38, , , , ,647.8,647.0,1259.0,1200.0, , , ,
184,2018-05-02 09:39:28,1.23,3.31,1.46,1.99,2.9,-2.21,2.97,4.02,4.44,4.98,3.33, , , , ,647.0,646.6,2700.0,600.0, , , ,
185,2018-05-02 09:39:31,0.74,3.08,0.68,1.45,2.14,-2.52,2.34,3.08,4.05,5.47,2.6, , , , ,647.5,647.1,1200.0,100.0, , , ,
186,2018-05-02 09:39:34,0.18,2.06,0.37,1.19,2.3,-2.51,1.39,2.9,2.7,3.58,2.87, , , , ,647.5,647.0,400.0,1100.0, , , ,
187,2018-05-02 09:39:37,-0.05,1.83,0.52,0.97,2.41,-2.82,1.36,2.66,2.15,3.16,2.88, , , , ,647.5,647.0,300.0,1700.0, , , ,
188,2018-05-02 09:39:40,-0.77,1.35,-0.09,0.82,2.0,-3.79,0.84,1.86,1.55,2.39,2.46, , , , ,647.76,647.57,4300.0,100.0, , , ,
189,2018-05-02 09:39:43,-0.43,1.63,-0.03,1.04,2.19,-2.76,0.9,1.71,1.51,2.95,2.67, , , , ,647.76,647.58,3500.0,100.0, , , ,
190,2018-05-02 09:39:46,-0.09,1.8,0.46,1.26,2.4,-2.45,0.96,1.62,1.71,3.18,2.82, , , , ,647.76,647.5,400.0,2700.0, , , ,
191,2018-05-02 09:39:49,0.26,2.18,0.65,1.09,2.62,-2.83,1.63,1.46,2.97,3.83,3.0, , , , ,647.74,647.58,2800.0,100.0, , , ,
192,2018-05-02 09:39:52,-0.21,2.17,0.71,1.23,2.59,-3.58,2.01,1.19,2.24,3.25,2.88, , , , ,647.8,647.76,2759.0,6400.0, , , ,
193,2018-05-02 09:39:55,0.03,2.69,0.93,1.31,2.49,-4.25,2.43,1.08,3.41,4.31,2.94, , , , ,647.8,647.77,1759.0,100.0, , , ,
194,2018-05-02 09:39:58,0.07,2.99,0.94,1.61,2.21,-4.19,2.36,0.85,3.44,4.99,2.82, , , , ,647.99,647.8,659.0,300.0, , , ,
195,2018-05-02 09:40:01,1.08,3.2,1.13,1.77,2.13,-2.97,2.65,0.6,5.07,5.17,2.72, , , , ,648.0,647.99,11400.0,100.0, , , ,
196,2018-05-02 09:40:04,0.86,3.31,1.5,2.16,1.88,-3.51,3.13,0.46,4.6,4.66,2.75, , , , ,648.0,647.99,7800.0,400.0, , , ,
197,2018-05-02 09:40:07,1.52,3.89,1.68,2.25,1.85,-2.26,3.69,0.34,5.15,5.72,2.62, , , , ,648.21,648.0,100.0,1200.0, , , ,
198,2018-05-02 09:40:10,1.71,3.6,1.5,2.5,1.79,-1.24,3.42,0.05,4.88,4.89,2.46, , , , ,648.5,648.0,3000.0,4900.0, , , ,
199,2018-05-02 09:40:13,1.86,3.58,1.53,2.3,1.73,-0.77,3.51,0.11,4.81,4.92,2.51, , , , ,648.5,648.0,2700.0,6500.0, , , ,
200,2018-05-02 09:40:16,1.62,2.77,0.98,1.43,2.27,-0.96,2.75,0.62,4.83,4.13,2.95, , , , ,648.0,647.99,3800.0,100.0, , , ,
201,2018-05-02 09:40:19,1.15,2.53,0.73,1.07,1.71,-1.67,2.56,0.0,4.4,3.94,2.46, , , , ,648.5,648.21,700.0,100.0, , , ,
202,2018-05-02 09:40:22,0.99,2.5,0.68,1.32,1.26,-1.56,2.39,-0.58,3.87,3.8,2.17, , , , ,648.9,648.51,2500.0,600.0, , , ,
203,2018-05-02 09:40:25,1.28,2.5,0.62,1.24,1.18,-1.35,2.3,-0.73,4.57,3.97,2.8, , , , ,648.9,648.5,2000.0,2200.0, , , ,
204,2018-05-02 09:40:28,0.65,2.18,0.55,1.22,1.16,-1.87,2.03,-0.66,3.27,3.27,3.72, , , , ,648.8,648.5,1900.0,4100.0, , , ,
205,2018-05-02 09:40:31,0.48,2.37,0.36,0.97,0.99,-2.42,2.16,-0.77,3.5,3.98,4.61, , , , ,648.8,648.5,1200.0,1514.0, , , ,
206,2018-05-02 09:40:34,0.3,2.64,0.32,1.17,0.58,-2.42,2.39,-0.93,3.0,4.37,5.2, , , , ,649.0,648.5,4483.0,1614.0, , , ,
207,2018-05-02 09:40:37,0.93,2.25,0.41,1.05,0.12,-1.72,1.91,-1.17,4.11,3.77,5.47, , , , ,649.0,648.8,7583.0,400.0, , , ,
208,2018-05-02 09:40:40,0.66,2.03,0.27,1.07,-0.12,-2.14,1.92,-1.33,3.83,3.1,5.82, , , , ,649.0,648.9,6483.0,300.0, , , ,
209,2018-05-02 09:40:43,1.54,2.76,0.56,1.62,-0.71,-0.87,2.63,-1.71,4.94,4.01,6.02, , , , ,649.48,649.0,700.0,4517.0, , , ,
210,2018-05-02 09:40:46,1.81,2.72,0.86,1.87,-0.89,-0.11,2.75,-1.62,4.68,3.54,6.92, , , , ,649.48,649.04,500.0,100.0, , , ,
211,2018-05-02 09:40:49,1.49,2.3,0.61,1.28,-1.02,-0.39,2.33,-1.56,4.26,3.3,7.71, , , , ,649.5,649.04,2000.0,100.0, , , ,
212,2018-05-02 09:40:52,1.26,2.2,0.48,1.37,-1.69,-0.74,2.16,-2.23,4.05,3.05,7.79, , , , ,649.8,649.5,4603.0,200.0, , , ,
213,2018-05-02 09:40:55,0.8,2.2,0.26,1.14,-1.79,-1.55,2.1,-2.12,3.68,3.36,8.21, , , , ,649.8,649.5,3803.0,100.0, , , ,
214,2018-05-02 09:40:58,0.2,1.61,0.09,0.96,-0.9,-1.45,1.59,-1.15,1.96,2.27,9.3, , , , ,649.05,649.0,400.0,1253.0, , , ,
215,2018-05-02 09:41:01,-0.42,1.11,-0.16,0.65,-0.93,-1.65,1.16,-1.0,0.54,1.51,9.96, , , , ,649.0,648.98,447.0,100.0, , , ,
216,2018-05-02 09:41:04,-1.1,0.83,-0.74,0.62,-2.38,-2.12,1.1,-2.07,-0.43,0.75,9.11, , , , ,649.88,649.8,3450.0,100.0, , , ,
217,2018-05-02 09:41:07,-0.68,1.14,-0.3,0.63,-1.02,-2.22,1.41,-0.71,0.48,1.39,10.94, , , , ,649.0,648.98,1000.0,100.0, , , ,
218,2018-05-02 09:41:10,-0.58,1.36,-0.44,0.53,-1.72,-2.08,1.3,-1.42,0.79,2.27,10.77, , , , ,649.8,649.0,3700.0,100.0, , , ,
219,2018-05-02 09:41:13,-0.04,1.15,-0.4,0.5,-1.67,-1.66,1.07,-1.4,1.94,1.89,10.52, , , , ,649.8,649.0,3000.0,500.0, , , ,
220,2018-05-02 09:41:16,-0.13,1.07,-0.23,0.67,-1.96,-1.89,1.1,-1.8,1.73,1.46,10.19, , , , ,649.79,649.55,1300.0,100.0, , , ,
221,2018-05-02 09:41:19,0.29,1.36,-0.08,0.49,-1.58,-1.07,1.45,-1.31,2.01,2.15,10.38, , , , ,649.78,649.0,300.0,1200.0, , , ,
222,2018-05-02 09:41:22,0.24,1.39,0.01,0.66,-1.64,-0.66,1.67,-1.25,1.38,1.85,10.38, , , , ,649.79,649.0,830.0,2200.0, , , ,
223,2018-05-02 09:41:25,-0.19,0.85,-0.34,0.29,-2.17,-0.68,0.92,-1.63,0.46,1.34,10.25, , , , ,649.77,649.5,1100.0,100.0, , , ,
224,2018-05-02 09:41:28,-0.44,0.59,-0.6,-0.07,-1.89,-0.94,0.77,-1.35,0.21,1.06,10.36, , , , ,649.7,649.2,200.0,100.0, , , ,
225,2018-05-02 09:41:31,-0.4,0.88,-0.53,0.18,-1.47,-1.18,0.93,-0.86,0.51,1.53,10.95, , , , ,649.19,649.03,79.0,500.0, , , ,
226,2018-05-02 09:41:34,-1.13,0.36,-1.32,-0.34,-1.3,-1.55,0.46,-0.59,-0.52,0.96,10.91, , , , ,649.0,648.98,24071.0,200.0, , , ,
227,2018-05-02 09:41:37,-1.55,-0.46,-1.9,-1.11,-1.23,-1.79,-0.37,-0.4,-0.97,0.11,10.73,-2500.0,648.94,-0.0,2500.0,648.96,648.92,300.0,200.0, ,2018-05-02 09:41:38.429000,2018-05-02 09:41:42.009000,
228,2018-05-02 09:41:40,-2.01,-0.67,-2.01,-1.21,-1.17,-2.15,-0.63,-0.26,-1.86,-0.16,10.82,-2500.0,648.88,-0.0,2500.0,648.9,648.8,7500.0,2100.0, ,2018-05-02 09:41:42.009000,2018-05-02 09:41:45.044000,
229,2018-05-02 09:41:43,-2.01,-0.95,-2.01,-1.46,-0.89,-2.74,-0.99,-0.04,-1.28,-0.39,10.89,-2500.0,648.63,-1000.0,1500.0,648.78,648.63,2200.0,200.0, ,2018-05-02 09:41:45.044000,2018-05-02 09:41:48.080000,
230,2018-05-02 09:41:46,-2.32,-0.72,-2.21,-1.31,-0.63,-2.9,-1.02,0.12,-1.85,0.17,10.9,-1500.0,648.6,-800.0,700.0,648.63,648.6,1500.0,300.0, ,2018-05-02 09:41:48.080000,2018-05-02 09:41:51.106000,
231,2018-05-02 09:41:49,-1.85,-0.73,-2.24,-1.29,-0.46,-2.55,-0.84,0.28,-0.76,-0.05,11.08,-700.0,648.51,-700.0,0.0,648.6,648.51,5800.0,800.0, ,2018-05-02 09:41:51.106000,2018-05-02 09:41:53.444000,
232,2018-05-02 09:41:52,-1.41,-0.56,-1.69,-0.9,-0.53,-2.24,-0.69,0.38,-0.29,-0.08,11.21, , , , ,648.6,648.5,4726.0,714.0, , , ,
233,2018-05-02 09:41:55,-1.1,-0.36,-1.41,-0.87,-0.33,-2.17,-0.34,0.61,0.27,0.14,11.64, , , , ,648.5,648.46,1847.0,100.0, , , ,
234,2018-05-02 09:41:58,-1.2,-0.24,-1.18,-0.69,-0.11,-2.03,-0.5,0.79,-0.38,0.46,12.09, , , , ,648.49,648.22,100.0,100.0, , , ,
235,2018-05-02 09:42:01,-0.81,0.26,-0.79,-0.4,-0.08,-1.46,-0.22,0.62,-0.18,1.39,12.08, , , , ,648.6,648.2,978.0,100.0, , , ,
236,2018-05-02 09:42:04,-0.37,0.51,-0.23,-0.2,0.29,-1.23,0.08,0.8,0.35,1.64,12.22, , , , ,648.4,648.21,1100.0,89.0, , , ,
237,2018-05-02 09:42:07,-0.17,0.79,-0.19,-0.1,0.65,-1.14,0.36,1.08,0.83,2.12,12.21, , , , ,648.19,648.03,100.0,200.0, , , ,
238,2018-05-02 09:42:10,-0.22,0.74,-0.28,0.01,0.0,-1.05,0.04,0.64,0.66,2.17,11.4, , , , ,648.5,648.46,800.0,34.0, , , ,
239,2018-05-02 09:42:13,-0.46,0.59,-0.52,-0.2,0.37,-1.12,0.04,1.1,0.26,1.93,11.59, , , , ,648.5,648.0,410.0,5763.0, , , ,
240,2018-05-02 09:42:16,-0.2,0.59,-0.27,0.01,0.11,-0.93,0.12,0.83,0.61,1.65,11.05, , , , ,648.46,648.4,900.0,208.0, , , ,
241,2018-05-02 09:42:19,-0.1,0.84,-0.31,0.11,0.17,-1.04,0.41,0.81,1.06,2.0,10.93, , , , ,648.46,648.4,600.0,100.0, , , ,
242,2018-05-02 09:42:22,-0.18,0.7,-0.49,0.05,0.41,-1.12,0.14,0.94,1.06,1.91,10.96, , , , ,648.65,648.0,405.0,4271.0, , , ,
243,2018-05-02 09:42:25,-0.55,0.11,-0.83,-0.42,0.67,-1.26,-0.52,1.23,0.43,1.29,11.05, , , , ,648.3,647.99,100.0,300.0, , , ,
244,2018-05-02 09:42:28,-0.61,-0.08,-0.78,-0.28,0.9,-1.37,-1.02,1.47,0.32,1.07,11.09, , , , ,648.0,647.99,2100.0,300.0, , , ,
245,2018-05-02 09:42:31,-0.43,0.12,-0.56,-0.33,0.2,-0.93,-0.39,0.85,0.21,1.06,10.12, , , , ,648.46,648.4,800.0,100.0, , , ,
246,2018-05-02 09:42:34,-0.36,-0.03,-0.42,-0.07,0.85,-0.73,-0.52,1.62,0.06,0.51,10.61, , , , ,648.11,648.0,300.0,2200.0, , , ,
247,2018-05-02 09:42:37,-0.24,-0.01,-0.43,-0.16,0.9,-0.38,-0.42,1.56,0.1,0.57,10.25, , , , ,648.19,648.01,100.0,100.0, , , ,
248,2018-05-02 09:42:40,-0.49,-0.13,-0.6,-0.15,1.05,-0.72,-0.72,1.95,-0.16,0.49,10.41, , , , ,648.0,647.99,1238.0,200.0, , , ,
249,2018-05-02 09:42:43,-0.45,-0.09,-0.3,-0.21,0.72,-0.71,-0.66,1.83,-0.33,0.59,10.07, , , , ,648.4,648.02,1200.0,200.0, , , ,
250,2018-05-02 09:42:46,0.17,0.64,0.19,0.39,0.75,-0.15,0.21,1.93,0.46,1.31,9.89, , , , ,648.4,648.01,300.0,1600.0, , , ,
251,2018-05-02 09:42:49,0.01,0.76,-0.25,0.27,0.51,-0.05,0.29,1.83,0.33,1.72,9.48, , , , ,648.42,648.4,100.0,100.0, , , ,
252,2018-05-02 09:42:52,0.18,0.68,-0.11,0.42,0.91,0.1,0.25,2.23,0.54,1.38,9.23, , , , ,648.4,648.01,500.0,100.0, , , ,
253,2018-05-02 09:42:55,0.22,0.55,-0.05,0.18,1.34,0.04,0.06,2.59,0.66,1.4,9.17, , , , ,648.01,648.0,300.0,2962.0, , , ,
254,2018-05-02 09:42:58,0.51,0.94,0.21,0.49,0.62,0.4,0.8,1.94,0.94,1.52,7.98, , , , ,648.5,648.42,4900.0,300.0, , , ,
255,2018-05-02 09:43:01,0.45,1.15,0.21,0.75,0.53,0.55,1.23,2.0,0.58,1.45,8.13, , , , ,648.5,648.42,1300.0,100.0, , , ,
256,2018-05-02 09:43:04,0.81,1.47,0.67,1.15,0.55,1.01,1.5,2.02,0.77,1.76,8.39,100.0,648.5,100.0,100.0,648.5,648.42,100.0,253.0, ,2018-05-02 09:43:05.428000,2018-05-02 09:43:06.032000,
257,2018-05-02 09:43:07,0.9,1.7,0.61,1.48,0.33,1.14,1.77,1.86,0.95,1.86,8.44,500.0,648.7,500.0,600.0,648.7,648.5,2758.0,800.0, ,2018-05-02 09:43:08.415000,2018-05-02 09:43:09.083000,
258,2018-05-02 09:43:10,1.15,1.79,0.87,1.47,0.44,1.25,1.92,1.92,1.33,1.98,8.75,300.0,648.7,300.0,900.0,648.7,648.5,358.0,300.0, ,2018-05-02 09:43:11.450000,2018-05-02 09:43:12.127000,
259,2018-05-02 09:43:13,0.58,1.28,0.48,0.97,1.1,0.79,1.32,2.51,0.46,1.56,9.37, , , , ,648.5,648.0,300.0,3011.0, , , ,
260,2018-05-02 09:43:16,0.11,0.6,0.06,0.69,0.72,0.51,0.02,2.16,-0.25,1.07,9.23, , , , ,648.51,648.5,400.0,300.0, , , ,
261,2018-05-02 09:43:19,0.25,0.76,0.06,0.68,0.47,0.71,0.48,2.0,-0.02,1.11,9.0, , , , ,648.8,648.5,2000.0,300.0, , , ,
262,2018-05-02 09:43:22,0.36,1.2,0.28,1.08,0.29,0.69,1.12,2.11,0.13,1.41,9.09, , , , ,648.8,648.7,1800.0,100.0, , , ,
263,2018-05-02 09:43:25,0.54,1.51,0.43,1.13,0.76,0.82,1.61,3.19,0.37,1.78,9.5, , , , ,648.5,648.4,300.0,3100.0, , , ,
264,2018-05-02 09:43:28,0.61,1.56,0.44,1.18,0.77,0.88,1.53,4.04,0.53,1.97,9.43, , , , ,648.5,648.4,100.0,3100.0, , , ,
265,2018-05-02 09:43:31,0.75,1.51,0.47,1.12,0.52,1.07,1.43,4.61,0.71,1.98,9.23, , , , ,648.8,648.5,1100.0,300.0, , , ,
266,2018-05-02 09:43:34,0.56,1.26,0.34,0.88,0.68,0.57,1.34,5.33,0.76,1.57,9.11, , , , ,648.8,648.53,6500.0,200.0, , , ,
267,2018-05-02 09:43:37,0.18,0.67,0.11,0.47,0.71,0.32,0.64,5.86,0.12,0.89,8.79, , , , ,648.8,648.51,9300.0,200.0, , , ,
268,2018-05-02 09:43:40,0.19,0.85,0.1,0.52,0.78,0.49,0.79,6.13,-0.01,1.22,8.3, , , , ,648.8,648.7,8600.0,100.0, , , ,
269,2018-05-02 09:43:43,0.33,1.02,0.39,0.82,1.15,0.65,1.08,6.92,-0.07,1.16,8.19, , , , ,648.8,648.5,7900.0,6600.0, , , ,
270,2018-05-02 09:43:46,0.91,1.65,0.7,1.27,1.22,1.23,1.93,7.84,0.79,1.77,7.88, , , , ,648.8,648.53,1400.0,300.0, , , ,
271,2018-05-02 09:43:49,1.28,1.88,0.93,1.31,1.38,1.56,2.3,8.58,1.36,2.03,7.74,200.0,648.89,200.0,1100.0,648.89,648.53,200.0,100.0, ,2018-05-02 09:43:50.451000,2018-05-02 09:43:53.705000,
272,2018-05-02 09:43:52,1.43,2.01,1.1,1.53,1.12,1.75,2.2,8.93,1.44,2.31,7.33, , , , ,648.95,648.89,1100.0,200.0, , , ,
273,2018-05-02 09:43:55,1.39,1.95,1.03,1.63,1.21,1.91,1.96,9.37,1.23,2.27,7.29,500.0,649.0,500.0,1600.0,649.0,648.8,32663.0,2100.0, ,2018-05-02 09:43:56.441000,2018-05-02 09:43:57.225000,
274,2018-05-02 09:43:58,1.29,1.82,1.01,1.44,1.15,1.81,1.92,9.38,1.07,2.09,7.39,500.0,649.0,500.0,2100.0,649.0,648.95,32063.0,100.0, ,2018-05-02 09:43:59.448000,2018-05-02 09:44:00.260000,
275,2018-05-02 09:44:01,0.57,1.18,0.44,0.85,1.69,1.26,1.19,10.46,0.03,1.49,8.15, , , , ,648.8,648.53,7380.0,100.0, , , ,
276,2018-05-02 09:44:04,0.23,0.56,0.4,0.61,1.71,0.84,0.53,10.93,-0.55,0.53,8.44, , , , ,648.8,648.53,5980.0,1000.0, , , ,
277,2018-05-02 09:44:07,0.68,1.14,0.49,0.92,1.27,1.56,1.15,10.95,-0.0,1.36,8.22, , , , ,649.0,648.96,22843.0,800.0, , , ,
278,2018-05-02 09:44:10,0.75,1.07,0.47,0.86,1.39,1.2,1.08,11.48,0.57,1.27,8.29, , , , ,649.0,648.89,19043.0,200.0, , , ,
279,2018-05-02 09:44:13,0.79,1.13,0.45,0.89,1.39,1.38,1.37,11.18,0.53,1.14,8.23, , , , ,649.0,648.95,16443.0,331.0, , , ,
280,2018-05-02 09:44:16,1.09,1.15,0.55,0.94,1.44,1.51,1.43,11.27,1.22,1.07,8.24, , , , ,649.0,648.95,14243.0,131.0, , , ,
281,2018-05-02 09:44:19,1.35,1.45,0.74,1.19,1.5,1.9,1.47,11.03,1.41,1.68,8.26,400.0,649.0,400.0,2500.0,649.0,648.95,13143.0,128.0, ,2018-05-02 09:44:20.414000,2018-05-02 09:44:21.388000,
282,2018-05-02 09:44:22,1.68,1.97,1.21,1.63,1.87,2.15,2.34,11.14,1.67,1.94,8.38, , , , ,649.0,648.81,2320.0,100.0, , , ,
283,2018-05-02 09:44:25,1.81,1.9,1.32,1.42,2.52,2.52,2.27,11.41,1.6,2.01,8.57, , , , ,648.96,648.81,600.0,100.0, , , ,
284,2018-05-02 09:44:28,1.78,2.16,1.44,1.65,3.2,2.25,2.39,11.07,1.66,2.44,8.55, , , , ,649.0,648.98,920.0,100.0, , , ,
285,2018-05-02 09:44:31,1.74,2.06,1.27,1.6,4.04,2.16,2.12,11.1,1.78,2.48,8.66, , , , ,649.03,649.0,420.0,1700.0, , , ,
286,2018-05-02 09:44:34,1.59,1.85,1.3,1.25,4.73,1.95,1.94,10.81,1.52,2.34,8.81, , , , ,649.07,649.03,20.0,300.0, , , ,
287,2018-05-02 09:44:37,1.48,1.8,1.1,1.35,4.75,2.28,1.96,10.07,1.06,2.09,8.38, , , , ,649.7,649.03,4120.0,100.0, , , ,
288,2018-05-02 09:44:40,1.56,1.71,1.18,1.27,5.72,2.32,1.84,10.55,1.2,2.03,8.96, , , , ,649.03,649.0,315.0,3000.0, , , ,
289,2018-05-02 09:44:43,1.85,1.94,1.21,1.52,5.46,3.02,2.03,9.5,1.32,2.28,8.1, , , , ,649.7,649.5,3920.0,3600.0, , , ,
290,2018-05-02 09:44:46,1.64,1.82,1.11,1.59,6.39,2.52,1.82,9.36,1.28,2.06,7.88, , , , ,649.7,649.5,3920.0,3500.0, , , ,
291,2018-05-02 09:44:49,1.71,2.02,1.17,1.68,7.2,2.91,2.35,9.45,1.06,2.03,7.82, , , , ,649.7,649.51,3520.0,600.0, , , ,
292,2018-05-02 09:44:52,1.84,2.17,1.38,1.87,7.87,3.08,2.38,9.57,1.06,2.25,7.79, , , , ,649.7,649.51,3020.0,500.0, , , ,
293,2018-05-02 09:44:55,1.51,1.84,0.73,1.41,8.0,2.83,2.1,9.62,0.96,2.01,7.65, , , , ,649.8,649.76,4900.0,200.0, , , ,
294,2018-05-02 09:44:58,1.29,1.5,0.86,1.33,8.18,2.45,1.63,9.91,0.57,1.55,8.04, , , , ,649.8,649.7,4900.0,3200.0, , , ,
295,2018-05-02 09:45:01,1.58,1.7,1.04,1.56,8.78,3.13,2.11,9.97,0.57,1.42,8.09, , , , ,649.8,649.7,4200.0,5100.0, , , ,
296,2018-05-02 09:45:04,1.54,1.98,1.04,1.75,9.23,2.82,2.21,9.96,0.76,1.97,8.14, , , , ,649.8,649.71,3400.0,500.0, , , ,
297,2018-05-02 09:45:07,1.64,2.05,1.25,1.73,9.62,2.54,2.02,9.52,1.13,2.39,7.88, , , , ,649.88,649.8,970.0,600.0, , , ,
298,2018-05-02 09:45:10,1.44,1.9,1.25,1.62,10.02,2.18,1.8,9.21,0.88,2.27,7.82, , , , ,649.89,649.88,400.0,230.0, , , ,
299,2018-05-02 09:45:13,1.21,1.58,0.9,1.34,9.75,2.31,1.77,9.03,0.43,1.62,7.96, , , , ,649.9,649.88,5400.0,300.0, , , ,
300,2018-05-02 09:45:16,1.19,1.46,0.69,1.1,9.84,2.36,1.7,8.78,0.52,1.57,8.09, , , , ,649.9,649.89,3500.0,200.0, , , ,
301,2018-05-02 09:45:19,1.45,1.74,0.87,1.36,9.51,2.38,2.0,8.57,1.12,1.85,8.15, , , , ,650.0,649.9,1000.0,100.0, , , ,
302,2018-05-02 09:45:22,1.51,1.73,1.05,1.42,9.36,2.21,1.77,8.28,1.25,2.0,7.99, , , , ,650.1,650.0,300.0,900.0, , , ,
303,2018-05-02 09:45:25,1.45,1.52,0.94,1.29,8.79,2.42,1.77,7.28,0.97,1.49,7.08, , , , ,651.0,650.15,1900.0,1300.0, , , ,
304,2018-05-02 09:45:28,1.46,1.81,0.73,1.69,7.18,2.57,2.04,5.65,1.06,1.69,5.55, , , , ,652.0,651.0,200.0,1000.0, , , ,
305,2018-05-02 09:45:31,1.21,1.92,0.84,2.1,6.24,1.84,1.69,4.36,0.95,1.98,4.46, , , , ,652.3,652.0,4900.0,1200.0, , , ,
306,2018-05-02 09:45:34,1.02,2.14,0.84,2.08,5.72,1.55,2.06,3.98,0.67,2.28,4.07, , , , ,652.66,652.01,600.0,700.0, , , ,
307,2018-05-02 09:45:37,0.7,1.85,0.7,1.64,5.23,1.32,1.98,3.45,0.09,1.93,3.77, , , , ,652.68,652.3,100.0,100.0, , , ,
308,2018-05-02 09:45:40,0.29,1.64,0.47,1.4,4.63,0.65,1.49,2.91,-0.26,2.02,3.2, , , , ,653.0,652.68,200.0,600.0, , , ,
309,2018-05-02 09:45:43,0.2,1.38,0.86,1.29,3.86,0.17,1.01,2.28,-0.44,1.84,2.49, , , , ,653.5,653.0,1600.0,300.0, , , ,
310,2018-05-02 09:45:46,0.25,1.28,0.87,1.45,2.59,-0.09,0.68,0.96,-0.02,1.72,1.29, , , , ,654.98,653.0,600.0,1700.0, , , ,
311,2018-05-02 09:45:49,-0.11,0.74,0.22,1.18,1.24,-0.11,0.36,-0.57,-0.42,0.68,-0.17, , , , ,654.98,654.88,200.0,300.0, , , ,
312,2018-05-02 09:45:52,-0.24,0.76,0.41,1.46,1.35,-0.37,0.22,-1.15,-0.75,0.58,-0.21, , , , ,655.0,654.88,2000.0,100.0, , , ,
313,2018-05-02 09:45:55,-0.25,0.97,0.44,1.59,1.59,-0.69,0.34,-1.59,-0.51,0.98,-0.32, , , , ,655.0,654.98,1970.0,601.0, , , ,
314,2018-05-02 09:45:58,0.15,1.59,0.95,2.7,1.73,-0.2,0.58,-2.17,-0.3,1.49,-0.45, , , , ,655.11,655.01,100.0,31131.0, , , ,
315,2018-05-02 09:46:01,-0.23,1.23,-0.05,2.01,1.48,-0.32,0.53,-2.33,-0.31,1.15,-0.78, , , , ,655.5,655.02,2500.0,800.0, , , ,
316,2018-05-02 09:46:04,-0.98,0.82,-1.3,1.63,-0.41,-0.95,0.02,-3.96,-0.69,0.8,-2.67, , , , ,657.0,656.0,200.0,500.0, , , ,
317,2018-05-02 09:46:07,-1.36,0.47,-1.79,1.02,-0.27,-1.27,0.09,-3.24,-1.03,0.3,-2.23, , , , ,657.3,655.11,5000.0,300.0, , , ,
318,2018-05-02 09:46:10,-1.42,0.4,-1.6,1.28,-0.8,-1.41,-0.06,-3.23,-1.25,-0.02,-2.54, , , , ,657.3,655.5,5000.0,900.0, , , ,
319,2018-05-02 09:46:13,-1.41,0.53,-1.58,1.17,-1.08,-1.25,0.26,-3.28,-1.41,0.15,-2.66, , , , ,657.3,655.65,4800.0,4900.0, , , ,
320,2018-05-02 09:46:16,-1.41,0.96,-1.16,1.76,-0.35,-1.43,0.3,-2.04,-1.63,0.83,-1.69, , , , ,656.0,655.66,100.0,1300.0, , , ,
321,2018-05-02 09:46:19,-1.46,0.67,-1.33,1.04,-1.42,-1.6,0.39,-2.98,-1.45,0.58,-2.56, , , , ,657.0,655.9,3700.0,100.0, , , ,
322,2018-05-02 09:46:22,-1.69,0.38,-1.76,0.67,-0.53,-1.63,0.49,-1.72,-1.7,-0.02,-1.54, , , , ,655.9,655.65,100.0,3000.0, , , ,
323,2018-05-02 09:46:25,-1.94,-0.08,-2.1,0.15,-1.78,-1.59,0.27,-2.86,-2.15,-0.66,-2.56, , , , ,656.97,656.0,100.0,100.0, , , ,
324,2018-05-02 09:46:28,-1.94,-0.45,-2.21,-0.43,-1.92,-1.54,-0.15,-2.87,-2.06,-0.77,-2.52,-2500.0,656.97,-300.0,2200.0,656.99,655.9,2000.0,100.0, ,2018-05-02 09:46:29.430000,2018-05-02 09:46:32.929000,
325,2018-05-02 09:46:31,-1.78,-0.4,-1.98,-0.49,-1.52,-1.59,-0.02,-2.08,-1.78,-0.69,-1.84, , , , ,656.0,655.99,4800.0,700.0, , , ,
326,2018-05-02 09:46:34,-1.96,-0.54,-2.37,-0.58,-1.55,-1.64,-0.57,-2.1,-1.86,-0.48,-1.71,-2200.0,655.98,-6.0,2194.0,656.0,655.9,4500.0,16.0, ,2018-05-02 09:46:35.433000,2018-05-02 09:46:38.985000,
327,2018-05-02 09:46:37,-2.21,-0.66,-2.88,-0.8,-1.75,-1.54,-0.84,-2.33,-2.22,-0.35,-1.61,-2100.0,655.95,-800.0,1394.0,655.97,655.8,800.0,100.0, ,2018-05-02 09:46:38.985000,2018-05-02 09:46:42.254000,
328,2018-05-02 09:46:40,-2.27,-0.92,-2.75,-1.09,-1.62,-1.65,-1.07,-2.54,-2.4,-0.6,-1.44,-1300.0,655.65,-1300.0,94.0,655.95,655.65,1400.0,2800.0, ,2018-05-02 09:46:42.254000,2018-05-02 09:46:43.267000,
329,2018-05-02 09:46:43,-2.13,-0.74,-2.44,-0.94,-1.65,-1.59,-0.78,-2.84,-2.37,-0.5,-1.47,-500.0,655.65,-0.0,94.0,656.0,655.65,4000.0,1300.0, ,2018-05-02 09:46:44.487000,2018-05-02 09:46:48.104000,
330,2018-05-02 09:46:46,-2.21,-0.59,-2.8,-0.86,-1.46,-1.64,-0.8,-2.74,-2.21,-0.12,-1.1, , , , ,655.65,655.5,900.0,3100.0, , , ,
331,2018-05-02 09:46:49,-2.37,-0.5,-3.07,-0.94,-1.49,-1.8,-0.88,-2.75,-2.23,0.31,-1.09, , , , ,655.56,655.5,300.0,200.0, , , ,
332,2018-05-02 09:46:52,-2.11,-0.27,-2.57,-0.79,-2.81,-1.78,-0.96,-3.59,-1.99,0.95,-1.87, , , , ,656.07,656.0,100.0,4300.0, , , ,
333,2018-05-02 09:46:55,-1.81,-0.1,-1.78,-0.67,-3.36,-1.85,-0.75,-3.85,-1.79,1.12,-2.11, , , , ,656.31,656.0,200.0,4500.0, , , ,
334,2018-05-02 09:46:58,-1.89,-0.32,-2.05,-0.68,-4.21,-1.88,-1.09,-4.02,-1.74,0.81,-2.54, , , , ,656.44,656.37,100.0,900.0, , , ,
335,2018-05-02 09:47:01,-1.88,-0.46,-2.11,-0.83,-3.73,-1.74,-1.23,-3.4,-1.78,0.68,-2.21, , , , ,656.37,656.0,2800.0,2900.0, , , ,
336,2018-05-02 09:47:04,-1.67,-0.49,-1.57,-0.78,-3.48,-1.76,-1.3,-3.12,-1.67,0.6,-2.15, , , , ,656.37,656.0,1500.0,2700.0, , , ,
337,2018-05-02 09:47:07,-1.93,-0.52,-1.88,-0.97,-3.17,-2.05,-0.96,-2.79,-1.85,0.36,-2.03, , , , ,656.3,656.0,500.0,100.0, , , ,
338,2018-05-02 09:47:10,-1.84,-0.25,-1.95,-0.61,-1.98,-1.72,-0.64,-1.91,-1.84,0.49,-1.14, , , , ,655.65,655.5,100.0,100.0, , , ,
339,2018-05-02 09:47:13,-1.65,0.27,-1.99,-0.54,-1.92,-1.23,0.12,-1.93,-1.73,1.23,-1.1, , , , ,655.67,655.5,300.0,300.0, , , ,
340,2018-05-02 09:47:16,-1.47,-0.02,-1.97,-0.93,-1.89,-0.98,-0.39,-2.15,-1.47,1.26,-1.38, , , , ,655.79,655.67,300.0,300.0, , , ,
341,2018-05-02 09:47:19,-1.34,-0.14,-1.58,-0.93,-1.53,-1.27,-0.06,-1.78,-1.17,0.57,-1.02, , , , ,656.0,655.0,2200.0,200.0, , , ,
342,2018-05-02 09:47:22,-1.17,0.46,-1.51,-0.44,-0.91,-0.92,0.69,-1.38,-1.1,1.12,-0.67, , , , ,655.5,655.0,700.0,700.0, , , ,
343,2018-05-02 09:47:25,-1.28,0.55,-1.87,-0.41,-0.98,-0.83,0.53,-1.23,-1.14,1.53,-0.72, , , , ,655.5,655.0,300.0,148.0, , , ,
344,2018-05-02 09:47:28,-1.37,-0.09,-1.77,-1.11,-1.05,-1.02,-0.17,-1.08,-1.31,1.02,-0.79, , , , ,655.5,655.0,1900.0,48.0, , , ,
345,2018-05-02 09:47:31,-1.1,0.18,-0.94,-0.79,-0.54,-1.05,0.39,-0.53,-1.31,0.95,-0.32, , , , ,654.99,654.98,9.0,500.0, , , ,
346,2018-05-02 09:47:34,-0.86,0.95,-1.08,0.0,0.13,-0.41,1.47,0.43,-1.08,1.4,0.6, , , , ,654.98,654.0,100.0,900.0, , , ,
347,2018-05-02 09:47:37,-0.94,0.86,-1.46,-0.1,-0.97,-0.29,0.99,-0.28,-1.07,1.69,-0.01, , , , ,655.0,654.98,6700.0,100.0, , , ,
348,2018-05-02 09:47:40,-0.91,0.32,-1.24,-0.7,-0.54,-0.5,0.63,0.51,-0.98,1.02,0.94, , , , ,654.98,654.0,300.0,1000.0, , , ,
349,2018-05-02 09:47:43,-0.79,0.77,-1.11,-0.24,-1.57,-0.44,1.02,-0.19,-0.83,1.54,0.28, , , , ,655.0,654.98,7300.0,1200.0, , , ,
350,2018-05-02 09:47:46,-0.66,0.61,-1.32,-0.47,-1.09,0.12,0.71,0.35,-0.79,1.58,1.12, , , , ,654.98,654.0,1700.0,100.0, , , ,
351,2018-05-02 09:47:49,-0.55,0.87,-1.17,-0.4,-1.18,0.27,1.04,0.28,-0.75,1.98,1.07, , , , ,655.0,654.0,7600.0,300.0, , , ,
352,2018-05-02 09:47:52,-0.33,1.43,-1.16,0.3,-0.87,0.37,1.69,0.64,-0.21,2.29,1.46, , , , ,655.0,653.5,7500.0,1883.0, , , ,
353,2018-05-02 09:47:55,0.17,2.04,-0.12,0.8,0.15,0.5,2.49,1.88,0.15,2.85,2.62, , , , ,653.55,653.5,3000.0,2183.0, , , ,
354,2018-05-02 09:47:58,0.37,2.74,-0.3,1.58,0.37,1.02,2.59,2.22,0.4,4.05,2.66, , , , ,653.55,653.5,2100.0,883.0, , , ,
355,2018-05-02 09:48:01,0.44,3.0,-0.08,1.68,1.08,1.25,3.07,2.69,0.14,4.24,2.93, , , , ,653.5,653.0,17.0,4100.0, , , ,
356,2018-05-02 09:48:04,-0.14,2.49,-0.67,1.25,-0.78,0.57,2.64,0.6,-0.32,3.57,0.86, , , , ,654.8,654.5,600.0,100.0, , , ,
357,2018-05-02 09:48:07,0.0,2.08,0.02,0.82,0.22,0.43,2.06,1.2,-0.45,3.37,1.5, , , , ,654.8,653.55,300.0,83.0, , , ,
358,2018-05-02 09:48:10,0.06,2.19,-0.2,1.05,0.15,0.6,2.27,1.14,-0.22,3.25,1.35, , , , ,654.9,653.55,3200.0,1283.0, , , ,
359,2018-05-02 09:48:13,0.22,2.1,-0.19,1.0,0.42,1.03,1.8,1.55,-0.17,3.52,1.87, , , , ,654.54,653.55,200.0,2083.0, , , ,
360,2018-05-02 09:48:16,0.21,1.89,-0.03,0.78,-0.81,0.77,1.57,0.46,-0.12,3.3,0.67, , , , ,654.9,654.8,2800.0,200.0, , , ,
361,2018-05-02 09:48:19,0.51,2.49,0.74,1.02,-0.79,0.62,2.03,0.6,0.16,4.41,0.79, , , , ,654.9,654.8,1000.0,100.0, , , ,
362,2018-05-02 09:48:22,0.74,2.59,1.02,1.42,0.19,0.98,2.38,1.57,0.21,3.96,1.99,100.0,654.89,100.0,194.0,654.89,653.55,100.0,500.0, ,2018-05-02 09:48:23.447000,2018-05-02 09:48:25.191000,
363,2018-05-02 09:48:25,0.19,1.86,0.21,0.68,-0.36,0.77,1.56,0.77,-0.4,3.33,1.4, , , , ,654.8,654.56,3000.0,100.0, , , ,
364,2018-05-02 09:48:28,0.04,1.37,0.51,0.6,-0.21,0.19,1.08,0.67,-0.58,2.44,1.4, , , , ,654.8,654.56,3400.0,200.0, , , ,
365,2018-05-02 09:48:31,-0.08,1.42,0.53,0.73,-0.05,0.06,1.14,0.59,-0.83,2.37,1.44, , , , ,654.78,654.56,300.0,165.0, , , ,
366,2018-05-02 09:48:34,-0.04,1.47,0.25,0.89,0.42,0.52,1.19,0.74,-0.9,2.32,1.38, , , , ,654.6,654.4,1035.0,600.0, , , ,
367,2018-05-02 09:48:37,-0.18,1.4,-0.15,0.57,0.55,0.55,1.2,0.77,-0.93,2.42,1.26, , , , ,654.5,654.4,200.0,100.0, , , ,
368,2018-05-02 09:48:40,-0.34,1.29,-0.12,0.66,1.57,0.21,0.98,1.72,-1.12,2.23,2.05, , , , ,654.0,653.6,2735.0,100.0, , , ,
369,2018-05-02 09:48:43,-0.22,2.02,-0.48,1.25,1.62,0.52,1.68,1.65,-0.71,3.14,1.95, , , , ,654.0,653.6,2635.0,400.0, , , ,
370,2018-05-02 09:48:46,-0.2,2.11,-0.54,1.29,1.4,0.73,1.61,1.57,-0.78,3.42,2.08, , , , ,654.0,653.61,1435.0,200.0, , , ,
371,2018-05-02 09:48:49,0.13,2.06,-0.36,1.03,1.5,1.37,1.66,1.71,-0.62,3.48,2.36, , , , ,653.8,653.61,2000.0,600.0, , , ,
372,2018-05-02 09:48:52,-0.01,2.1,-0.15,1.09,1.62,0.7,1.88,1.83,-0.57,3.32,2.65, , , , ,653.61,653.6,35.0,100.0, , , ,
373,2018-05-02 09:48:55,-0.07,2.01,-0.51,0.98,1.75,0.59,1.54,1.79,-0.28,3.52,2.73, , , , ,653.61,653.6,2800.0,365.0, , , ,
374,2018-05-02 09:48:58,-0.18,1.86,-0.45,0.82,2.13,0.33,1.45,1.8,-0.42,3.32,2.81, , , , ,653.61,653.56,700.0,200.0, , , ,
375,2018-05-02 09:49:01,0.05,1.57,-0.64,0.6,1.11,0.99,1.07,0.72,-0.2,3.05,1.64, , , , ,654.56,654.0,100.0,1100.0, , , ,
376,2018-05-02 09:49:04,0.06,1.26,-0.23,0.19,1.06,0.3,1.05,0.6,0.1,2.56,1.4, , , , ,654.7,654.0,1000.0,1600.0, , , ,
377,2018-05-02 09:49:07,0.46,1.47,0.05,0.45,0.94,0.98,1.21,0.6,0.34,2.74,1.32, , , , ,654.68,654.0,100.0,1900.0, , , ,
378,2018-05-02 09:49:10,0.62,1.64,0.45,0.67,1.02,1.21,1.49,0.66,0.19,2.76,1.29, , , , ,654.6,654.0,200.0,2900.0, , , ,
379,2018-05-02 09:49:13,0.73,1.7,0.55,0.74,1.17,1.36,1.61,0.66,0.28,2.75,1.38, , , , ,654.6,654.0,100.0,2200.0, , , ,
380,2018-05-02 09:49:16,0.56,1.67,0.54,0.63,1.23,0.94,1.65,0.57,0.21,2.73,1.4, , , , ,654.69,654.0,2000.0,2200.0, , , ,
381,2018-05-02 09:49:19,0.57,2.07,0.41,1.07,1.38,1.05,1.94,0.64,0.24,3.19,1.31, , , , ,654.69,654.0,1800.0,2500.0, , , ,
382,2018-05-02 09:49:22,0.28,1.77,0.1,0.87,1.38,0.9,1.4,0.65,-0.16,3.04,1.23, , , , ,654.69,654.0,1400.0,1800.0, , , ,
383,2018-05-02 09:49:25,0.4,1.81,0.28,0.91,1.27,1.21,1.67,0.69,-0.29,2.86,1.13, , , , ,654.69,654.01,1300.0,200.0, , , ,
384,2018-05-02 09:49:28,0.38,1.69,0.44,0.88,0.58,0.89,1.43,0.09,-0.18,2.77,0.45, , , , ,654.78,654.69,400.0,600.0, , , ,
385,2018-05-02 09:49:31,0.61,2.14,0.45,1.19,0.49,1.2,1.89,0.08,0.16,3.34,0.44, , , , ,654.78,654.69,400.0,800.0, , , ,
386,2018-05-02 09:49:34,0.45,2.08,0.59,1.15,0.39,0.77,1.81,0.14,-0.02,3.27,0.52, , , , ,654.78,654.69,400.0,400.0, , , ,
387,2018-05-02 09:49:37,0.42,1.82,0.85,1.11,0.1,0.58,1.61,-0.09,-0.16,2.73,0.38, , , , ,654.99,654.78,900.0,100.0, , , ,
388,2018-05-02 09:49:40,0.67,1.76,1.35,1.14,0.06,0.9,1.78,-0.04,-0.24,2.36,0.47, , , , ,654.99,654.78,900.0,300.0, , , ,
389,2018-05-02 09:49:43,0.32,1.75,0.98,1.33,0.12,0.33,1.61,0.1,-0.34,2.31,0.69, , , , ,654.99,654.6,700.0,1000.0, , , ,
390,2018-05-02 09:49:46,0.17,1.77,0.98,1.09,-0.08,-0.04,1.77,-0.05,-0.42,2.44,0.55, , , , ,654.99,654.78,600.0,100.0, , , ,
391,2018-05-02 09:49:49,-0.55,1.1,0.22,0.68,0.78,-1.1,1.1,0.76,-0.77,1.52,1.33, , , , ,654.6,654.02,200.0,100.0, , , ,
392,2018-05-02 09:49:52,-0.79,0.71,-0.12,0.6,0.1,-1.22,0.57,0.11,-1.02,0.96,0.59, , , , ,654.78,654.69,200.0,1000.0, , , ,
393,2018-05-02 09:49:55,-0.93,0.69,-0.54,0.72,0.07,-1.33,0.21,0.05,-0.93,1.14,0.45, , , , ,654.78,654.69,900.0,800.0, , , ,
394,2018-05-02 09:49:58,-0.63,1.08,-0.03,1.35,-0.7,-0.99,0.84,-0.73,-0.87,1.07,-0.44, , , , ,655.44,655.0,1000.0,2200.0, , , ,
395,2018-05-02 09:50:01,-0.37,1.16,0.32,0.84,-0.72,-0.52,1.25,-0.72,-0.9,1.39,-0.53, , , , ,655.44,654.99,200.0,500.0, , , ,
396,2018-05-02 09:50:04,-0.87,0.59,-0.09,0.54,-0.18,-1.3,0.62,-0.14,-1.2,0.62,-0.12, , , , ,654.95,654.78,1200.0,100.0, , , ,
397,2018-05-02 09:50:07,-0.86,0.89,-0.22,0.62,-0.21,-1.14,0.78,-0.09,-1.21,1.28,-0.21, , , , ,654.95,654.8,500.0,1000.0, , , ,
398,2018-05-02 09:50:10,-1.04,1.0,-0.4,0.63,-0.21,-1.55,1.0,-0.07,-1.18,1.36,-0.32, , , , ,654.95,654.8,300.0,909.0, , , ,
399,2018-05-02 09:50:13,-0.93,0.95,0.21,0.5,-0.79,-1.97,1.2,-0.59,-1.04,1.16,-1.08, , , , ,655.44,655.06,100.0,1200.0, , , ,
400,2018-05-02 09:50:16,-0.45,1.1,0.49,0.83,-0.8,-0.81,1.38,-0.64,-1.05,1.09,-1.06, , , , ,655.49,655.0,100.0,6500.0, , , ,
401,2018-05-02 09:50:19,-0.7,1.2,0.42,0.89,-0.73,-1.61,1.23,-0.64,-0.91,1.47,-1.18, , , , ,655.49,655.0,100.0,7000.0, , , ,
402,2018-05-02 09:50:22,-0.74,1.18,0.67,0.74,-0.73,-1.91,1.32,-0.66,-0.99,1.47,-1.15, , , , ,655.49,655.0,100.0,4900.0, , , ,
403,2018-05-02 09:50:25,-1.06,0.45,0.35,0.03,-0.69,-2.41,0.81,-0.72,-1.13,0.52,-1.2, , , , ,655.5,655.0,1600.0,1700.0, , , ,
404,2018-05-02 09:50:28,-1.89,-0.31,-1.11,-0.43,-0.3,-2.97,-0.33,-0.4,-1.6,-0.17,-1.02,-100.0,654.99,-100.0,94.0,655.0,654.99,12200.0,500.0, ,2018-05-02 09:50:29.446000,2018-05-02 09:50:32.457000,
405,2018-05-02 09:50:31,-2.6,-0.8,-2.51,-0.85,-0.3,-3.48,-1.18,-0.32,-1.8,-0.36,-1.04, , , , ,655.0,654.98,11320.0,200.0, , , ,
406,2018-05-02 09:50:34,-2.26,-0.74,-1.73,-0.69,-0.26,-3.39,-1.16,-0.17,-1.65,-0.39,-1.16,-500.0,654.98,-500.0,-406.0,655.0,654.98,9684.0,2200.0, ,2018-05-02 09:50:35.458000,2018-05-02 09:50:37.477000,
407,2018-05-02 09:50:37,-2.24,-0.92,-1.66,-1.17,-0.23,-3.53,-1.03,0.02,-1.52,-0.58,-1.23,-400.0,654.95,-0.0,-406.0,655.0,654.95,9084.0,400.0, ,2018-05-02 09:50:38.449000,2018-05-02 09:50:41.855000,
408,2018-05-02 09:50:40,-2.33,-1.0,-2.06,-1.16,0.0,-3.32,-1.19,0.38,-1.62,-0.64,-1.14, , , , ,654.9,654.81,900.0,200.0, , , ,
409,2018-05-02 09:50:43,-2.38,-0.94,-2.26,-1.14,-0.03,-3.28,-1.23,0.45,-1.6,-0.46,-1.41,-100.0,654.81,-100.0,-506.0,654.95,654.81,700.0,100.0, ,2018-05-02 09:50:44.448000,2018-05-02 09:50:45.518000,
410,2018-05-02 09:50:46,-2.44,-1.03,-2.15,-1.31,0.07,-3.65,-1.36,0.64,-1.51,-0.43,-1.52,-500.0,654.8,-500.0,-1006.0,654.81,654.8,500.0,1109.0, ,2018-05-02 09:50:47.467000,2018-05-02 09:50:48.657000,
411,2018-05-02 09:50:49,-2.52,-1.21,-1.97,-1.46,0.03,-4.17,-1.47,0.61,-1.43,-0.7,-1.62,-200.0,654.79,-200.0,-1206.0,654.8,654.79,91.0,200.0, ,2018-05-02 09:50:50.455000,2018-05-02 09:50:51.547000,
412,2018-05-02 09:50:52,-2.19,-1.12,-1.84,-1.41,0.02,-3.47,-1.4,0.63,-1.24,-0.56,-1.72,-100.0,654.79,-100.0,-1306.0,654.8,654.79,191.0,100.0, ,2018-05-02 09:50:53.455000,2018-05-02 09:50:54.575000,
413,2018-05-02 09:50:55,-2.24,-1.03,-1.86,-1.27,-0.03,-3.74,-1.5,0.68,-1.12,-0.32,-1.78,-400.0,654.78,-400.0,-1706.0,654.81,654.78,1391.0,400.0, ,2018-05-02 09:50:56.458000,2018-05-02 09:50:57.604000,
414,2018-05-02 09:50:58,-2.24,-1.02,-1.91,-1.28,0.01,-3.86,-1.46,0.81,-0.96,-0.33,-1.8,-400.0,654.7,-400.0,-2106.0,654.76,654.7,100.0,400.0, ,2018-05-02 09:50:59.482000,2018-05-02 09:51:00.619000,
415,2018-05-02 09:51:01,-2.16,-1.03,-1.76,-1.35,0.0,-3.66,-1.41,0.65,-1.05,-0.32,-1.95,-300.0,654.69,-300.0,-2406.0,654.79,654.69,1400.0,300.0, ,2018-05-02 09:51:02.505000,2018-05-02 09:51:03.639000,
416,2018-05-02 09:51:04,-1.73,-0.7,-1.6,-0.94,0.07,-2.7,-0.92,0.74,-0.9,-0.25,-2.17, , , , ,654.77,654.69,300.0,3100.0, , , ,
417,2018-05-02 09:51:07,-1.4,-0.57,-1.41,-0.68,0.05,-2.06,-1.05,0.56,-0.73,0.02,-2.39, , , , ,654.8,654.77,1400.0,100.0, , , ,
418,2018-05-02 09:51:10,-1.78,-0.65,-1.68,-0.64,0.21,-2.98,-1.16,0.65,-0.66,-0.15,-2.29, , , , ,654.69,654.68,800.0,100.0, , , ,
419,2018-05-02 09:51:13,-1.31,-0.37,-1.1,-0.43,0.21,-2.19,-0.67,0.83,-0.63,0.01,-1.71, , , , ,654.77,654.68,100.0,5700.0, , , ,
420,2018-05-02 09:51:16,-0.48,0.09,-0.18,0.09,0.16,-1.06,-0.19,0.86,-0.21,0.37,-1.03, , , , ,654.77,654.68,100.0,6100.0, , , ,
421,2018-05-02 09:51:19,-0.36,0.15,-0.44,-0.05,0.14,-0.93,-0.19,0.97,0.29,0.7,-0.63, , , , ,654.78,654.7,200.0,100.0, , , ,
422,2018-05-02 09:51:22,-0.1,0.67,-0.28,0.26,-0.08,-0.7,0.71,0.99,0.69,1.03,-0.38, , , , ,654.95,654.79,200.0,100.0, , , ,
423,2018-05-02 09:51:25,-0.65,0.13,-0.6,-0.24,0.06,-1.83,-0.15,1.3,0.46,0.78,-0.41, , , , ,654.8,654.68,400.0,3000.0, , , ,
424,2018-05-02 09:51:28,-0.11,0.31,-0.03,0.06,-0.17,-0.63,0.08,1.15,0.35,0.81,-0.94, , , , ,655.0,654.69,15184.0,300.0, , , ,
425,2018-05-02 09:51:31,-0.36,0.15,-0.06,-0.05,0.09,-1.41,-0.19,1.34,0.38,0.69,-0.72, , , , ,654.77,654.68,100.0,2400.0, , , ,
426,2018-05-02 09:51:34,-0.59,-0.03,-0.15,-0.29,0.06,-1.93,-0.27,0.85,0.3,0.47,-0.89, , , , ,655.0,654.68,14920.0,2300.0, , , ,
427,2018-05-02 09:51:37,-0.02,0.55,0.19,0.05,0.15,-0.66,0.49,0.6,0.41,1.1,-0.97, , , , ,655.0,654.77,14820.0,200.0, , , ,
428,2018-05-02 09:51:40,-0.02,0.59,-0.03,0.04,0.39,-0.52,0.47,0.44,0.5,1.26,-0.6, , , , ,655.0,654.71,14720.0,100.0, , , ,
429,2018-05-02 09:51:43,0.14,1.03,0.2,0.44,0.49,-0.16,0.92,0.33,0.37,1.72,-0.4, , , , ,655.0,654.71,14420.0,300.0, , , ,
430,2018-05-02 09:51:46,-0.06,1.29,0.02,0.76,0.56,-0.71,1.39,0.48,0.5,1.7,-0.17, , , , ,654.99,654.71,200.0,235.0, , , ,
431,2018-05-02 09:51:49,-0.38,0.8,-0.28,0.42,0.55,-0.95,0.75,0.62,0.1,1.21,0.09, , , , ,654.99,654.69,300.0,200.0, , , ,
432,2018-05-02 09:51:52,-0.37,0.56,-0.34,0.44,0.76,-0.69,0.17,0.96,-0.07,1.08,0.44, , , , ,654.72,654.69,200.0,800.0, , , ,
433,2018-05-02 09:51:55,-0.14,0.62,0.11,0.37,0.6,-0.59,0.27,0.84,0.05,1.23,0.12, , , , ,654.99,654.69,100.0,400.0, , , ,
434,2018-05-02 09:51:58,-0.21,0.65,-0.33,0.39,0.86,-0.53,0.52,1.1,0.21,1.02,0.33, , , , ,654.71,654.69,100.0,3100.0, , , ,
435,2018-05-02 09:52:01,-0.34,0.74,-0.52,0.31,0.69,-0.78,0.79,0.98,0.28,1.12,0.35, , , , ,654.72,654.7,100.0,100.0, , , ,
436,2018-05-02 09:52:04,-0.65,0.12,-0.93,-0.1,0.77,-0.89,-0.11,0.85,-0.13,0.58,0.33, , , , ,654.72,654.69,100.0,1700.0, , , ,
437,2018-05-02 09:52:07,-0.64,0.48,-0.59,0.05,0.24,-1.13,0.36,0.32,-0.19,1.03,-0.01, , , , ,655.0,654.99,13920.0,100.0, , , ,
438,2018-05-02 09:52:10,-0.2,0.97,0.07,0.43,0.38,-0.83,1.16,0.43,0.16,1.33,0.16, , , , ,655.0,654.72,12920.0,100.0, , , ,
439,2018-05-02 09:52:13,-0.19,0.78,-0.15,0.26,0.78,-0.63,0.7,0.68,0.2,1.37,0.3, , , , ,655.0,654.5,12920.0,100.0, , , ,
440,2018-05-02 09:52:16,-0.16,0.66,0.12,0.21,0.67,-0.54,0.63,0.61,-0.05,1.15,-0.04, , , , ,654.99,654.72,100.0,2500.0, , , ,
441,2018-05-02 09:52:19,-0.13,0.72,0.27,0.42,0.79,-0.63,0.57,0.54,-0.04,1.15,-0.22, , , , ,654.99,654.72,200.0,2500.0, , , ,
442,2018-05-02 09:52:22,-0.33,0.96,-0.19,0.51,1.02,-0.7,0.97,0.46,-0.09,1.4,-0.41, , , , ,655.0,654.7,12320.0,400.0, , , ,
443,2018-05-02 09:52:25,-0.52,0.79,-0.49,0.24,1.37,-0.98,0.77,0.6,-0.08,1.36,-0.17, , , , ,654.7,654.69,200.0,100.0, , , ,
444,2018-05-02 09:52:28,-0.56,0.43,-0.64,-0.0,1.38,-0.68,0.04,0.51,-0.35,1.25,-0.03, , , , ,654.7,654.69,500.0,1900.0, , , ,
445,2018-05-02 09:52:31,-0.38,0.39,-0.38,0.08,1.4,-0.67,-0.05,0.5,-0.1,1.13,0.17, , , , ,654.7,654.69,300.0,1100.0, , , ,
446,2018-05-02 09:52:34,0.67,2.09,0.47,1.42,0.57,1.25,2.59,0.07,0.27,2.25,-0.15,2500.0,655.02,1200.0,-1206.0,655.06,655.0,100.0,3080.0, ,2018-05-02 09:52:35.565000,2018-05-02 09:52:39.366000,
447,2018-05-02 09:52:37,1.67,2.57,1.76,1.69,0.26,1.92,3.07,0.03,1.33,2.93,-0.46,1300.0,655.2,1300.0,94.0,655.2,655.02,1500.0,1300.0, ,2018-05-02 09:52:39.367000,2018-05-02 09:52:40.232000,
448,2018-05-02 09:52:40,1.59,2.55,1.5,1.53,0.07,2.27,3.21,0.14,1.01,2.91,-0.3,200.0,655.2,200.0,294.0,655.2,655.0,200.0,2780.0, ,2018-05-02 09:52:41.467000,2018-05-02 09:52:42.729000,
449,2018-05-02 09:52:43,1.73,2.49,1.93,1.55,-0.18,2.22,3.26,0.09,1.06,2.65,-0.38,100.0,655.36,100.0,394.0,655.36,655.01,100.0,2000.0, ,2018-05-02 09:52:44.439000,2018-05-02 09:52:45.247000,
450,2018-05-02 09:52:46,1.65,2.52,1.99,1.58,-0.21,2.21,3.45,-0.09,0.74,2.53,-0.48, , , , ,655.4,655.2,200.0,8600.0, , , ,
451,2018-05-02 09:52:49,1.73,2.55,1.82,1.76,-0.08,2.42,3.34,-0.18,0.94,2.54,-0.19,300.0,655.4,300.0,694.0,655.4,655.2,300.0,7700.0, ,2018-05-02 09:52:50.467000,2018-05-02 09:52:51.929000,
452,2018-05-02 09:52:52,0.71,1.66,0.64,0.93,0.5,1.41,2.08,0.18,0.09,1.96,0.25, , , , ,655.01,655.0,100.0,1480.0, , , ,
453,2018-05-02 09:52:55,-0.15,0.64,-0.24,0.49,0.27,0.33,0.44,-0.29,-0.55,0.97,-0.07, , , , ,655.44,655.0,5900.0,1080.0, , , ,
454,2018-05-02 09:52:58,0.26,0.93,0.38,0.76,0.0,0.83,1.08,-0.76,-0.43,0.96,-0.29, , , , ,655.44,655.4,1000.0,100.0, , , ,
455,2018-05-02 09:53:01,0.03,0.62,-0.08,0.59,-0.1,0.58,0.59,-0.83,-0.42,0.7,-0.32, , , , ,655.43,655.4,100.0,100.0, , , ,
456,2018-05-02 09:53:04,-0.08,0.62,-0.15,0.7,1.02,0.69,0.27,0.28,-0.77,0.9,0.43, , , , ,654.69,654.5,20.0,100.0, , , ,
457,2018-05-02 09:53:07,-0.41,0.81,-0.63,0.71,-0.33,0.39,0.74,-1.04,-0.98,0.98,-1.32, , , , ,655.44,655.4,620.0,200.0, , , ,
458,2018-05-02 09:53:10,-0.08,0.82,-0.16,0.6,-0.08,0.86,1.24,-0.8,-0.93,0.64,-1.54, , , , ,655.38,655.01,300.0,4700.0, , , ,
459,2018-05-02 09:53:13,0.28,1.52,0.3,0.96,-0.04,1.09,1.91,-1.04,-0.56,1.68,-2.06, , , , ,655.44,655.01,120.0,4800.0, , , ,
460,2018-05-02 09:53:16,0.51,1.69,0.17,0.71,0.05,1.64,2.04,-1.04,-0.27,2.32,-2.06, , , , ,655.44,655.01,120.0,4800.0, , , ,
461,2018-05-02 09:53:19,0.79,1.63,0.81,0.94,-0.49,1.59,2.12,-1.6,-0.04,1.83,-2.58, , , , ,656.0,655.05,5173.0,100.0, , , ,
462,2018-05-02 09:53:22,0.9,1.81,0.91,1.19,-0.54,1.77,2.53,-1.54,0.01,1.71,-2.54, , , , ,656.0,655.01,5173.0,4800.0, , , ,
463,2018-05-02 09:53:25,1.11,1.84,0.98,1.28,-1.14,2.2,2.56,-2.09,0.16,1.67,-3.08, , , , ,656.0,655.67,5173.0,1400.0, , , ,
464,2018-05-02 09:53:28,1.28,2.52,1.44,1.73,-0.73,2.34,3.2,-1.8,0.05,2.62,-2.67, , , , ,656.0,655.01,673.0,4200.0, , , ,
465,2018-05-02 09:53:31,1.54,2.46,1.52,1.76,-0.81,2.67,2.93,-1.9,0.44,2.69,-2.78, , , , ,655.67,655.44,200.0,100.0, , , ,
466,2018-05-02 09:53:34,1.46,2.32,1.45,1.52,-0.7,2.58,2.87,-1.99,0.36,2.57,-3.0, , , , ,655.67,655.4,300.0,100.0, , , ,
467,2018-05-02 09:53:37,0.75,1.85,0.87,1.28,0.18,1.51,2.27,-1.28,-0.13,2.0,-2.42, , , , ,655.02,655.0,1700.0,88.0, , , ,
468,2018-05-02 09:53:40,0.37,1.8,0.54,1.13,0.28,1.21,1.84,-1.38,-0.63,2.42,-2.69, , , , ,655.02,655.0,1500.0,199.0, , , ,
469,2018-05-02 09:53:43,0.27,1.54,0.36,0.86,0.35,0.87,1.44,-1.61,-0.41,2.31,-2.95, , , , ,655.02,655.01,600.0,100.0, , , ,
470,2018-05-02 09:53:46,0.23,1.64,0.11,0.77,-0.01,0.74,1.87,-2.2,-0.15,2.26,-3.4, , , , ,655.49,655.01,100.0,300.0, , , ,
471,2018-05-02 09:53:49,0.29,1.45,-0.03,0.7,-0.31,0.8,1.62,-2.52,0.11,2.02,-3.76, , , , ,655.67,655.1,200.0,100.0, , , ,
472,2018-05-02 09:53:52,0.11,1.39,-0.35,0.31,-0.32,0.8,1.45,-2.55,-0.11,2.39,-3.75, , , , ,655.67,655.01,100.0,300.0, , , ,
473,2018-05-02 09:53:55,-0.15,0.87,-0.31,0.27,-0.5,0.1,0.75,-2.63,-0.24,1.58,-3.84, , , , ,655.69,655.02,200.0,100.0, , , ,
474,2018-05-02 09:53:58,0.24,1.36,0.06,0.64,-0.86,0.91,1.57,-2.96,-0.25,1.86,-4.07, , , , ,655.5,655.49,100.0,300.0, , , ,
475,2018-05-02 09:54:01,0.49,1.27,0.2,0.74,-0.96,1.18,1.63,-3.1,0.08,1.44,-3.72, , , , ,655.5,655.49,100.0,100.0, , , ,
476,2018-05-02 09:54:04,0.25,1.57,0.22,0.93,-0.42,0.55,1.83,-2.67,-0.01,1.95,-2.71, , , , ,655.1,655.02,200.0,100.0, , , ,
477,2018-05-02 09:54:07,-0.3,1.16,-0.25,0.83,-0.42,-0.25,1.01,-2.75,-0.4,1.65,-2.48, , , , ,655.02,655.01,300.0,600.0, , , ,
478,2018-05-02 09:54:10,-0.48,0.71,-0.56,0.52,-0.89,-0.13,0.38,-3.15,-0.74,1.24,-2.75, , , , ,655.49,655.01,300.0,400.0, , , ,
479,2018-05-02 09:54:13,-0.76,0.45,-0.75,0.31,-1.08,-0.61,0.17,-2.51,-0.92,0.88,-2.88, , , , ,655.49,655.02,300.0,100.0, , , ,
480,2018-05-02 09:54:16,-0.83,0.74,-0.84,0.21,-1.1,-0.84,0.37,-1.86,-0.8,1.63,-3.01, , , , ,655.49,655.05,300.0,100.0, , , ,
481,2018-05-02 09:54:19,-1.04,0.34,-0.84,-0.0,-1.19,-1.58,-0.27,-1.42,-0.69,1.29,-2.94, , , , ,655.49,655.02,100.0,200.0, , , ,
482,2018-05-02 09:54:22,-0.76,0.39,-0.55,0.14,-0.82,-1.19,0.06,-0.63,-0.52,0.99,-2.4, , , , ,655.05,655.02,200.0,100.0, , , ,
483,2018-05-02 09:54:25,-0.61,0.32,-0.62,0.1,-0.88,-0.87,0.01,-0.88,-0.33,0.86,-2.62, , , , ,655.05,655.03,200.0,200.0, , , ,
484,2018-05-02 09:54:28,-0.49,0.51,-0.75,0.09,-1.07,-0.35,0.26,-1.22,-0.37,1.18,-2.81, , , , ,655.05,655.0,100.0,400.0, , , ,
485,2018-05-02 09:54:31,-0.68,0.22,-0.65,-0.03,-1.07,-1.04,-0.11,-1.16,-0.35,0.8,-2.93, , , , ,655.03,655.0,500.0,500.0, , , ,
486,2018-05-02 09:54:34,-0.82,0.1,-0.8,-0.09,-1.19,-1.12,-0.38,-1.15,-0.55,0.78,-3.33, , , , ,655.02,655.0,100.0,300.0, , , ,
487,2018-05-02 09:54:37,-0.72,-0.04,-0.74,-0.03,-1.65,-0.78,-0.54,-1.52,-0.64,0.46,-3.67, , , , ,655.45,655.05,100.0,1500.0, , , ,
488,2018-05-02 09:54:40,-0.57,0.17,-0.6,0.06,-1.74,-0.54,-0.25,-1.19,-0.56,0.7,-3.65, , , , ,655.45,655.05,200.0,1000.0, , , ,
489,2018-05-02 09:54:43,-0.52,-0.03,-0.59,-0.05,-1.98,-0.48,-0.56,-1.0,-0.51,0.51,-3.66, , , , ,655.45,655.06,200.0,100.0, , , ,
490,2018-05-02 09:54:46,-0.69,-0.09,-0.62,0.05,-2.17,-0.68,-0.73,-0.74,-0.76,0.39,-3.5, , , , ,655.4,655.06,100.0,100.0, , , ,
491,2018-05-02 09:54:49,-0.68,-0.2,-0.56,0.01,-2.31,-0.71,-0.83,-0.54,-0.78,0.22,-3.54,-600.0,655.43,-0.0,694.0,655.45,655.05,100.0,600.0, ,2018-05-02 09:54:50.465000,2018-05-02 09:54:53.915000,
492,2018-05-02 09:54:52,-0.82,0.01,-0.72,0.12,-2.02,-0.91,-0.63,0.0,-0.82,0.55,-3.15, , , , ,655.0,654.99,3700.0,7499.0, , , ,
493,2018-05-02 09:54:55,-1.14,-0.17,-0.99,-0.06,-2.12,-1.52,-0.71,-0.17,-0.9,0.25,-3.22, , , , ,655.05,655.0,100.0,100.0, , , ,
494,2018-05-02 09:54:58,-1.53,-0.68,-1.51,-0.41,-1.98,-1.68,-1.4,0.1,-1.39,-0.23,-2.99,-600.0,654.88,-200.0,494.0,654.9,654.8,3501.0,100.0, ,2018-05-02 09:54:59.452000,2018-05-02 09:55:02.953000,
495,2018-05-02 09:55:01,-1.77,-1.05,-1.7,-0.76,-2.1,-1.96,-1.79,0.15,-1.64,-0.6,-3.15,-400.0,654.8,-100.0,394.0,654.88,654.8,400.0,200.0, ,2018-05-02 09:55:02.953000,2018-05-02 09:55:05.997000,
496,2018-05-02 09:55:04,-1.71,-1.04,-1.84,-0.76,-2.21,-1.49,-1.67,0.25,-1.8,-0.69,-3.21,-300.0,654.71,-200.0,194.0,654.8,654.71,300.0,100.0, ,2018-05-02 09:55:05.997000,2018-05-02 09:55:09.051000,
497,2018-05-02 09:55:07,-1.77,-1.09,-1.83,-0.94,-2.25,-1.86,-1.46,0.46,-1.62,-0.88,-3.45,-100.0,654.67,-0.0,194.0,654.71,654.67,100.0,200.0, ,2018-05-02 09:55:09.051000,2018-05-02 09:55:12.064000,
498,2018-05-02 09:55:10,-1.89,-1.09,-2.01,-0.83,-2.26,-1.9,-1.71,0.46,-1.76,-0.72,-3.64,-100.0,654.66,-0.0,194.0,654.67,654.66,200.0,100.0, ,2018-05-02 09:55:12.064000,2018-05-02 09:55:15.101000,
499,2018-05-02 09:55:13,-1.8,-0.91,-1.91,-0.66,-1.47,-2.09,-1.28,0.57,-1.4,-0.79,-3.46,-100.0,654.5,-100.0,94.0,654.64,654.5,100.0,100.0, ,2018-05-02 09:55:15.101000,2018-05-02 09:55:16.364000,
500,2018-05-02 09:55:16,-1.42,-0.31,-1.63,-0.17,-0.32,-1.75,-0.94,0.88,-0.88,0.17,-3.31, , , , ,654.5,654.01,100.0,800.0, , , ,
501,2018-05-02 09:55:19,-1.21,-0.35,-1.38,-0.18,-0.55,-1.55,-0.78,0.02,-0.69,-0.1,-4.18, , , , ,654.71,654.67,200.0,500.0, , , ,
502,2018-05-02 09:55:22,-1.38,-0.39,-1.32,-0.19,0.36,-1.96,-0.89,0.3,-0.86,-0.1,-4.0, , , , ,654.5,654.27,100.0,100.0, , , ,
503,2018-05-02 09:55:25,-1.32,-0.55,-1.44,-0.33,-0.28,-1.57,-1.01,-0.11,-0.96,-0.32,-4.8, , , , ,654.66,654.64,100.0,100.0, , , ,
504,2018-05-02 09:55:28,-1.09,-0.29,-1.13,-0.01,0.14,-1.55,-0.91,0.83,-0.58,0.06,-4.05, , , , ,654.27,654.0,500.0,4131.0, , , ,
505,2018-05-02 09:55:31,-0.93,-0.34,-1.09,-0.13,0.18,-1.35,-0.81,1.02,-0.36,-0.09,-4.16, , , , ,654.27,654.0,200.0,3231.0, , , ,
506,2018-05-02 09:55:34,-1.07,-0.34,-1.19,-0.23,-0.11,-1.45,-0.95,0.92,-0.56,0.16,-4.38, , , , ,654.66,654.0,500.0,2131.0, , , ,
507,2018-05-02 09:55:37,-1.32,-0.71,-1.4,-0.6,-0.11,-1.61,-1.18,0.74,-0.94,-0.35,-3.8,-100.0,654.0,-0.0,94.0,654.65,654.0,1000.0,131.0, ,2018-05-02 09:55:38.468000,2018-05-02 09:55:41.723000,
508,2018-05-02 09:55:40,-1.4,-0.76,-1.38,-0.65,0.88,-1.76,-1.37,1.53,-1.05,-0.25,-2.55, , , , ,653.99,653.8,101.0,200.0, , , ,
509,2018-05-02 09:55:43,-1.39,-0.79,-1.59,-0.73,1.08,-1.72,-1.17,1.6,-0.85,-0.47,-2.08,-100.0,653.78,-100.0,-6.0,654.0,653.78,2069.0,100.0, ,2018-05-02 09:55:44.473000,2018-05-02 09:55:45.553000,
510,2018-05-02 09:55:46,-1.54,-0.84,-1.78,-0.57,1.56,-1.92,-1.46,1.94,-0.91,-0.5,-1.78,-500.0,653.66,-500.0,-506.0,653.78,653.66,800.0,800.0, ,2018-05-02 09:55:47.491000,2018-05-02 09:55:48.578000,
511,2018-05-02 09:55:49,-1.34,-0.78,-1.6,-0.52,1.81,-1.57,-1.21,2.23,-0.85,-0.6,-2.17, , , , ,653.78,653.66,207.0,100.0, , , ,
512,2018-05-02 09:55:52,-1.21,-0.68,-1.44,-0.46,2.12,-1.55,-1.33,2.4,-0.63,-0.25,-2.7, , , , ,653.61,653.6,200.0,100.0, , , ,
513,2018-05-02 09:55:55,-1.13,-0.55,-1.52,-0.32,1.97,-1.42,-1.11,2.37,-0.45,-0.23,-3.05, , , , ,653.66,653.6,300.0,100.0, , , ,
514,2018-05-02 09:55:58,-1.11,-0.51,-1.3,-0.31,2.06,-1.65,-1.03,2.54,-0.37,-0.18,-3.1, , , , ,653.6,653.54,200.0,800.0, , , ,
515,2018-05-02 09:56:01,-1.16,-0.53,-1.52,-0.5,2.34,-1.5,-0.8,2.76,-0.46,-0.3,-3.17, , , , ,653.5,653.31,100.0,100.0, , , ,
516,2018-05-02 09:56:04,-0.97,-0.28,-1.24,-0.24,2.56,-1.4,-0.6,2.49,-0.27,0.0,-2.98, , , , ,653.49,653.01,500.0,100.0, , , ,
517,2018-05-02 09:56:07,-0.8,-0.26,-1.26,-0.23,3.04,-1.19,-0.58,2.38,0.04,0.04,-2.8, , , , ,653.01,653.0,100.0,4500.0, , , ,
518,2018-05-02 09:56:10,-0.86,-0.28,-1.3,-0.32,2.68,-1.28,-0.66,1.49,-0.0,0.14,-3.29, , , , ,653.42,653.01,100.0,100.0, , , ,
519,2018-05-02 09:56:13,-0.95,-0.35,-1.27,-0.45,2.56,-1.39,-0.6,0.93,-0.18,-0.01,-3.38, , , , ,653.54,653.0,900.0,3200.0, , , ,
520,2018-05-02 09:56:16,-1.27,-0.13,-1.67,-0.11,-0.18,-1.56,-0.52,-1.64,-0.6,0.23,-6.05, , , , ,654.99,654.9,100.0,3479.0, , , ,
521,2018-05-02 09:56:19,-1.35,-0.07,-1.54,-0.13,-0.1,-1.3,-0.18,-1.42,-1.21,0.11,-6.04, , , , ,654.88,654.65,121.0,100.0, , , ,
522,2018-05-02 09:56:22,-1.27,0.16,-1.48,-0.05,0.38,-1.38,0.34,-0.74,-0.94,0.19,-5.67, , , , ,654.65,654.01,100.0,200.0, , , ,
523,2018-05-02 09:56:25,-0.79,0.07,-1.07,-0.1,0.2,-0.93,0.3,-0.97,-0.38,0.0,-6.09, , , , ,654.9,654.0,3200.0,100.0, , , ,
524,2018-05-02 09:56:28,-1.2,0.13,-1.34,0.07,0.54,-1.36,0.08,-0.86,-0.91,0.24,-6.06, , , , ,654.65,654.0,100.0,100.0, , , ,
525,2018-05-02 09:56:31,-0.46,0.84,-0.47,0.94,1.54,-0.3,0.87,-0.1,-0.59,0.72,-5.34, , , , ,654.0,653.6,300.0,69.0, , , ,
526,2018-05-02 09:56:34,-0.47,1.12,-0.91,1.0,0.73,-0.48,1.23,-1.35,-0.0,1.12,-6.45, , , , ,654.9,654.0,2200.0,300.0, , , ,
527,2018-05-02 09:56:37,-0.47,0.47,-0.86,0.49,0.55,-0.61,0.49,-1.56,0.06,0.43,-6.59, , , , ,654.9,654.0,2200.0,3800.0, , , ,
528,2018-05-02 09:56:40,-0.26,0.9,-0.68,0.88,0.91,0.05,1.09,-1.6,-0.15,0.74,-6.53, , , , ,654.6,654.0,100.0,4200.0, , , ,
529,2018-05-02 09:56:43,-0.19,0.75,-0.7,0.77,0.43,0.14,0.96,-2.41,0.0,0.51,-7.14, , , , ,654.9,654.42,2500.0,100.0, , , ,
530,2018-05-02 09:56:46,-0.05,1.09,-0.65,0.79,0.01,0.47,1.47,-2.98,0.03,1.02,-7.72, , , , ,655.0,654.95,100.0,2000.0, , , ,
531,2018-05-02 09:56:49,0.29,1.14,-0.35,0.77,0.22,0.74,1.42,-3.22,0.46,1.22,-7.86,600.0,655.02,600.0,94.0,655.06,655.0,100.0,600.0, ,2018-05-02 09:56:50.469000,2018-05-02 09:56:52.163000,
532,2018-05-02 09:56:52,-0.18,0.96,-0.72,0.73,0.38,0.15,1.04,-3.12,0.04,1.12,-7.72, , , , ,654.95,654.9,100.0,200.0, , , ,
533,2018-05-02 09:56:55,-0.26,0.6,-0.64,0.34,0.2,-0.12,0.72,-3.38,-0.01,0.75,-7.84, , , , ,655.2,654.9,300.0,500.0, , , ,
534,2018-05-02 09:56:58,0.01,1.08,-0.4,1.04,0.88,0.27,1.02,-2.8,0.16,1.18,-7.11, , , , ,654.72,654.6,200.0,100.0, , , ,
535,2018-05-02 09:57:01,0.27,1.04,-0.35,0.9,0.28,0.54,0.93,-3.0,0.64,1.28,-7.55, , , , ,655.05,655.0,400.0,400.0, , , ,
536,2018-05-02 09:57:04,-0.06,0.58,-0.66,0.5,-0.23,0.17,0.36,-2.66,0.3,0.88,-7.49, , , , ,655.05,655.0,400.0,100.0, , , ,
537,2018-05-02 09:57:07,-0.36,0.03,-0.62,0.22,-0.64,-0.45,0.1,-2.42,-0.03,-0.22,-7.5, , , , ,655.0,654.95,4500.0,100.0, , , ,
538,2018-05-02 09:57:10,-0.6,-0.02,-0.76,0.32,-1.11,-0.67,-0.16,-2.25,-0.36,-0.21,-7.45, , , , ,654.94,654.9,36.0,100.0, , , ,
539,2018-05-02 09:57:13,-0.86,-0.21,-0.87,0.21,-1.63,-1.07,-0.27,-2.4,-0.64,-0.57,-7.34, , , , ,654.99,654.9,1036.0,19.0, , , ,
540,2018-05-02 09:57:16,-1.11,-0.26,-1.12,0.11,-1.64,-1.15,-0.35,-2.52,-1.06,-0.55,-7.38, , , , ,654.99,654.9,836.0,316.0, , , ,
541,2018-05-02 09:57:19,-0.71,-0.01,-0.82,0.23,-1.0,-0.55,0.15,-1.78,-0.77,-0.4,-6.62, , , , ,654.99,654.0,636.0,400.0, , , ,
542,2018-05-02 09:57:22,-0.56,0.43,-0.6,0.71,-0.91,-0.74,0.36,-1.48,-0.34,0.23,-6.34, , , , ,654.87,654.0,38.0,400.0, , , ,
543,2018-05-02 09:57:25,-0.66,0.33,-0.7,0.53,-0.97,-0.93,0.11,-1.72,-0.36,0.35,-6.35, , , , ,654.9,654.0,338.0,300.0, , , ,
544,2018-05-02 09:57:28,-0.46,0.62,-0.58,0.59,-1.8,-0.45,0.46,-2.68,-0.35,0.82,-6.9, , , , ,655.0,654.88,1888.0,11900.0, , , ,
545,2018-05-02 09:57:31,-0.07,0.71,-0.25,0.65,-1.76,-0.02,0.76,-2.74,0.07,0.72,-6.62, , , , ,654.9,654.88,100.0,10000.0, , , ,
546,2018-05-02 09:57:34,-0.17,0.46,-0.69,0.52,-2.1,0.03,0.33,-3.24,0.16,0.53,-6.89, , , , ,655.0,654.89,2288.0,200.0, , , ,
547,2018-05-02 09:57:37,0.16,0.44,-0.38,0.34,-2.33,0.17,0.33,-3.21,0.69,0.67,-7.08, , , , ,655.0,654.9,2288.0,100.0, , , ,
548,2018-05-02 09:57:40,-0.5,0.02,-0.73,0.1,-1.84,-0.69,-0.3,-2.44,-0.08,0.27,-6.41, , , , ,654.8,654.11,1900.0,100.0, , , ,
549,2018-05-02 09:57:43,-0.82,-0.09,-0.88,-0.0,-3.29,-0.9,-0.27,-3.64,-0.68,0.01,-7.77, , , , ,655.48,655.0,1500.0,5600.0, , , ,
550,2018-05-02 09:57:46,-0.82,-0.3,-0.92,-0.13,-3.2,-0.79,-0.37,-3.33,-0.73,-0.4,-7.57, , , , ,655.24,655.0,400.0,1100.0, , , ,
551,2018-05-02 09:57:49,-0.44,-0.23,-0.81,-0.19,-3.36,-0.61,-0.35,-3.34,0.11,-0.16,-7.54, , , , ,655.24,655.0,200.0,2700.0, , , ,
552,2018-05-02 09:57:52,-0.61,-0.19,-0.88,-0.15,-3.56,-0.65,-0.34,-3.49,-0.3,-0.07,-7.61, , , , ,655.44,655.0,400.0,600.0, , , ,
553,2018-05-02 09:57:55,-0.57,-0.22,-0.76,-0.22,-3.63,-0.71,-0.21,-3.52,-0.24,-0.25,-7.43, , , , ,655.44,655.0,400.0,700.0, , , ,
554,2018-05-02 09:57:58,-0.45,-0.12,-0.71,-0.03,-3.56,-0.38,-0.01,-3.45,-0.27,-0.33,-7.15, , , , ,655.43,654.88,900.0,400.0, , , ,
555,2018-05-02 09:58:01,-0.34,-0.12,-0.61,-0.07,-3.48,-0.45,-0.06,-3.9,0.05,-0.22,-7.42, , , , ,655.43,655.24,900.0,100.0, , , ,
556,2018-05-02 09:58:04,-0.38,-0.13,-0.61,-0.0,-2.79,-0.41,0.04,-3.77,-0.13,-0.42,-6.92, , , , ,655.24,655.0,1200.0,200.0, , , ,
557,2018-05-02 09:58:07,-0.26,0.99,-0.12,1.18,-0.77,-0.19,1.26,-2.23,-0.48,0.53,-5.29, , , , ,654.0,653.77,4500.0,100.0, , , ,
558,2018-05-02 09:58:10,-0.37,1.17,-0.46,1.19,-0.67,-0.55,1.53,-2.44,-0.11,0.78,-5.48, , , , ,654.0,653.77,5200.0,500.0, , , ,
559,2018-05-02 09:58:13,-0.19,1.16,-0.51,1.21,-0.76,-0.31,1.36,-2.38,0.26,0.91,-5.29, , , , ,654.0,653.73,4700.0,400.0, , , ,
560,2018-05-02 09:58:16,-0.24,1.06,-0.44,1.17,-0.88,-0.38,1.11,-2.71,0.1,0.9,-5.46, , , , ,654.0,653.73,4700.0,300.0, , , ,
561,2018-05-02 09:58:19,0.28,1.21,-0.05,1.11,-0.82,0.04,1.28,-2.93,0.84,1.22,-5.22, , , , ,654.0,653.73,3400.0,500.0, , , ,
562,2018-05-02 09:58:22,-0.09,0.96,-0.39,1.13,-0.43,-0.51,0.71,-3.03,0.61,1.03,-4.83, , , , ,653.77,653.73,200.0,600.0, , , ,
563,2018-05-02 09:58:25,-0.37,0.53,-0.34,0.61,-0.86,-1.02,0.77,-3.64,0.24,0.22,-5.02, , , , ,654.0,653.77,11700.0,200.0, , , ,
564,2018-05-02 09:58:28,-0.61,0.44,-0.73,0.81,-0.9,-1.08,0.52,-3.49,-0.02,0.0,-4.97, , , , ,654.0,653.54,11700.0,69.0, , , ,
565,2018-05-02 09:58:31,-0.82,0.2,-0.94,0.48,-0.82,-1.06,0.39,-3.4,-0.45,-0.26,-4.78, , , , ,653.77,653.5,1200.0,869.0, , , ,
566,2018-05-02 09:58:34,-0.74,0.29,-0.86,0.56,-1.25,-1.06,0.34,-3.35,-0.29,-0.04,-5.03, , , , ,653.77,653.53,100.0,100.0, , , ,
567,2018-05-02 09:58:37,-0.63,0.12,-0.63,-0.09,-0.56,-1.06,0.31,-2.1,-0.2,0.15,-4.56, , , , ,653.42,653.0,600.0,8269.0, , , ,
568,2018-05-02 09:58:40,-0.9,0.02,-0.92,0.07,-0.54,-1.08,0.12,-1.5,-0.7,-0.12,-4.62, , , , ,653.42,653.0,600.0,6269.0, , , ,
569,2018-05-02 09:58:43,-1.23,-0.22,-1.37,-0.46,-0.12,-1.35,0.01,-0.61,-0.97,-0.22,-4.33, , , , ,652.96,652.9,1031.0,100.0, , , ,
570,2018-05-02 09:58:46,-1.05,0.02,-1.12,0.05,-0.07,-1.11,0.21,-0.65,-0.9,-0.2,-4.4, , , , ,653.0,652.96,2031.0,688.0, , , ,
571,2018-05-02 09:58:49,-0.69,0.19,-0.78,0.01,-0.07,-1.05,0.45,-1.04,-0.23,0.11,-4.4, , , , ,653.0,652.96,1631.0,388.0, , , ,
572,2018-05-02 09:58:52,-0.75,0.08,-0.88,0.08,0.21,-0.96,0.43,-1.44,-0.42,-0.28,-4.05, , , , ,652.9,652.68,300.0,600.0, , , ,
573,2018-05-02 09:58:55,-0.85,0.0,-0.92,-0.05,0.18,-1.01,0.21,-1.77,-0.64,-0.15,-3.88, , , , ,652.9,652.68,1000.0,600.0, , , ,
574,2018-05-02 09:58:58,-0.61,0.15,-0.77,0.14,0.16,-0.77,0.54,-1.92,-0.29,-0.22,-3.7, , , , ,652.9,652.69,400.0,200.0, , , ,
575,2018-05-02 09:59:01,-0.29,0.24,-0.47,0.12,-0.23,-0.7,0.67,-2.45,0.3,-0.07,-3.68, , , , ,652.96,652.9,12.0,600.0, , , ,
576,2018-05-02 09:59:04,-0.52,0.51,-1.02,0.47,-1.61,-0.74,0.98,-3.68,0.21,0.08,-4.83, , , , ,654.0,653.42,8204.0,200.0, , , ,
577,2018-05-02 09:59:07,-0.71,0.68,-1.08,0.63,-1.96,-0.89,0.96,-3.88,-0.15,0.47,-4.91, , , , ,654.0,653.42,7904.0,600.0, , , ,
578,2018-05-02 09:59:10,-0.24,1.07,-0.34,0.96,-1.39,-0.51,1.54,-3.25,0.13,0.71,-4.05, , , , ,653.39,653.0,300.0,200.0, , , ,
579,2018-05-02 09:59:13,0.31,0.97,0.02,0.8,-1.33,0.05,1.19,-3.24,0.88,0.92,-4.02, , , , ,653.39,652.96,100.0,200.0, , , ,
580,2018-05-02 09:59:16,0.18,0.87,-0.38,0.77,-2.01,0.18,1.32,-3.71,0.73,0.53,-4.27, , , , ,653.42,653.39,200.0,1700.0, , , ,
581,2018-05-02 09:59:19,0.04,0.82,-0.28,0.8,-2.23,0.01,1.1,-3.97,0.39,0.55,-4.17, , , , ,653.42,653.39,200.0,300.0, , , ,
582,2018-05-02 09:59:22,0.0,0.71,-0.26,0.74,-2.41,-0.13,0.98,-4.17,0.4,0.42,-4.08, , , , ,653.99,652.7,100.0,300.0, , , ,
583,2018-05-02 09:59:25,-0.21,0.54,-0.6,0.57,-3.37,-0.53,0.78,-4.97,0.5,0.26,-4.62, , , , ,654.0,653.42,7604.0,100.0, , , ,
584,2018-05-02 09:59:28,-0.5,0.39,-0.47,0.64,-2.08,-0.61,0.65,-3.8,-0.42,-0.12,-3.18, , , , ,653.0,652.68,8100.0,600.0, , , ,
585,2018-05-02 09:59:31,-0.16,0.5,-0.12,0.66,-2.19,-0.17,0.7,-3.88,-0.2,0.12,-3.1, , , , ,653.0,652.68,7500.0,900.0, , , ,
586,2018-05-02 09:59:34,-0.13,0.41,-0.29,0.55,-2.35,-0.19,0.68,-4.24,0.09,0.0,-3.33, , , , ,653.0,652.99,7300.0,100.0, , , ,
587,2018-05-02 09:59:37,-0.4,0.1,-0.39,0.23,-1.23,-0.5,0.42,-3.83,-0.31,-0.34,-2.76, , , , ,652.66,652.62,100.0,100.0, , , ,
588,2018-05-02 09:59:40,-0.45,0.22,-0.6,0.4,-1.03,-0.39,0.58,-4.39,-0.36,-0.34,-3.24, , , , ,653.0,652.8,6840.0,900.0, , , ,
589,2018-05-02 09:59:43,-0.67,0.06,-0.86,-0.04,-0.56,-0.75,0.46,-4.46,-0.4,-0.25,-2.88, , , , ,653.0,652.8,6940.0,1200.0, , , ,
590,2018-05-02 09:59:46,-0.79,0.02,-0.84,0.13,-0.64,-0.82,0.39,-4.69,-0.71,-0.47,-2.6, , , , ,653.0,652.95,6140.0,100.0, , , ,
591,2018-05-02 09:59:49,-0.56,-0.02,-0.63,-0.04,-1.03,-0.7,0.34,-4.74,-0.37,-0.36,-2.58, , , , ,653.0,652.95,5840.0,200.0, , , ,
592,2018-05-02 09:59:52,-0.53,0.07,-0.72,0.06,-1.58,-0.62,0.46,-4.61,-0.26,-0.32,-2.42, , , , ,652.95,652.8,200.0,500.0, , , ,
593,2018-05-02 09:59:55,-0.73,0.19,-0.8,0.25,-1.94,-0.9,0.5,-4.58,-0.49,-0.19,-2.91, , , , ,653.0,652.8,5940.0,100.0, , , ,
594,2018-05-02 09:59:58,-0.44,0.43,-0.71,0.51,-2.07,-0.48,0.73,-4.43,-0.13,0.05,-2.66, , , , ,653.0,652.8,5740.0,186.0, , , ,
595,2018-05-02 10:00:01,-0.33,0.45,-0.76,0.49,-2.4,-0.25,0.74,-4.33,0.02,0.13,-2.03, , , , ,653.0,652.8,8040.0,100.0, , , ,
596,2018-05-02 10:00:04,-0.3,0.45,-0.51,0.54,-1.7,-0.26,0.65,-3.51,-0.13,0.16,-0.66, , , , ,652.8,652.03,300.0,400.0, , , ,
597,2018-05-02 10:00:07,-0.1,0.42,-0.24,0.46,-1.86,-0.07,0.62,-3.57,-0.01,0.17,0.07, , , , ,652.75,652.03,700.0,600.0, , , ,
598,2018-05-02 10:00:10,-0.14,0.48,-0.35,0.55,-1.45,-0.1,0.67,-3.03,0.02,0.21,0.31, , , , ,652.03,652.0,300.0,6700.0, , , ,
599,2018-05-02 10:00:13,-0.19,0.59,-0.45,0.65,-1.95,-0.24,0.98,-3.37,0.12,0.13,-0.56, , , , ,653.0,651.66,1715.0,100.0, , , ,
600,2018-05-02 10:00:16,-0.23,0.67,-0.48,0.73,-2.33,-0.11,0.97,-3.66,-0.11,0.32,-1.24, , , , ,653.0,652.01,1715.0,200.0, , , ,
601,2018-05-02 10:00:19,0.12,0.88,0.0,0.9,-1.08,0.14,1.16,-2.08,0.22,0.58,-0.23, , , , ,652.03,651.0,100.0,6400.0, , , ,
602,2018-05-02 10:00:22,0.23,1.13,-0.28,1.14,-1.26,0.35,1.55,-1.77,0.63,0.71,-0.31, , , , ,651.63,651.25,100.0,500.0, , , ,
603,2018-05-02 10:00:25,-0.23,0.64,-1.08,0.8,-1.79,-0.28,0.77,-2.04,0.66,0.35,-0.72, , , , ,652.0,651.25,800.0,700.0, , , ,
604,2018-05-02 10:00:28,-0.17,0.96,-0.66,1.08,-1.66,-0.3,1.33,-1.56,0.46,0.48,-0.57, , , , ,651.63,651.25,100.0,700.0, , , ,
605,2018-05-02 10:00:31,0.35,1.15,-0.05,0.94,-1.73,0.41,1.47,-1.36,0.68,1.03,-0.57, , , , ,651.63,651.25,100.0,400.0, , , ,
606,2018-05-02 10:00:34,0.29,1.19,-0.28,0.88,-1.42,0.16,1.6,-1.1,1.0,1.09,-0.2, , , , ,651.25,651.05,1200.0,100.0, , , ,
607,2018-05-02 10:00:37,0.04,0.91,-0.63,0.75,-2.58,-0.26,1.1,-2.31,1.02,0.87,-1.29, , , , ,652.0,651.63,200.0,1400.0, , , ,
608,2018-05-02 10:00:40,-0.73,0.93,-1.75,0.77,-4.46,-0.89,1.14,-4.1,0.44,0.89,-3.08, , , , ,652.95,652.93,1400.0,100.0, , , ,
609,2018-05-02 10:00:43,-0.92,1.02,-1.75,0.7,-4.63,-0.97,1.3,-4.37,-0.03,1.04,-3.3, , , , ,653.01,653.0,100.0,585.0, , , ,
610,2018-05-02 10:00:46,-0.45,1.36,-0.92,1.13,-3.75,-0.75,1.79,-3.38,0.31,1.17,-2.37, , , , ,652.9,651.83,315.0,300.0, , , ,
611,2018-05-02 10:00:49,0.05,1.49,-0.53,1.29,-3.12,-0.23,1.94,-2.66,0.92,1.23,-1.81, , , , ,652.0,651.83,2100.0,300.0, , , ,
612,2018-05-02 10:00:52,0.1,1.38,-0.37,1.05,-3.14,-0.01,1.97,-2.58,0.68,1.12,-1.98, , , , ,652.0,651.83,1700.0,200.0, , , ,
613,2018-05-02 10:00:55,0.98,1.77,0.59,1.62,-1.94,1.01,2.07,-1.28,1.32,1.63,-0.96,200.0,651.25,200.0,294.0,651.25,651.11,200.0,100.0, ,2018-05-02 10:00:56.491000,2018-05-02 10:00:57.487000,
614,2018-05-02 10:00:58,0.97,1.82,0.62,1.57,-2.35,0.77,2.3,-1.65,1.52,1.57,-1.6, , , , ,651.83,651.25,500.0,100.0, , , ,
615,2018-05-02 10:01:01,0.79,1.76,0.14,1.42,-2.25,0.61,2.15,-1.64,1.64,1.71,-1.62, , , , ,651.83,651.25,400.0,100.0, , , ,
616,2018-05-02 10:01:04,0.68,1.77,0.13,1.51,-1.46,0.55,2.25,-0.74,1.37,1.56,-0.94, , , , ,651.11,651.03,100.0,100.0, , , ,
617,2018-05-02 10:01:07,0.5,1.65,0.04,1.43,-1.54,0.52,1.92,-0.98,0.93,1.59,-0.97, , , , ,651.11,651.02,100.0,400.0, , , ,
618,2018-05-02 10:01:10,0.42,1.3,-0.12,1.16,-1.51,0.32,1.6,-1.12,1.08,1.14,-0.88, , , , ,651.03,651.02,200.0,300.0, , , ,
619,2018-05-02 10:01:13,0.36,1.26,-0.11,1.16,-1.52,0.35,1.57,-1.11,0.84,1.04,-0.99, , , , ,651.25,651.0,2700.0,6671.0, , , ,
620,2018-05-02 10:01:16,0.41,1.19,-0.04,1.1,-1.38,0.31,1.5,-1.1,0.95,0.97,-0.66, , , , ,651.03,651.0,100.0,6671.0, , , ,
621,2018-05-02 10:01:19,-0.07,0.9,-0.52,0.74,-0.94,0.0,1.13,-0.49,0.31,0.82,-0.12, , , , ,651.0,650.54,5529.0,100.0, , , ,
622,2018-05-02 10:01:22,-0.27,0.74,-0.44,0.65,-0.07,-0.46,0.91,0.42,0.08,0.66,0.76, , , , ,650.5,650.15,200.0,400.0, , , ,
623,2018-05-02 10:01:25,0.03,0.62,-0.31,0.5,-0.12,-0.12,0.91,0.36,0.52,0.44,0.44, , , , ,650.59,650.15,100.0,600.0, , , ,
624,2018-05-02 10:01:28,-0.26,0.43,-0.56,0.33,0.08,-0.26,0.78,0.23,0.04,0.19,0.13, , , , ,650.59,650.15,100.0,600.0, , , ,
625,2018-05-02 10:01:31,-0.16,0.57,-0.5,0.44,0.28,-0.05,0.88,0.21,0.07,0.39,-0.07, , , , ,650.59,650.15,100.0,400.0, , , ,
626,2018-05-02 10:01:34,-0.08,0.6,-0.43,0.52,0.47,-0.09,0.91,0.36,0.27,0.36,0.35, , , , ,650.15,650.1,1000.0,500.0, , , ,
627,2018-05-02 10:01:37,-0.76,-0.06,-1.27,-0.38,0.4,-0.74,0.43,0.27,-0.26,-0.22,0.46,-200.0,650.08,-0.0,294.0,650.1,650.0,100.0,3605.0, ,2018-05-02 10:01:38.528000,2018-05-02 10:01:41.985000,
628,2018-05-02 10:01:40,-1.13,-0.41,-1.23,-0.72,0.41,-1.35,-0.04,0.32,-0.81,-0.46,0.84,-200.0,649.99,-200.0,94.0,650.0,649.99,11995.0,100.0, ,2018-05-02 10:01:41.985000,2018-05-02 10:01:43.314000,
629,2018-05-02 10:01:43,-0.9,-0.19,-0.97,-0.36,0.31,-1.08,0.06,0.23,-0.66,-0.27,1.02, , , , ,650.0,649.9,11295.0,7000.0, , , ,
630,2018-05-02 10:01:46,-0.87,-0.02,-1.03,-0.12,0.35,-1.15,0.17,0.26,-0.44,-0.1,0.77, , , , ,649.99,649.88,100.0,500.0, , , ,
631,2018-05-02 10:01:49,-0.77,-0.17,-1.11,-0.27,0.6,-0.8,0.16,0.48,-0.41,-0.4,1.01, , , , ,649.88,649.7,500.0,1700.0, , , ,
632,2018-05-02 10:01:52,-0.58,0.13,-0.76,0.08,0.59,-0.68,0.6,0.45,-0.3,-0.3,0.62, , , , ,650.0,649.7,4452.0,1700.0, , , ,
633,2018-05-02 10:01:55,0.27,0.67,0.22,0.75,0.69,0.05,1.09,0.55,0.54,0.17,0.34, , , , ,650.0,649.8,4252.0,200.0, , , ,
634,2018-05-02 10:01:58,0.58,1.01,0.35,0.96,0.54,0.38,1.4,0.4,1.01,0.67,0.28, , , , ,650.13,650.1,1200.0,3200.0, , , ,
635,2018-05-02 10:02:01,0.78,1.23,0.6,1.2,0.47,0.44,1.66,0.55,1.31,0.83,0.5,100.0,650.17,100.0,194.0,650.17,650.16,100.0,1100.0, ,2018-05-02 10:02:02.487000,2018-05-02 10:02:03.595000,
636,2018-05-02 10:02:04,0.71,1.28,0.46,1.25,0.71,0.54,1.82,0.65,1.13,0.78,1.04, , , , ,650.15,650.1,1200.0,100.0, , , ,
637,2018-05-02 10:02:07,0.72,1.33,0.53,1.26,0.54,0.45,1.78,0.65,1.18,0.96,1.59, , , , ,650.2,649.96,200.0,48.0, , , ,
638,2018-05-02 10:02:10,0.46,1.16,0.4,1.03,0.65,0.18,1.53,1.03,0.79,0.91,1.91, , , , ,650.1,649.66,100.0,1248.0, , , ,
639,2018-05-02 10:02:13,0.42,1.14,0.35,1.17,0.49,0.13,1.52,0.72,0.8,0.73,1.78, , , , ,650.16,650.0,100.0,3100.0, , , ,
640,2018-05-02 10:02:16,0.45,1.26,0.21,1.32,-0.31,0.27,1.72,0.19,0.88,0.73,0.97, , , , ,650.99,650.0,1100.0,4200.0, , , ,
641,2018-05-02 10:02:19,0.47,1.34,0.27,1.4,0.68,0.3,1.82,1.04,0.82,0.8,1.54, , , , ,650.02,650.0,500.0,3300.0, , , ,
642,2018-05-02 10:02:22,0.8,1.38,0.66,1.31,0.83,0.52,1.8,0.96,1.24,1.02,1.26, , , , ,650.12,650.0,300.0,3300.0, , , ,
643,2018-05-02 10:02:25,0.63,1.37,0.14,1.42,0.05,0.47,1.84,0.18,1.29,0.85,-0.01, , , , ,650.99,650.15,1100.0,200.0, , , ,
644,2018-05-02 10:02:28,-0.15,1.11,-0.6,1.29,-0.04,-0.09,1.62,0.34,0.23,0.41,-0.29, , , , ,650.99,650.1,1100.0,100.0, , , ,
645,2018-05-02 10:02:31,0.04,1.15,-0.09,1.31,0.01,0.01,1.61,0.47,0.18,0.53,-0.55, , , , ,650.99,650.03,900.0,100.0, , , ,
646,2018-05-02 10:02:34,0.01,1.1,-0.17,1.27,-0.33,-0.23,1.41,0.37,0.44,0.62,-0.97, , , , ,650.99,650.16,200.0,100.0, , , ,
647,2018-05-02 10:02:37,0.1,1.16,0.03,1.4,0.22,-0.12,1.59,1.16,0.39,0.48,-0.27, , , , ,650.16,650.01,700.0,100.0, , , ,
648,2018-05-02 10:02:40,0.55,1.22,0.42,1.38,0.21,0.47,1.71,1.12,0.76,0.58,-0.27, , , , ,650.11,650.01,700.0,100.0, , , ,
649,2018-05-02 10:02:43,0.56,1.31,0.24,1.46,-0.35,0.52,1.9,1.06,0.92,0.56,-0.7, , , , ,650.5,650.15,300.0,100.0, , , ,
650,2018-05-02 10:02:46,0.33,1.12,0.31,1.29,-0.05,0.2,1.55,1.77,0.49,0.52,-0.47, , , , ,650.15,650.11,400.0,500.0, , , ,
651,2018-05-02 10:02:49,0.44,1.16,0.39,1.28,-0.04,0.36,1.62,1.78,0.58,0.59,-0.51, , , , ,650.15,650.11,200.0,600.0, , , ,
652,2018-05-02 10:02:52,0.32,1.13,0.36,1.21,0.01,0.14,1.54,1.79,0.48,0.65,-0.52, , , , ,650.16,650.11,100.0,500.0, , , ,
653,2018-05-02 10:02:55,-0.02,0.87,-0.09,0.96,-0.46,-0.27,1.24,0.69,0.28,0.42,-1.22, , , , ,651.0,650.11,700.0,400.0, , , ,
654,2018-05-02 10:02:58,-0.21,0.77,-0.09,0.87,-0.3,-0.65,1.02,0.9,0.12,0.43,-1.22, , , , ,651.0,650.15,700.0,500.0, , , ,
655,2018-05-02 10:03:01,-0.04,0.88,-0.15,1.02,-0.12,-0.27,1.2,1.49,0.29,0.41,-1.3, , , , ,651.03,650.18,100.0,100.0, , , ,
656,2018-05-02 10:03:04,0.12,1.06,0.13,1.21,0.61,-0.06,1.35,2.81,0.28,0.63,-0.68, , , , ,650.16,650.15,1400.0,700.0, , , ,
657,2018-05-02 10:03:07,-0.25,1.02,-0.49,1.2,-0.79,-0.27,1.3,2.18,0.02,0.57,-2.06, , , , ,651.15,650.88,100.0,900.0, , , ,
658,2018-05-02 10:03:10,-0.49,0.81,-0.31,0.95,0.93,-0.62,0.95,3.5,-0.55,0.55,-0.04, , , , ,650.0,649.89,3300.0,100.0, , , ,
659,2018-05-02 10:03:13,-0.1,0.92,-0.06,1.08,0.73,0.03,1.25,2.9,-0.28,0.42,0.15, , , , ,650.15,650.0,800.0,100.0, , , ,
660,2018-05-02 10:03:16,-0.12,0.89,-0.21,0.97,0.07,-0.19,1.19,1.74,0.04,0.51,-0.27, , , , ,651.15,650.0,100.0,5100.0, , , ,
661,2018-05-02 10:03:19,-0.42,0.79,-0.67,0.85,0.16,-0.57,1.28,1.21,-0.02,0.25,0.19, , , , ,651.0,650.17,100.0,200.0, , , ,
662,2018-05-02 10:03:22,-0.24,0.83,-0.2,0.89,0.17,-0.28,1.23,1.02,-0.23,0.35,0.22, , , , ,650.99,650.15,100.0,100.0, , , ,
663,2018-05-02 10:03:25,-0.15,0.92,-0.42,0.99,0.05,0.13,1.41,0.77,-0.16,0.36,0.04, , , , ,651.0,650.31,100.0,100.0, , , ,
664,2018-05-02 10:03:28,-0.42,0.87,-0.53,1.0,0.26,-0.33,1.32,0.73,-0.4,0.29,0.42, , , , ,650.99,650.2,100.0,100.0, , , ,
665,2018-05-02 10:03:31,-0.11,1.0,-0.08,1.05,0.86,-0.08,1.6,1.25,-0.17,0.36,1.18, , , , ,650.31,650.2,300.0,100.0, , , ,
666,2018-05-02 10:03:34,-0.11,0.88,-0.24,0.89,0.42,-0.03,1.38,0.74,-0.05,0.36,0.44, , , , ,650.88,650.2,100.0,100.0, , , ,
667,2018-05-02 10:03:37,-0.1,0.88,-0.19,0.9,1.21,0.02,1.36,1.42,-0.14,0.36,1.44, , , , ,650.1,650.01,600.0,500.0, , , ,
668,2018-05-02 10:03:40,0.08,1.01,0.09,1.01,1.12,0.26,1.46,1.33,-0.11,0.56,1.39, , , , ,650.1,650.02,100.0,500.0, , , ,
669,2018-05-02 10:03:43,0.12,1.05,0.0,1.05,1.36,0.25,1.58,1.1,0.12,0.52,1.2, , , , ,650.17,650.1,200.0,100.0, , , ,
670,2018-05-02 10:03:46,-0.05,0.92,0.05,0.84,1.74,-0.1,1.34,1.03,-0.1,0.57,1.43, , , , ,650.2,650.1,700.0,100.0, , , ,
671,2018-05-02 10:03:49,0.06,1.0,0.01,1.0,1.9,0.12,1.49,1.04,0.04,0.5,1.36, , , , ,650.1,650.02,400.0,400.0, , , ,
672,2018-05-02 10:03:52,0.21,1.05,0.12,0.99,1.9,0.32,1.61,0.86,0.19,0.55,1.13, , , , ,650.1,650.03,100.0,2000.0, , , ,
673,2018-05-02 10:03:55,0.28,1.07,0.05,1.05,1.07,0.42,1.66,0.39,0.36,0.5,0.54, , , , ,650.31,650.3,100.0,1300.0, , , ,
674,2018-05-02 10:03:58,0.02,1.05,-0.16,0.98,0.86,0.14,1.51,-0.16,0.09,0.65,0.29, , , , ,650.9,650.3,600.0,500.0, , , ,
675,2018-05-02 10:04:01,-0.32,0.93,-0.52,0.84,1.57,-0.4,1.39,-0.1,-0.05,0.56,0.31, , , , ,651.0,650.1,200.0,1698.0, , , ,
676,2018-05-02 10:04:04,-0.53,0.85,-0.41,0.66,2.05,-0.79,1.33,-0.29,-0.39,0.55,0.14, , , , ,651.0,650.3,200.0,1500.0, , , ,
677,2018-05-02 10:04:07,-0.28,0.96,-0.18,0.97,3.12,-0.47,1.49,0.05,-0.2,0.42,0.77, , , , ,650.5,650.3,800.0,1300.0, , , ,
678,2018-05-02 10:04:10,-0.01,1.03,0.11,1.02,2.79,0.02,1.47,0.07,-0.16,0.62,0.78, , , , ,650.5,650.31,800.0,300.0, , , ,
679,2018-05-02 10:04:13,0.07,1.18,-0.0,1.19,1.86,0.12,1.66,-0.41,0.09,0.68,0.51, , , , ,651.0,650.5,400.0,100.0, , , ,
680,2018-05-02 10:04:16,-0.14,1.12,-0.05,1.09,1.61,-0.06,1.41,-0.1,-0.31,0.86,0.93, , , , ,651.0,650.3,400.0,600.0, , , ,
681,2018-05-02 10:04:19,-0.02,1.13,0.03,1.1,1.09,0.11,1.5,0.05,-0.2,0.8,0.98, , , , ,651.0,650.31,300.0,100.0, , , ,
682,2018-05-02 10:04:22,0.03,1.17,0.03,1.12,0.85,0.21,1.45,0.21,-0.16,0.93,1.09, , , , ,651.0,650.36,100.0,200.0, , , ,
683,2018-05-02 10:04:25,-0.34,0.92,-0.26,1.01,0.62,-0.36,1.18,-0.14,-0.4,0.56,1.16, , , , ,650.99,650.5,100.0,200.0, , , ,
684,2018-05-02 10:04:28,-0.34,0.85,-0.24,0.92,0.61,-0.31,1.23,-0.33,-0.48,0.42,1.54, , , , ,650.99,650.36,100.0,800.0, , , ,
685,2018-05-02 10:04:31,-0.24,0.92,-0.45,0.99,0.17,-0.07,1.45,-0.96,-0.2,0.32,1.64, , , , ,650.99,650.92,100.0,100.0, , , ,
686,2018-05-02 10:04:34,-0.41,0.96,-0.59,1.07,0.22,-0.2,1.38,-0.8,-0.43,0.43,1.93, , , , ,651.15,650.6,100.0,1300.0, , , ,
687,2018-05-02 10:04:37,-0.45,0.84,-0.4,0.91,0.33,-0.45,1.25,-0.62,-0.5,0.37,2.34, , , , ,650.92,650.6,1000.0,300.0, , , ,
688,2018-05-02 10:04:40,-0.37,0.78,-0.2,0.84,0.26,-0.36,1.14,-0.34,-0.53,0.37,2.05, , , , ,650.92,650.6,600.0,700.0, , , ,
689,2018-05-02 10:04:43,-0.28,0.79,-0.18,0.85,0.14,-0.22,1.34,-0.22,-0.44,0.17,1.52, , , , ,650.92,650.6,300.0,1800.0, , , ,
690,2018-05-02 10:04:46,-1.22,0.43,-1.19,0.52,-1.5,-1.28,0.79,-2.1,-1.18,-0.01,-0.35, , , , ,653.0,650.6,500.0,1000.0, , , ,
691,2018-05-02 10:04:49,-1.64,0.18,-1.38,0.41,-1.62,-1.8,0.52,-2.08,-1.76,-0.38,-0.41, , , , ,653.0,650.6,600.0,1300.0, , , ,
692,2018-05-02 10:04:52,-1.25,0.46,-0.95,0.77,-0.26,-1.14,0.8,-0.84,-1.67,-0.19,1.56, , , , ,651.0,650.6,400.0,800.0, , , ,
693,2018-05-02 10:04:55,-0.96,0.45,-0.87,0.77,-0.38,-0.68,0.88,-1.04,-1.34,-0.31,1.79, , , , ,650.99,650.61,1200.0,100.0, , , ,
694,2018-05-02 10:04:58,-1.15,0.23,-1.07,0.61,-0.16,-0.79,0.39,-0.47,-1.58,-0.32,2.24, , , , ,650.61,650.6,100.0,1700.0, , , ,
695,2018-05-02 10:05:01,-1.51,0.13,-1.46,0.54,-3.01,-1.36,0.47,-3.0,-1.71,-0.63,-0.81, , , , ,652.9,652.0,200.0,4000.0, , , ,
696,2018-05-02 10:05:04,-1.96,-0.18,-1.77,0.09,-3.04,-1.73,0.05,-2.52,-2.37,-0.68,-0.84,-100.0,652.87,-0.0,194.0,652.89,652.0,1200.0,3900.0, ,2018-05-02 10:05:05.518000,2018-05-02 10:05:09.038000,
697,2018-05-02 10:05:07,-2.21,-0.28,-1.91,0.08,-3.06,-2.12,0.07,-2.02,-2.6,-0.98,-0.67,-100.0,652.85,-0.0,194.0,652.87,652.0,100.0,1700.0, ,2018-05-02 10:05:09.038000,2018-05-02 10:05:12.065000,
698,2018-05-02 10:05:10,-2.34,-0.34,-2.02,0.02,-2.99,-2.29,-0.17,-1.97,-2.7,-0.87,-0.33,-100.0,652.78,-0.0,194.0,652.8,652.0,200.0,1600.0, ,2018-05-02 10:05:12.065000,2018-05-02 10:05:15.089000,
699,2018-05-02 10:05:13,-2.22,-0.3,-1.85,0.19,-1.71,-2.23,-0.07,-0.55,-2.59,-1.02,1.4,-100.0,651.93,-0.0,194.0,651.95,651.25,700.0,100.0, ,2018-05-02 10:05:15.089000,2018-05-02 10:05:18.110000,
700,2018-05-02 10:05:16,-1.72,0.11,-1.03,0.76,-1.25,-1.67,0.11,-0.42,-2.46,-0.55,1.78, , , , ,651.93,650.88,100.0,1900.0, , , ,
701,2018-05-02 10:05:19,-1.59,0.23,-1.19,0.91,-1.09,-1.29,0.5,-0.6,-2.3,-0.72,1.85, , , , ,651.92,650.88,1100.0,1900.0, , , ,
702,2018-05-02 10:05:22,-1.54,0.12,-1.16,0.75,-0.38,-1.29,0.37,-0.28,-2.18,-0.77,2.48, , , , ,651.25,650.88,100.0,1900.0, , , ,
703,2018-05-02 10:05:25,-1.19,0.2,-0.54,0.81,-0.64,-1.16,0.62,-0.77,-1.86,-0.83,2.44, , , , ,651.24,650.9,900.0,1000.0, , , ,
704,2018-05-02 10:05:28,-1.65,0.13,-1.04,0.76,-0.94,-1.38,0.35,-1.09,-2.53,-0.72,2.62, , , , ,651.24,650.9,900.0,992.0, , , ,
705,2018-05-02 10:05:31,-1.77,-0.13,-1.01,0.47,-1.14,-1.47,0.24,-1.4,-2.82,-1.11,2.64, , , , ,651.24,650.89,900.0,292.0, , , ,
706,2018-05-02 10:05:34,-1.41,-0.15,-0.65,0.55,-1.08,-1.43,0.07,-1.73,-2.16,-1.07,2.4, , , , ,651.24,650.89,900.0,292.0, , , ,
707,2018-05-02 10:05:37,-1.35,-0.32,-0.57,0.19,-0.82,-1.47,0.11,-1.5,-2.0,-1.26,2.58,-100.0,650.88,-100.0,94.0,650.89,650.88,1908.0,900.0, ,2018-05-02 10:05:38.520000,2018-05-02 10:05:39.794000,
708,2018-05-02 10:05:40,-1.62,-0.51,-0.83,-0.06,-0.53,-1.8,-0.16,-1.53,-2.24,-1.3,2.52, , , , ,650.89,650.88,6708.0,1000.0, , , ,
709,2018-05-02 10:05:43,-1.67,-0.67,-0.69,-0.39,-0.41,-1.88,-0.04,-1.55,-2.45,-1.59,2.36, , , , ,650.89,650.88,6408.0,500.0, , , ,
710,2018-05-02 10:05:46,-1.71,-0.63,-0.76,-0.22,-0.49,-1.99,-0.15,-1.43,-2.39,-1.51,2.56, , , , ,650.88,650.63,300.0,100.0, , , ,
711,2018-05-02 10:05:49,-1.61,-0.67,-0.8,-0.34,-0.49,-1.8,-0.11,-1.47,-2.24,-1.57,2.5, , , , ,650.88,650.63,100.0,200.0, , , ,
712,2018-05-02 10:05:52,-1.57,-0.43,-0.88,-0.02,-0.47,-1.82,-0.06,-1.16,-2.0,-1.22,2.48, , , , ,650.61,650.5,100.0,300.0, , , ,
713,2018-05-02 10:05:55,-1.43,-0.42,-0.72,-0.15,-0.49,-1.47,0.14,-1.06,-2.1,-1.25,2.56, , , , ,650.45,650.44,700.0,43.0, , , ,
714,2018-05-02 10:05:58,-1.45,-0.36,-0.88,-0.11,-0.23,-1.5,0.15,-1.04,-1.98,-1.11,2.46, , , , ,650.47,650.44,100.0,43.0, , , ,
715,2018-05-02 10:06:01,-1.15,-0.18,-0.64,0.04,-0.07,-1.15,0.38,-1.19,-1.65,-0.97,2.1, , , , ,650.63,650.44,100.0,143.0, , , ,
716,2018-05-02 10:06:04,-1.16,-0.08,-0.58,0.1,0.48,-1.13,0.24,-1.2,-1.77,-0.57,2.09, , , , ,650.55,650.44,100.0,143.0, , , ,
717,2018-05-02 10:06:07,-0.88,0.12,-0.33,0.22,1.17,-0.78,0.48,-1.05,-1.52,-0.34,2.24, , , , ,650.38,650.33,100.0,100.0, , , ,
718,2018-05-02 10:06:10,-0.94,0.12,-0.6,0.26,1.17,-0.98,0.34,-0.68,-1.23,-0.25,2.17, , , , ,650.38,650.33,200.0,500.0, , , ,
719,2018-05-02 10:06:13,-0.7,0.39,-0.5,0.69,0.98,-0.48,0.82,-0.66,-1.11,-0.35,1.8, , , , ,650.89,650.32,1665.0,249.0, , , ,
720,2018-05-02 10:06:16,-0.43,0.68,-0.22,0.84,0.78,-0.03,1.03,-0.34,-1.03,0.18,1.73, , , , ,650.63,650.62,100.0,300.0, , , ,
721,2018-05-02 10:06:19,-0.81,0.6,-0.66,0.72,0.38,-0.59,0.94,-0.08,-1.17,0.14,1.43, , , , ,650.89,650.63,1665.0,200.0, , , ,
722,2018-05-02 10:06:22,-0.66,0.68,-0.74,0.61,0.19,-0.4,0.86,-0.07,-0.83,0.57,1.34, , , , ,650.89,650.63,1665.0,100.0, , , ,
723,2018-05-02 10:06:25,-0.76,0.79,-1.13,0.72,-0.86,-0.22,1.21,-0.68,-0.93,0.45,0.65, , , , ,651.25,651.0,100.0,8135.0, , , ,
724,2018-05-02 10:06:28,-0.29,0.97,0.05,0.92,0.59,-0.1,1.15,1.37,-0.82,0.83,2.33, , , , ,650.0,649.95,1718.0,1500.0, , , ,
725,2018-05-02 10:06:31,-0.07,1.21,0.32,1.11,0.27,0.21,1.39,1.6,-0.73,1.12,2.25, , , , ,650.0,649.96,618.0,1000.0, , , ,
726,2018-05-02 10:06:34,-0.23,0.98,0.0,0.93,-0.43,-0.32,1.2,0.94,-0.38,0.82,1.79, , , , ,650.44,650.0,100.0,382.0, , , ,
727,2018-05-02 10:06:37,-0.61,0.87,-1.0,0.75,-2.05,-0.28,1.07,-0.4,-0.55,0.78,0.17, , , , ,651.5,651.0,1000.0,8000.0, , , ,
728,2018-05-02 10:06:40,-0.35,1.14,-0.06,1.08,-0.1,-0.36,1.34,1.54,-0.62,0.99,2.13, , , , ,649.96,649.95,1100.0,1500.0, , , ,
729,2018-05-02 10:06:43,-0.56,1.09,-0.41,1.17,-1.34,-0.47,1.35,0.26,-0.81,0.74,0.9, , , , ,651.5,650.0,900.0,100.0, , , ,
730,2018-05-02 10:06:46,-0.93,0.6,-1.11,0.69,-1.05,-0.83,0.76,0.86,-0.86,0.34,1.28, , , , ,650.97,650.05,100.0,400.0, , , ,
731,2018-05-02 10:06:49,-0.81,0.83,-1.13,0.89,-1.1,-0.39,1.04,0.66,-0.91,0.54,1.29, , , , ,650.97,650.06,100.0,900.0, , , ,
732,2018-05-02 10:06:52,-0.15,1.1,0.09,1.05,-0.29,-0.05,1.25,1.25,-0.48,1.01,2.15, , , , ,650.0,649.98,5600.0,100.0, , , ,
733,2018-05-02 10:06:55,-0.23,1.1,0.23,1.09,-0.36,-0.43,1.4,1.02,-0.48,0.8,2.15, , , , ,650.0,649.98,1600.0,1200.0, , , ,
734,2018-05-02 10:06:58,-0.35,1.15,-0.24,0.96,-0.32,-0.35,1.32,1.23,-0.47,1.18,2.2, , , , ,650.0,649.98,400.0,1000.0, , , ,
735,2018-05-02 10:07:01,-0.99,0.94,-1.44,0.81,-2.25,-0.88,1.1,-0.73,-0.63,0.9,0.36, , , , ,651.49,650.97,100.0,100.0, , , ,
736,2018-05-02 10:07:04,-1.08,0.68,-1.25,0.72,-1.58,-1.01,0.82,-0.02,-0.99,0.51,1.04, , , , ,651.49,650.01,100.0,100.0, , , ,
737,2018-05-02 10:07:07,-0.86,0.92,-1.24,0.93,-2.42,-0.51,1.21,-0.53,-0.83,0.63,0.26, , , , ,651.49,651.0,100.0,9900.0, , , ,
738,2018-05-02 10:07:10,-1.13,0.64,-1.29,0.57,-2.02,-1.14,0.76,-0.48,-0.94,0.59,0.32, , , , ,651.46,651.0,100.0,4500.0, , , ,
739,2018-05-02 10:07:13,-1.46,0.52,-1.32,0.43,-1.64,-1.44,0.82,-0.24,-1.62,0.33,0.37, , , , ,651.49,651.0,200.0,600.0, , , ,
740,2018-05-02 10:07:16,-1.21,0.62,-1.18,0.53,-1.29,-1.09,0.85,0.01,-1.36,0.49,0.47, , , , ,651.49,651.0,100.0,100.0, , , ,
741,2018-05-02 10:07:19,-0.79,0.7,-0.77,0.61,-0.13,-0.56,1.06,0.76,-1.05,0.42,1.16, , , , ,651.49,650.1,100.0,200.0, , , ,
742,2018-05-02 10:07:22,-0.59,0.66,-0.53,0.71,-0.05,-0.46,0.72,0.99,-0.78,0.55,1.19, , , , ,651.48,650.01,100.0,100.0, , , ,
743,2018-05-02 10:07:25,-0.98,0.9,-1.02,0.93,-0.09,-0.7,1.1,1.17,-1.22,0.66,1.19, , , , ,651.48,650.0,100.0,1800.0, , , ,
744,2018-05-02 10:07:28,-0.57,0.83,-0.04,0.94,1.36,-0.62,0.93,2.62,-1.05,0.62,2.41, , , , ,650.0,649.96,9700.0,300.0, , , ,
745,2018-05-02 10:07:31,-0.43,0.84,0.01,0.99,1.6,-0.4,1.16,3.15,-0.89,0.38,2.42, , , , ,650.0,649.95,8800.0,1500.0, , , ,
746,2018-05-02 10:07:34,-0.64,0.56,-0.02,0.72,1.39,-0.73,0.9,3.39,-1.17,0.05,2.41, , , , ,649.95,649.9,1300.0,1100.0, , , ,
747,2018-05-02 10:07:37,-0.86,0.28,-0.11,0.37,1.71,-0.91,0.75,3.7,-1.57,-0.28,2.3, , , , ,649.95,649.8,1600.0,200.0, , , ,
748,2018-05-02 10:07:40,-0.8,0.31,-0.21,0.27,1.67,-1.05,0.67,3.42,-1.14,-0.02,2.3, , , , ,649.95,649.8,7400.0,700.0, , , ,
749,2018-05-02 10:07:43,-0.75,0.27,-0.33,0.35,1.6,-0.92,0.67,2.89,-1.0,-0.2,2.44, , , , ,649.95,649.8,6900.0,200.0, , , ,
750,2018-05-02 10:07:46,-0.75,0.21,-0.21,0.31,1.85,-1.01,0.63,2.61,-1.03,-0.3,2.61, , , , ,649.95,649.8,6200.0,127.0, , , ,
751,2018-05-02 10:07:49,-0.72,0.29,-0.13,0.28,1.95,-0.85,0.78,2.86,-1.17,-0.18,3.09, , , , ,649.75,649.6,273.0,100.0, , , ,
752,2018-05-02 10:07:52,-0.51,0.49,-0.08,0.49,1.57,-0.75,0.83,3.13,-0.7,0.14,2.92, , , , ,649.95,649.6,6173.0,200.0, , , ,
753,2018-05-02 10:07:55,-0.3,0.53,-0.05,0.52,1.2,-0.48,0.85,3.21,-0.37,0.23,2.61, , , , ,649.95,649.8,5673.0,100.0, , , ,
754,2018-05-02 10:07:58,-0.21,0.54,0.01,0.54,1.68,-0.41,0.8,3.63,-0.22,0.26,2.7, , , , ,649.8,649.6,100.0,496.0, , , ,
755,2018-05-02 10:08:01,-0.27,0.6,0.04,0.64,1.51,-0.25,0.9,3.3,-0.61,0.24,2.54, , , , ,649.95,649.6,5273.0,396.0, , , ,
756,2018-05-02 10:08:04,-0.4,0.58,-0.18,0.47,1.6,-0.42,0.86,3.39,-0.6,0.41,2.65, , , , ,649.95,649.44,5273.0,2696.0, , , ,
757,2018-05-02 10:08:07,-0.23,0.75,-0.02,0.69,1.85,-0.09,1.16,3.54,-0.6,0.41,2.8, , , , ,649.95,649.44,873.0,2696.0, , , ,
758,2018-05-02 10:08:10,0.01,0.98,0.17,0.84,2.15,0.12,1.23,4.09,-0.27,0.87,3.21, , , , ,649.6,649.45,5000.0,300.0, , , ,
759,2018-05-02 10:08:13,-0.85,1.08,-1.36,0.92,0.53,-0.6,1.17,2.73,-0.59,1.14,1.17, , , , ,651.48,650.0,100.0,6127.0, , , ,
760,2018-05-02 10:08:16,-1.01,1.2,-1.53,0.92,0.79,-0.67,1.28,2.81,-0.84,1.38,1.26, , , , ,651.48,650.0,100.0,4127.0, , , ,
761,2018-05-02 10:08:19,-0.95,1.21,-1.39,0.9,1.05,-0.51,1.37,3.08,-0.95,1.37,1.55, , , , ,651.21,650.0,800.0,3727.0, , , ,
762,2018-05-02 10:08:22,-0.99,1.05,-1.28,0.69,0.98,-0.73,1.27,2.98,-0.96,1.2,1.59, , , , ,651.5,650.0,800.0,3427.0, , , ,
763,2018-05-02 10:08:25,-0.89,1.19,-1.19,0.72,1.15,-0.38,1.37,2.92,-1.11,1.47,1.99, , , , ,651.5,650.01,800.0,4300.0, , , ,
764,2018-05-02 10:08:28,-0.66,1.31,-0.78,0.89,1.65,-0.2,1.31,3.32,-0.98,1.73,2.46, , , , ,651.21,650.01,200.0,3500.0, , , ,
765,2018-05-02 10:08:31,-0.77,1.38,-1.04,1.01,1.02,-0.5,1.39,2.19,-0.77,1.73,1.57, , , , ,651.5,651.21,700.0,400.0, , , ,
766,2018-05-02 10:08:34,-1.03,1.13,-1.25,0.9,1.19,-0.9,1.12,1.95,-0.94,1.39,1.56, , , , ,651.5,651.21,700.0,100.0, , , ,
767,2018-05-02 10:08:37,-0.37,1.56,-0.33,1.43,3.52,-0.08,1.54,3.96,-0.7,1.72,3.75, , , , ,650.0,649.98,828.0,100.0, , , ,
768,2018-05-02 10:08:40,-0.65,1.43,-0.92,1.29,1.29,-0.39,1.32,1.96,-0.64,1.68,1.8, , , , ,651.3,651.21,900.0,100.0, , , ,
769,2018-05-02 10:08:43,-1.27,0.7,-1.34,0.73,0.8,-1.15,0.82,1.83,-1.33,0.56,1.58, , , , ,651.3,651.16,400.0,300.0, , , ,
770,2018-05-02 10:08:46,-1.1,0.65,-1.13,0.71,0.59,-0.95,0.72,1.91,-1.23,0.51,1.48, , , , ,651.21,651.16,100.0,200.0, , , ,
771,2018-05-02 10:08:49,-0.73,0.91,-0.91,0.91,1.39,-0.3,0.95,2.69,-0.99,0.88,2.08, , , , ,651.21,650.05,100.0,100.0, , , ,
772,2018-05-02 10:08:52,-0.99,0.87,-1.2,0.79,1.67,-0.67,0.7,2.21,-1.09,1.11,1.77, , , , ,651.16,650.3,200.0,100.0, , , ,
773,2018-05-02 10:08:55,-0.96,0.94,-0.97,1.0,2.02,-0.86,0.87,2.24,-1.04,0.96,2.13, , , , ,651.0,650.3,100.0,700.0, , , ,
774,2018-05-02 10:08:58,-0.49,1.23,-0.83,1.12,2.24,-0.03,1.18,2.23,-0.61,1.38,2.44, , , , ,651.16,650.05,100.0,4800.0, , , ,
