,AskOrder,BidOrder,BSFlags,FunctionCode,Date,Price,Time,Volume,Amount
2018-05-11 09:24:59.650,103541,63713,S,,20180511,718.69,92459650,100,71869.0
2018-05-11 09:24:59.650,105684,63713,S,,20180511,718.69,92459650,200,143738.0
2018-05-11 09:24:59.650,106637,63713,S,,20180511,718.69,92459650,100,71869.0
2018-05-11 09:24:59.650,106464,63713,S,,20180511,718.69,92459650,100,71869.0
2018-05-11 09:24:59.650,31856,63713,B,,20180511,718.69,92459650,100,71869.0
2018-05-11 09:24:59.650,31857,63713,B,,20180511,718.69,92459650,100,71869.0
2018-05-11 09:24:59.650,19098,63713,B,,20180511,718.69,92459650,100,71869.0
2018-05-11 09:24:59.650,58709,63713,B,,20180511,718.69,92459650,100,71869.0
2018-05-11 09:24:59.650,4449,63713,B,,20180511,718.69,92459650,600,431214.00000000006
2018-05-11 09:24:59.650,4449,64635,B,,20180511,718.69,92459650,700,503083.00000000006
2018-05-11 09:24:59.650,4449,72008,B,,20180511,718.69,92459650,300,215607.00000000003
2018-05-11 09:24:59.650,4449,73902,B,,20180511,718.69,92459650,200,143738.0
2018-05-11 09:24:59.650,4449,74525,B,,20180511,718.69,92459650,300,215607.00000000003
2018-05-11 09:24:59.650,4449,74854,B,,20180511,718.69,92459650,200,143738.0
2018-05-11 09:24:59.650,4449,75564,B,,20180511,718.69,92459650,400,287476.0
2018-05-11 09:24:59.650,4449,83593,B,,20180511,718.69,92459650,200,143738.0
2018-05-11 09:24:59.650,4449,84016,B,,20180511,718.69,92459650,400,287476.0
2018-05-11 09:24:59.650,4449,84498,B,,20180511,718.69,92459650,200,143738.0
2018-05-11 09:24:59.650,4449,85668,B,,20180511,718.69,92459650,100,71869.0
2018-05-11 09:24:59.650,4449,87220,B,,20180511,718.69,92459650,100,71869.0
2018-05-11 09:24:59.650,84733,87220,B,,20180511,718.69,92459650,200,143738.0
2018-05-11 09:24:59.650,84733,87719,B,,20180511,718.69,92459650,100,71869.0
2018-05-11 09:24:59.650,85157,88230,B,,20180511,718.69,92459650,100,71869.0
2018-05-11 09:24:59.650,85157,89751,B,,20180511,718.69,92459650,100,71869.0
2018-05-11 09:24:59.650,83898,110649,B,,20180511,718.69,92459650,700,503083.00000000006
2018-05-11 09:24:59.650,85830,110649,B,,20180511,718.69,92459650,3300,2371677.0
2018-05-11 09:24:59.650,86713,110649,B,,20180511,718.69,92459650,200,143738.0
2018-05-11 09:24:59.650,87217,110649,B,,20180511,718.69,92459650,400,287476.0
2018-05-11 09:24:59.650,88023,110649,B,,20180511,718.69,92459650,100,71869.0
2018-05-11 09:24:59.650,88104,110649,B,,20180511,718.69,92459650,12,8624.28
2018-05-11 09:24:59.650,105995,110649,B,,20180511,718.69,92459650,100,71869.0
2018-05-11 09:24:59.650,86885,110649,B,,20180511,718.69,92459650,88,63244.72
2018-05-11 09:24:59.650,86885,29704,S,,20180511,718.69,92459650,100,71869.0
2018-05-11 09:24:59.650,86885,29706,S,,20180511,718.69,92459650,100,71869.0
2018-05-11 09:24:59.650,86885,29708,S,,20180511,718.69,92459650,100,71869.0
2018-05-11 09:24:59.650,86885,95664,B,,20180511,718.69,92459650,100,71869.0
2018-05-11 09:24:59.650,86885,74909,S,,20180511,718.69,92459650,100,71869.0
2018-05-11 09:24:59.650,86885,74910,S,,20180511,718.69,92459650,100,71869.0
2018-05-11 09:24:59.650,86885,74911,S,,20180511,718.69,92459650,12,8624.28
2018-05-11 09:24:59.650,87403,74911,S,,20180511,718.69,92459650,88,63244.72
2018-05-11 09:24:59.650,87403,74912,S,,20180511,718.69,92459650,100,71869.0
2018-05-11 09:24:59.650,87403,74913,S,,20180511,718.69,92459650,28,20123.32
2018-05-11 09:24:59.650,87336,74913,S,,20180511,718.69,92459650,72,51745.68000000001
2018-05-11 09:24:59.650,87336,74914,S,,20180511,718.69,92459650,228,163861.32
2018-05-11 09:24:59.650,90701,74914,S,,20180511,718.69,92459650,300,215607.00000000003
2018-05-11 09:24:59.650,98873,74914,S,,20180511,718.69,92459650,172,123614.68000000001
2018-05-11 09:24:59.650,98873,74915,S,,20180511,718.69,92459650,100,71869.0
2018-05-11 09:24:59.650,98873,74916,S,,20180511,718.69,92459650,528,379468.32
2018-05-11 09:24:59.650,108768,74916,S,,20180511,718.69,92459650,100,71869.0
2018-05-11 09:24:59.650,109855,74916,S,,20180511,718.69,92459650,100,71869.0
2018-05-11 09:24:59.650,108307,74916,S,,20180511,718.69,92459650,400,287476.0
2018-05-11 09:24:59.650,41274,74916,B,,20180511,718.69,92459650,172,123614.68000000001
2018-05-11 09:24:59.650,41274,75054,B,,20180511,718.69,92459650,28,20123.32
2018-05-11 09:24:59.650,98906,75054,S,,20180511,718.69,92459650,100,71869.0
2018-05-11 09:24:59.650,99734,75054,S,,20180511,718.69,92459650,60,43121.4
2018-05-11 09:24:59.650,47161,75054,B,,20180511,718.69,92459650,100,71869.0
2018-05-11 09:24:59.650,67861,75054,B,,20180511,718.69,92459650,100,71869.0
2018-05-11 09:24:59.650,90950,75054,S,,20180511,718.69,92459650,12,8624.28
2018-05-11 09:24:59.650,90950,86960,S,,20180511,718.69,92459650,188,135113.72
2018-05-11 09:24:59.650,47593,86960,B,,20180511,718.69,92459650,100,71869.0
2018-05-11 09:24:59.650,63960,86960,B,,20180511,718.69,92459650,612,439838.28
2018-05-11 09:24:59.650,63960,99040,B,,20180511,718.69,92459650,488,350720.72000000003
2018-05-11 09:24:59.650,4640,99040,B,,20180511,718.69,92459650,100,71869.0
2018-05-11 09:24:59.650,36847,99040,B,,20180511,718.69,92459650,412,296100.28
2018-05-11 09:24:59.650,36847,103715,B,,20180511,718.69,92459650,88,63244.72
2018-05-11 09:24:59.650,44042,103715,B,,20180511,718.69,92459650,500,359345.0
2018-05-11 09:24:59.650,62041,103715,B,,20180511,718.69,92459650,200,143738.0
2018-05-11 09:24:59.650,85924,103715,B,,20180511,718.69,92459650,100,71869.0
2018-05-11 09:24:59.650,91686,103715,B,,20180511,718.69,92459650,200,143738.0
2018-05-11 09:24:59.650,93209,103715,B,,20180511,718.69,92459650,100,71869.0
2018-05-11 09:24:59.650,95567,103715,B,,20180511,718.69,92459650,12,8624.28
2018-05-11 09:24:59.650,95567,62480,S,,20180511,718.69,92459650,88,63244.72
2018-05-11 09:24:59.650,99342,62480,S,,20180511,718.69,92459650,300,215607.00000000003
2018-05-11 09:24:59.650,99564,62480,S,,20180511,718.69,92459650,100,71869.0
2018-05-11 09:24:59.650,106863,62480,S,,20180511,718.69,92459650,200,143738.0
2018-05-11 09:24:59.650,108887,62480,S,,20180511,718.69,92459650,12,8624.28
2018-05-11 09:24:59.650,108887,62481,S,,20180511,718.69,92459650,300,215607.00000000003
2018-05-11 09:24:59.650,108887,58326,S,,20180511,718.69,92459650,188,135113.72
2018-05-11 09:24:59.650,109600,58326,S,,20180511,718.69,92459650,100,71869.0
2018-05-11 09:24:59.650,106161,58326,S,,20180511,718.69,92459650,100,71869.0
2018-05-11 09:24:59.650,109067,58326,S,,20180511,718.69,92459650,200,143738.0
2018-05-11 09:24:59.650,83800,58326,S,,20180511,718.69,92459650,112,80493.28
2018-05-11 09:24:59.650,83800,58327,S,,20180511,718.69,92459650,88,63244.72
2018-05-11 09:24:59.650,44443,58327,B,,20180511,718.69,92459650,100,71869.0
2018-05-11 09:24:59.650,69672,58327,S,,20180511,718.69,92459650,100,71869.0
2018-05-11 09:24:59.650,72667,58327,S,,20180511,718.69,92459650,44,31622.36
2018-05-11 09:24:59.650,74704,58327,S,,20180511,718.69,92459650,100,71869.0
2018-05-11 09:24:59.650,97825,58327,S,,20180511,718.69,92459650,1000,718690.0
2018-05-11 09:24:59.650,99810,58327,S,,20180511,718.69,92459650,68,48870.920000000006
2018-05-11 09:24:59.650,99810,72371,S,,20180511,718.69,92459650,932,669819.0800000001
2018-05-11 09:24:59.650,101225,72371,S,,20180511,718.69,92459650,68,48870.920000000006
2018-05-11 09:24:59.650,101225,73370,S,,20180511,718.69,92459650,32,22998.08
2018-05-11 09:24:59.650,101602,73370,S,,20180511,718.69,92459650,168,120739.92000000001
2018-05-11 09:24:59.650,101602,74552,S,,20180511,718.69,92459650,800,574952.0
2018-05-11 09:24:59.650,101602,83481,S,,20180511,718.69,92459650,32,22998.08
2018-05-11 09:24:59.650,102736,83481,S,,20180511,718.69,92459650,368,264477.92000000004
2018-05-11 09:24:59.650,102736,85182,S,,20180511,718.69,92459650,500,359345.0
2018-05-11 09:24:59.650,102736,87144,S,,20180511,718.69,92459650,132,94867.08
2018-05-11 09:24:59.650,103980,87144,S,,20180511,718.69,92459650,268,192608.92
2018-05-11 09:24:59.650,103980,89958,S,,20180511,718.69,92459650,32,22998.08
2018-05-11 09:24:59.650,104022,89958,S,,20180511,718.69,92459650,100,71869.0
2018-05-11 09:24:59.650,105915,89958,S,,20180511,718.69,92459650,100,71869.0
2018-05-11 09:24:59.650,110430,89958,S,,20180511,718.69,92459650,100,71869.0
2018-05-11 09:24:59.650,106801,89958,S,,20180511,718.69,92459650,100,71869.0
2018-05-11 09:24:59.650,17623,89958,B,,20180511,718.69,92459650,68,48870.920000000006
2018-05-11 09:24:59.650,17623,96396,B,,20180511,718.69,92459650,232,166736.08000000002
2018-05-11 09:24:59.650,74678,96396,B,,20180511,718.69,92459650,68,48870.920000000006
2018-05-11 09:24:59.650,74678,99837,B,,20180511,718.69,92459650,32,22998.08
2018-05-11 09:24:59.650,84341,99837,B,,20180511,718.69,92459650,200,143738.0
2018-05-11 09:24:59.650,26636,99837,B,,20180511,718.69,92459650,500,359345.0
2018-05-11 09:24:59.650,92761,99837,B,,20180511,718.69,92459650,100,71869.0
2018-05-11 09:24:59.650,96196,99837,B,,20180511,718.69,92459650,200,143738.0
2018-05-11 09:24:59.650,109819,99837,S,,20180511,718.69,92459650,68,48870.920000000006
2018-05-11 09:24:59.650,109819,103705,S,,20180511,718.69,92459650,132,94867.08
2018-05-11 09:24:59.650,110082,103705,S,,20180511,718.69,92459650,668,480084.92000000004
2018-05-11 09:24:59.650,110082,104457,S,,20180511,718.69,92459650,332,238605.08000000002
2018-05-11 09:24:59.650,110966,104457,S,,20180511,718.69,92459650,100,71869.0
2018-05-11 09:24:59.650,24287,104457,B,,20180511,718.69,92459650,1468,1055036.9200000002
2018-05-11 09:24:59.650,24287,106851,B,,20180511,718.69,92459650,1100,790559.0000000001
2018-05-11 09:24:59.650,24287,110931,B,,20180511,718.69,92459650,1900,1365511.0
2018-05-11 09:24:59.650,24287,82582,B,,20180511,718.69,92459650,532,382343.08
2018-05-11 09:24:59.650,110863,82582,S,,20180511,718.69,92459650,100,71869.0
2018-05-11 09:24:59.650,103871,82582,S,,20180511,718.69,92459650,4068,2923630.9200000004
2018-05-11 09:24:59.650,103871,87880,S,,20180511,718.69,92459650,300,215607.00000000003
2018-05-11 09:24:59.650,103871,89787,S,,20180511,718.69,92459650,100,71869.0
2018-05-11 09:24:59.650,103871,90771,S,,20180511,718.69,92459650,200,143738.0
2018-05-11 09:24:59.650,103871,81734,S,,20180511,718.69,92459650,400,287476.0
2018-05-11 09:24:59.650,103871,83468,S,,20180511,718.69,92459650,1432,1029164.0800000001
2018-05-11 09:24:59.650,16752,83468,B,,20180511,718.69,92459650,100,71869.0
2018-05-11 09:24:59.650,63808,83468,B,,20180511,718.69,92459650,300,215607.00000000003
2018-05-11 09:24:59.650,84918,83468,S,,20180511,718.69,92459650,200,143738.0
2018-05-11 09:24:59.650,97263,83468,S,,20180511,718.69,92459650,100,71869.0
2018-05-11 09:24:59.650,111363,83468,S,,20180511,718.69,92459650,1068,767560.92
2018-05-11 09:24:59.650,111363,103926,S,,20180511,718.69,92459650,1700,1221773.0
2018-05-11 09:24:59.650,111363,106781,S,,20180511,718.69,92459650,232,166736.08000000002
2018-05-11 09:24:59.650,31846,106781,B,,20180511,718.69,92459650,100,71869.0
2018-05-11 09:24:59.650,59474,106781,B,,20180511,718.69,92459650,100,71869.0
2018-05-11 09:24:59.650,74723,106781,B,,20180511,718.69,92459650,100,71869.0
2018-05-11 09:24:59.650,101020,106781,B,,20180511,718.69,92459650,100,71869.0
2018-05-11 09:24:59.650,103298,106781,B,,20180511,718.69,92459650,668,480084.92000000004
2018-05-11 09:24:59.650,103298,107482,B,,20180511,718.69,92459650,200,143738.0
2018-05-11 09:24:59.650,103298,108186,B,,20180511,718.69,92459650,100,71869.0
2018-05-11 09:24:59.650,103298,110583,B,,20180511,718.69,92459650,32,22998.08
2018-05-11 09:24:59.650,103680,110583,B,,20180511,718.69,92459650,100,71869.0
2018-05-11 09:24:59.650,103852,110583,B,,20180511,718.69,92459650,68,48870.920000000006
2018-05-11 09:24:59.650,103852,50900,S,,20180511,718.69,92459650,32,22998.08
2018-05-11 09:24:59.650,105482,50900,S,,20180511,718.69,92459650,68,48870.920000000006
2018-05-11 09:24:59.650,105482,105680,B,,20180511,718.69,92459650,32,22998.08
2018-05-11 09:24:59.650,106234,105680,S,,20180511,718.69,92459650,100,71869.0
2018-05-11 09:24:59.650,107574,105680,S,,20180511,718.69,92459650,68,48870.920000000006
2018-05-11 09:24:59.650,107574,106859,S,,20180511,718.69,92459650,32,22998.08
2018-05-11 09:24:59.650,108318,106859,S,,20180511,718.69,92459650,100,71869.0
2018-05-11 09:24:59.650,108482,106859,S,,20180511,718.69,92459650,100,71869.0
2018-05-11 09:24:59.650,110069,106859,S,,20180511,718.69,92459650,100,71869.0
2018-05-11 09:24:59.650,110431,106859,S,,20180511,718.69,92459650,68,48870.920000000006
2018-05-11 09:24:59.650,110431,58715,S,,20180511,718.69,92459650,132,94867.08
2018-05-11 09:24:59.650,110460,58715,S,,20180511,718.69,92459650,768,551953.92
2018-05-11 09:24:59.650,110460,64081,S,,20180511,718.69,92459650,200,143738.0
2018-05-11 09:24:59.650,110460,81329,S,,20180511,718.69,92459650,3700,2659153.0
2018-05-11 09:24:59.650,110460,76080,S,,20180511,718.69,92459650,200,143738.0
2018-05-11 09:24:59.650,110460,102705,S,,20180511,718.69,92459650,1200,862428.0000000001
2018-05-11 09:24:59.650,110460,106367,S,,20180511,718.69,92459650,1200,862428.0000000001
2018-05-11 09:24:59.650,110460,107676,S,,20180511,718.69,92459650,1200,862428.0000000001
2018-05-11 09:24:59.650,110460,109603,S,,20180511,718.69,92459650,1200,862428.0000000001
2018-05-11 09:24:59.650,110460,75400,S,,20180511,718.69,92459650,1500,1078035.0
2018-05-11 09:24:59.650,110460,78179,S,,20180511,718.69,92459650,400,287476.0
2018-05-11 09:24:59.650,110460,101129,S,,20180511,718.69,92459650,300,215607.00000000003
2018-05-11 09:24:59.650,110460,101658,S,,20180511,718.69,92459650,100,71869.0
2018-05-11 09:24:59.650,110460,81107,S,,20180511,718.69,92459650,400,287476.0
2018-05-11 09:24:59.650,110460,76039,S,,20180511,718.69,92459650,100,71869.0
2018-05-11 09:24:59.650,110460,108999,S,,20180511,718.69,92459650,400,287476.0
2018-05-11 09:24:59.650,110460,99690,S,,20180511,718.69,92459650,5000,3593450.0000000005
2018-05-11 09:24:59.650,110460,76947,S,,20180511,718.69,92459650,100,71869.0
2018-05-11 09:24:59.650,110460,80944,S,,20180511,718.69,92459650,100,71869.0
2018-05-11 09:24:59.650,110460,85301,S,,20180511,718.69,92459650,100,71869.0
2018-05-11 09:24:59.650,110460,89729,S,,20180511,718.69,92459650,200,143738.0
2018-05-11 09:24:59.650,110460,89871,S,,20180511,718.69,92459650,1000,718690.0
2018-05-11 09:24:59.650,110460,99397,S,,20180511,718.69,92459650,600,431214.00000000006
2018-05-11 09:24:59.650,110460,98260,S,,20180511,718.69,92459650,100,71869.0
2018-05-11 09:24:59.650,110460,104028,S,,20180511,718.69,92459650,700,503083.00000000006
2018-05-11 09:24:59.650,110460,89481,S,,20180511,718.69,92459650,300,215607.00000000003
2018-05-11 09:24:59.650,110460,102811,S,,20180511,718.69,92459650,100,71869.0
2018-05-11 09:24:59.650,110460,104199,S,,20180511,718.69,92459650,4832,3472710.08
2018-05-11 09:24:59.650,110550,104199,S,,20180511,718.69,92459650,100,71869.0
2018-05-11 09:24:59.650,110594,104199,S,,20180511,718.69,92459650,168,120739.92000000001
2018-05-11 09:24:59.650,110594,31854,S,,20180511,718.69,92459650,32,22998.08
2018-05-11 09:24:59.650,111134,31854,S,,20180511,718.69,92459650,100,71869.0
2018-05-11 09:24:59.650,111387,31854,S,,20180511,718.69,92459650,100,71869.0
2018-05-11 09:24:59.650,31139,31854,B,,20180511,718.69,92459650,68,48870.920000000006
2018-05-11 09:24:59.650,31139,78123,B,,20180511,718.69,92459650,32,22998.08
2018-05-11 09:24:59.650,106759,78123,S,,20180511,718.69,92459650,68,48870.920000000006
2018-05-11 09:24:59.650,106759,78687,S,,20180511,718.69,92459650,100,71869.0
2018-05-11 09:24:59.650,106759,87037,S,,20180511,718.69,92459650,1100,790559.0000000001
2018-05-11 09:24:59.650,106759,87900,S,,20180511,718.69,92459650,100,71869.0
2018-05-11 09:24:59.650,106759,91574,S,,20180511,718.69,92459650,100,71869.0
2018-05-11 09:24:59.650,106759,91641,S,,20180511,718.69,92459650,100,71869.0
2018-05-11 09:24:59.650,106759,94648,S,,20180511,718.69,92459650,100,71869.0
2018-05-11 09:24:59.650,106759,96206,S,,20180511,718.69,92459650,832,597950.0800000001
2018-05-11 09:24:59.650,10144,96206,B,,20180511,718.69,92459650,100,71869.0
2018-05-11 09:24:59.650,11544,96206,B,,20180511,718.69,92459650,200,143738.0
2018-05-11 09:24:59.650,55062,96206,B,,20180511,718.69,92459650,100,71869.0
2018-05-11 09:24:59.650,105861,96206,S,,20180511,718.69,92459650,68,48870.920000000006
2018-05-11 09:24:59.650,105861,97409,S,,20180511,718.69,92459650,32,22998.08
2018-05-11 09:24:59.650,107903,97409,S,,20180511,718.69,92459650,168,120739.92000000001
2018-05-11 09:24:59.650,107903,101291,S,,20180511,718.69,92459650,100,71869.0
2018-05-11 09:24:59.650,107903,72782,S,,20180511,718.69,92459650,32,22998.08
2018-05-11 09:24:59.650,109563,72782,S,,20180511,718.69,92459650,68,48870.920000000006
2018-05-11 09:24:59.650,109563,74176,S,,20180511,718.69,92459650,200,143738.0
2018-05-11 09:29:59.070,109563,111490,B,,20180511,718.69,92959070,100,71869.0
2018-05-11 09:29:59.200,111737,88089,S,,20180511,718.0,92959200,100,71800.0
2018-05-11 09:29:59.220,111814,111532,S,,20180511,718.0,92959220,100,71800.0
2018-05-11 09:29:59.270,109563,111935,B,,20180511,718.69,92959270,132,94867.08
2018-05-11 09:29:59.270,111832,111935,B,,20180511,718.69,92959270,200,143738.0
2018-05-11 09:29:59.270,88730,111935,B,,20180511,718.77,92959270,100,71877.0
2018-05-11 09:29:59.270,109654,111935,B,,20180511,718.77,92959270,168,120753.36
2018-05-11 09:29:59.270,112036,111532,S,,20180511,718.0,92959270,400,287200.0
2018-05-11 09:29:59.300,112207,111532,S,,20180511,718.0,92959300,200,143600.0
2018-05-11 09:29:59.410,112460,112710,B,,20180511,718.68,92959410,100,71868.0
2018-05-11 09:29:59.410,112765,112710,S,,20180511,718.69,92959410,488,350720.72000000003
2018-05-11 09:29:59.410,112857,112710,S,,20180511,718.69,92959410,300,215607.00000000003
2018-05-11 09:29:59.450,113246,112710,S,,20180511,718.69,92959450,100,71869.0
2018-05-11 09:29:59.450,113468,112710,S,,20180511,718.69,92959450,500,359345.0
2018-05-11 09:29:59.520,114153,112710,S,,20180511,718.69,92959520,12,8624.28
2018-05-11 09:29:59.520,114153,111532,S,,20180511,718.0,92959520,88,63184.0
2018-05-11 09:29:59.560,114535,111532,S,,20180511,718.0,92959560,100,71800.0
2018-05-11 09:29:59.600,115094,114640,S,,20180511,718.73,92959600,100,71873.0
2018-05-11 09:29:59.600,115290,111532,S,,20180511,718.0,92959600,100,71800.0
2018-05-11 09:29:59.640,115488,111532,S,,20180511,718.0,92959640,12,8616.0
2018-05-11 09:29:59.640,115488,111883,S,,20180511,718.0,92959640,488,350384.0
2018-05-11 09:29:59.730,115141,115824,B,,20180511,718.1,92959730,100,71810.0
2018-05-11 09:29:59.730,115740,115824,B,,20180511,718.6,92959730,400,287440.0
2018-05-11 09:29:59.730,116564,111883,S,,20180511,718.0,92959730,512,367616.0
2018-05-11 09:29:59.730,116564,117095,B,,20180511,718.0,92959730,500,359000.0
2018-05-11 09:29:59.830,117351,117533,B,,20180511,717.88,92959830,200,143576.0
2018-05-11 09:29:59.830,116564,117533,B,,20180511,718.0,92959830,88,63184.0
2018-05-11 09:29:59.830,116568,117533,B,,20180511,718.55,92959830,812,583462.6
2018-05-11 09:29:59.830,117965,28225,S,,20180511,717.0,92959830,100,71700.0
2018-05-11 09:29:59.980,117536,119373,B,,20180511,718.0,92959980,100,71800.0
2018-05-11 09:29:59.980,119860,53284,S,,20180511,717.0,92959980,100,71700.0
2018-05-11 09:30:00.090,118750,120461,B,,20180511,718.1,93000090,100,71810.0
2018-05-11 09:30:00.090,120860,120910,B,,20180511,717.99,93000090,100,71799.0
2018-05-11 09:30:00.200,121929,122112,B,,20180511,716.9,93000200,300,215070.0
2018-05-11 09:30:00.200,121929,122183,B,,20180511,716.9,93000200,200,143380.0
2018-05-11 09:30:00.200,120561,122183,B,,20180511,718.0,93000200,100,71800.0
2018-05-11 09:30:00.200,120661,122183,B,,20180511,718.0,93000200,100,71800.0
2018-05-11 09:30:00.200,120749,122183,B,,20180511,718.0,93000200,100,71800.0
2018-05-11 09:30:00.200,121559,122183,B,,20180511,718.0,93000200,100,71800.0
2018-05-11 09:30:00.200,121737,122183,B,,20180511,718.0,93000200,100,71800.0
2018-05-11 09:30:00.200,118750,122183,B,,20180511,718.1,93000200,100,71810.0
2018-05-11 09:30:00.200,118750,122347,B,,20180511,718.1,93000200,500,359050.0
2018-05-11 09:30:00.200,117943,122347,B,,20180511,718.5,93000200,100,71850.0
2018-05-11 09:30:00.360,120244,124177,B,,20180511,718.5,93000360,100,71850.0
2018-05-11 09:30:00.440,120244,125302,B,,20180511,718.5,93000440,100,71850.0
2018-05-11 09:30:00.440,124537,125302,B,,20180511,718.5,93000440,100,71850.0
2018-05-11 09:30:00.540,125357,126473,B,,20180511,718.0,93000540,100,71800.0
2018-05-11 09:30:00.540,126002,126699,B,,20180511,718.0,93000540,100,71800.0
2018-05-11 09:30:00.540,124537,126699,B,,20180511,718.5,93000540,100,71850.0
2018-05-11 09:30:00.540,125314,126699,B,,20180511,718.5,93000540,500,359250.0
2018-05-11 09:30:00.540,116568,126699,B,,20180511,718.55,93000540,188,135087.4
2018-05-11 09:30:00.540,125971,126699,B,,20180511,718.59,93000540,100,71859.0
2018-05-11 09:30:00.540,115740,126699,B,,20180511,718.6,93000540,100,71860.0
2018-05-11 09:30:00.540,120856,126699,B,,20180511,718.6,93000540,100,71860.0
2018-05-11 09:30:00.540,121138,126699,B,,20180511,718.6,93000540,100,71860.0
2018-05-11 09:30:00.540,121858,126699,B,,20180511,718.6,93000540,100,71860.0
2018-05-11 09:30:00.540,119588,126699,B,,20180511,718.67,93000540,100,71867.0
2018-05-11 09:30:00.540,118761,126699,B,,20180511,718.68,93000540,412,296096.16
2018-05-11 09:30:00.540,126703,126728,B,,20180511,718.0,93000540,100,71800.0
2018-05-11 09:30:00.570,126703,126845,B,,20180511,718.0,93000570,100,71800.0
2018-05-11 09:30:00.570,118761,126845,B,,20180511,718.68,93000570,300,215603.99999999997
2018-05-11 09:30:00.570,126952,126931,S,,20180511,718.0,93000570,100,71800.0
2018-05-11 09:30:00.610,127375,126931,S,,20180511,718.0,93000610,400,287200.0
2018-05-11 09:30:00.680,128182,126931,S,,20180511,718.0,93000680,100,71800.0
2018-05-11 09:30:00.720,128502,126931,S,,20180511,718.0,93000720,100,71800.0
2018-05-11 09:30:00.750,128774,126931,S,,20180511,718.0,93000750,600,430800.0
2018-05-11 09:30:00.750,128780,126931,S,,20180511,718.0,93000750,100,71800.0
2018-05-11 09:30:00.810,128143,129322,B,,20180511,718.58,93000810,100,71858.0
2018-05-11 09:30:00.840,128143,129534,B,,20180511,718.58,93000840,100,71858.0
2018-05-11 09:30:00.840,128768,129534,B,,20180511,718.58,93000840,100,71858.0
2018-05-11 09:30:00.840,127324,129534,B,,20180511,718.6,93000840,200,143720.0
2018-05-11 09:30:00.840,128953,129534,B,,20180511,718.65,93000840,100,71865.0
2018-05-11 09:30:00.840,118761,129534,B,,20180511,718.68,93000840,188,135111.84
2018-05-11 09:30:00.840,120798,129534,B,,20180511,718.68,93000840,100,71868.0
2018-05-11 09:30:00.840,116317,129534,B,,20180511,718.69,93000840,100,71869.0
2018-05-11 09:30:00.840,119546,129534,B,,20180511,718.69,93000840,100,71869.0
2018-05-11 09:30:00.840,121524,129534,B,,20180511,718.69,93000840,100,71869.0
2018-05-11 09:30:00.840,125798,129534,B,,20180511,718.69,93000840,200,143738.0
2018-05-11 09:30:00.870,129885,129534,S,,20180511,718.69,93000870,100,71869.0
2018-05-11 09:30:00.870,129889,129534,S,,20180511,718.69,93000870,100,71869.0
2018-05-11 09:30:00.920,130305,129534,S,,20180511,718.69,93000920,100,71869.0
2018-05-11 09:30:00.950,130459,129534,S,,20180511,718.69,93000950,1000,718690.0
2018-05-11 09:30:00.980,130573,129534,S,,20180511,718.69,93000980,100,71869.0
2018-05-11 09:30:01.010,130758,129534,S,,20180511,718.69,93001010,112,80493.28
2018-05-11 09:30:01.010,130758,130533,S,,20180511,718.69,93001010,88,63244.72
2018-05-11 09:30:01.030,130913,130533,S,,20180511,718.69,93001030,12,8624.28
2018-05-11 09:30:01.030,130913,126931,S,,20180511,718.0,93001030,88,63184.0
2018-05-11 09:30:01.030,130924,126931,S,,20180511,718.0,93001030,300,215400.0
2018-05-11 09:30:01.070,131117,126931,S,,20180511,718.0,93001070,100,71800.0
2018-05-11 09:30:01.120,131770,126931,S,,20180511,718.0,93001120,100,71800.0
2018-05-11 09:30:01.120,132132,126931,S,,20180511,718.0,93001120,100,71800.0
2018-05-11 09:30:01.120,131354,132379,B,,20180511,718.2,93001120,600,430920.0
2018-05-11 09:30:01.120,132476,132379,S,,20180511,718.74,93001120,100,71874.0
2018-05-11 09:30:01.120,132564,132379,S,,20180511,718.74,93001120,1000,718740.0
2018-05-11 09:30:01.190,132979,132379,S,,20180511,718.74,93001190,1300,934362.0
2018-05-11 09:30:01.190,133013,132379,S,,20180511,718.74,93001190,100,71874.0
2018-05-11 09:30:01.190,126919,133297,B,,20180511,718.75,93001190,100,71875.0
2018-05-11 09:30:01.190,133458,132379,S,,20180511,718.74,93001190,100,71874.0
2018-05-11 09:30:01.190,133686,132379,S,,20180511,718.74,93001190,100,71874.0
2018-05-11 09:30:01.190,133696,132379,S,,20180511,718.74,93001190,100,71874.0
2018-05-11 09:30:01.190,133773,132379,S,,20180511,718.74,93001190,100,71874.0
2018-05-11 09:30:01.190,133949,132379,S,,20180511,718.74,93001190,100,71874.0
2018-05-11 09:30:01.190,134304,132379,S,,20180511,718.74,93001190,100,71874.0
2018-05-11 09:30:01.190,134304,133947,S,,20180511,718.69,93001190,200,143738.0
2018-05-11 09:30:01.190,134304,133953,S,,20180511,718.1,93001190,500,359050.0
2018-05-11 09:30:01.190,134304,126931,S,,20180511,718.0,93001190,1200,861600.0
2018-05-11 09:30:01.190,134324,126931,S,,20180511,718.0,93001190,100,71800.0
2018-05-11 09:30:01.290,134307,134795,B,,20180511,718.66,93001290,100,71866.0
2018-05-11 09:30:01.290,134307,134971,B,,20180511,718.66,93001290,300,215598.0
2018-05-11 09:30:01.290,135663,126931,S,,20180511,718.0,93001290,1012,726616.0
2018-05-11 09:30:01.290,135663,133236,S,,20180511,718.0,93001290,788,565784.0
2018-05-11 09:30:01.290,136138,133236,S,,20180511,718.0,93001290,412,295816.0
2018-05-11 09:30:01.290,136138,133238,S,,20180511,718.0,93001290,88,63184.0
2018-05-11 09:30:01.290,136139,133238,S,,20180511,718.0,93001290,12,8616.0
2018-05-11 09:30:01.290,136139,133956,S,,20180511,718.0,93001290,300,215400.0
2018-05-11 09:30:01.290,136139,132711,S,,20180511,717.5,93001290,188,134890.0
2018-05-11 09:30:01.400,136327,137504,B,,20180511,718.0,93001400,100,71800.0
2018-05-11 09:30:01.470,138335,138860,B,,20180511,717.8,93001470,100,71780.0
2018-05-11 09:30:01.470,139097,132711,S,,20180511,717.5,93001470,12,8610.0
2018-05-11 09:30:01.470,139097,122894,S,,20180511,717.0,93001470,88,63096.0
2018-05-11 09:30:01.570,138335,139845,B,,20180511,717.8,93001570,100,71780.0
2018-05-11 09:30:01.570,138867,139845,B,,20180511,717.99,93001570,100,71799.0
2018-05-11 09:30:01.570,138867,140429,B,,20180511,717.99,93001570,100,71799.0
2018-05-11 09:30:01.570,140752,122894,S,,20180511,717.0,93001570,12,8604.0
2018-05-11 09:30:01.570,140752,138191,S,,20180511,717.0,93001570,88,63096.0
2018-05-11 09:30:01.680,138867,141009,B,,20180511,717.99,93001680,100,71799.0
2018-05-11 09:30:01.680,138867,141293,B,,20180511,717.99,93001680,200,143598.0
2018-05-11 09:30:01.760,137507,142761,B,,20180511,718.0,93001760,300,215400.0
2018-05-11 09:30:01.760,137507,142894,B,,20180511,718.0,93001760,500,359000.0
2018-05-11 09:30:01.830,143674,138191,S,,20180511,717.0,93001830,12,8604.0
2018-05-11 09:30:01.830,143674,132381,S,,20180511,716.5,93001830,88,63052.0
2018-05-11 09:30:01.900,143539,144503,B,,20180511,717.99,93001900,100,71799.0
2018-05-11 09:30:01.900,137507,144503,B,,20180511,718.0,93001900,200,143600.0
2018-05-11 09:30:01.900,144582,132381,S,,20180511,716.5,93001900,12,8598.0
2018-05-11 09:30:01.900,144582,143778,S,,20180511,716.5,93001900,88,63052.0
2018-05-11 09:30:01.970,137507,145951,B,,20180511,718.0,93001970,500,359000.0
2018-05-11 09:30:01.970,139359,145951,B,,20180511,718.0,93001970,100,71800.0
2018-05-11 09:30:01.970,139609,145951,B,,20180511,718.0,93001970,100,71800.0
2018-05-11 09:30:01.970,140501,146353,B,,20180511,718.0,93001970,100,71800.0
2018-05-11 09:30:02.030,145603,146589,B,,20180511,718.0,93002030,100,71800.0
2018-05-11 09:30:02.080,146277,147137,B,,20180511,718.0,93002080,100,71800.0
2018-05-11 09:30:02.190,148462,148534,B,,20180511,717.84,93002190,100,71784.0
2018-05-11 09:30:02.190,146682,148534,B,,20180511,718.0,93002190,100,71800.0
2018-05-11 09:30:02.190,145545,148534,B,,20180511,718.18,93002190,100,71818.0
2018-05-11 09:30:02.190,146991,148534,B,,20180511,718.43,93002190,100,71843.0
2018-05-11 09:30:02.190,136294,148534,B,,20180511,718.5,93002190,200,143700.0
2018-05-11 09:30:02.190,148859,146724,S,,20180511,717.01,93002190,100,71701.0
2018-05-11 09:30:02.190,149289,148860,S,,20180511,718.05,93002190,100,71805.0
2018-05-11 09:30:02.370,150757,148860,S,,20180511,718.05,93002370,100,71805.0
2018-05-11 09:30:02.370,150776,148860,S,,20180511,718.05,93002370,100,71805.0
2018-05-11 09:30:02.370,150837,148860,S,,20180511,718.05,93002370,100,71805.0
2018-05-11 09:30:02.370,136294,150946,B,,20180511,718.5,93002370,200,143700.0
2018-05-11 09:30:02.370,139206,150946,B,,20180511,718.5,93002370,100,71850.0
2018-05-11 09:30:02.370,148053,150946,B,,20180511,718.5,93002370,100,71850.0
2018-05-11 09:30:02.370,137284,150946,B,,20180511,718.53,93002370,100,71853.0
2018-05-11 09:30:02.370,143388,150946,B,,20180511,718.58,93002370,100,71858.0
2018-05-11 09:30:02.370,139665,150946,B,,20180511,718.59,93002370,100,71859.0
2018-05-11 09:30:02.370,136365,150946,B,,20180511,718.6,93002370,100,71860.0
2018-05-11 09:30:02.370,145754,150946,B,,20180511,718.6,93002370,100,71860.0
2018-05-11 09:30:02.370,140560,150946,B,,20180511,718.63,93002370,100,71863.0
2018-05-11 09:30:02.370,134307,150946,B,,20180511,718.66,93002370,600,431196.0
2018-05-11 09:30:02.410,151363,148860,S,,20180511,718.05,93002410,200,143610.0
2018-05-11 09:30:02.480,152279,148860,S,,20180511,718.05,93002480,200,143610.0
2018-05-11 09:30:02.480,151397,152323,B,,20180511,718.36,93002480,100,71836.0
2018-05-11 09:30:02.520,152466,148860,S,,20180511,718.05,93002520,100,71805.0
2018-05-11 09:30:02.550,152761,148860,S,,20180511,718.05,93002550,200,143610.0
2018-05-11 09:30:02.580,153143,148860,S,,20180511,718.05,93002580,100,71805.0
2018-05-11 09:30:02.680,153860,148860,S,,20180511,718.05,93002680,100,71805.0
2018-05-11 09:30:02.680,153956,148860,S,,20180511,718.05,93002680,100,71805.0
2018-05-11 09:30:02.880,155254,148860,S,,20180511,718.05,93002880,100,71805.0
2018-05-11 09:30:02.940,154359,155743,B,,20180511,718.4,93002940,100,71840.0
2018-05-11 09:30:03.020,156208,148860,S,,20180511,718.05,93003020,100,71805.0
2018-05-11 09:30:03.190,157169,148860,S,,20180511,718.05,93003190,100,71805.0
2018-05-11 09:30:03.320,154359,157809,B,,20180511,718.4,93003320,100,71840.0
2018-05-11 09:30:03.800,158229,159314,B,,20180511,718.3,93003800,100,71830.0
2018-05-11 09:30:03.800,154359,159314,B,,20180511,718.4,93003800,300,215520.0
2018-05-11 09:30:03.900,154359,159501,B,,20180511,718.4,93003900,300,215520.0
2018-05-11 09:30:03.900,154534,159501,B,,20180511,718.4,93003900,100,71840.0
2018-05-11 09:30:03.900,152613,159665,B,,20180511,718.5,93003900,100,71850.0
2018-05-11 09:30:03.900,153453,159665,B,,20180511,718.5,93003900,500,359250.0
2018-05-11 09:30:03.900,153453,159666,B,,20180511,718.5,93003900,800,574800.0
2018-05-11 09:30:04.360,153453,160445,B,,20180511,718.5,93004360,100,71850.0
2018-05-11 09:30:04.520,160622,159313,S,,20180511,718.08,93004520,100,71808.0
2018-05-11 09:30:04.730,153453,160902,B,,20180511,718.5,93004730,100,71850.0
2018-05-11 09:30:04.780,153453,161096,B,,20180511,718.5,93004780,100,71850.0
2018-05-11 09:30:05.160,161632,159315,S,,20180511,718.05,93005160,100,71805.0
2018-05-11 09:30:05.160,161639,159315,S,,20180511,718.05,93005160,200,143610.0
2018-05-11 09:30:05.230,161268,161714,B,,20180511,718.49,93005230,100,71849.0
2018-05-11 09:30:05.440,162005,159315,S,,20180511,718.05,93005440,200,143610.0
2018-05-11 09:30:05.690,161528,162242,B,,20180511,718.49,93005690,100,71849.0
2018-05-11 09:30:05.690,153453,162242,B,,20180511,718.5,93005690,400,287400.0
2018-05-11 09:30:05.690,152230,162242,B,,20180511,718.59,93005690,100,71859.0
2018-05-11 09:30:05.690,154852,162242,B,,20180511,718.61,93005690,100,71861.0
2018-05-11 09:30:05.690,134307,162242,B,,20180511,718.66,93005690,300,215598.0
2018-05-11 09:30:05.740,162297,162214,S,,20180511,718.06,93005740,100,71806.0
2018-05-11 09:30:06.010,162567,162340,S,,20180511,718.53,93006010,100,71853.0
2018-05-11 09:30:06.630,162825,162340,S,,20180511,718.53,93006630,200,143706.0
2018-05-11 09:30:06.680,162845,162340,S,,20180511,718.53,93006680,100,71853.0
2018-05-11 09:30:06.730,162845,162867,B,,20180511,718.53,93006730,300,215559.0
2018-05-11 09:30:06.730,134307,162868,B,,20180511,718.66,93006730,200,143732.0
2018-05-11 09:30:07.110,162969,163086,B,,20180511,718.59,93007110,1000,718590.0
2018-05-11 09:30:07.110,134307,163086,B,,20180511,718.66,93007110,1200,862392.0
2018-05-11 09:30:07.520,134307,163287,B,,20180511,718.66,93007520,200,143732.0
2018-05-11 09:30:07.520,135377,163287,B,,20180511,718.66,93007520,100,71866.0
2018-05-11 09:30:07.520,148839,163287,B,,20180511,718.66,93007520,500,359330.0
2018-05-11 09:30:07.520,157460,163287,B,,20180511,718.66,93007520,100,71866.0
2018-05-11 09:30:07.710,163340,163287,S,,20180511,718.66,93007710,200,143732.0
2018-05-11 09:30:07.900,163424,163287,S,,20180511,718.66,93007900,300,215598.0
2018-05-11 09:30:08.010,163524,163287,S,,20180511,718.66,93008010,100,71866.0
2018-05-11 09:30:08.250,163638,163287,S,,20180511,718.66,93008250,100,71866.0
2018-05-11 09:30:08.730,163861,163311,S,,20180511,718.66,93008730,300,215598.0
2018-05-11 09:30:08.770,150620,163874,B,,20180511,718.67,93008770,100,71867.0
2018-05-11 09:30:08.770,136522,163874,B,,20180511,718.68,93008770,100,71868.0
2018-05-11 09:30:08.770,144234,163874,B,,20180511,718.68,93008770,200,143736.0
2018-05-11 09:30:08.770,145132,163874,B,,20180511,718.68,93008770,100,71868.0
2018-05-11 09:30:08.770,147154,163874,B,,20180511,718.68,93008770,100,71868.0
2018-05-11 09:30:08.770,147840,163874,B,,20180511,718.68,93008770,100,71868.0
2018-05-11 09:30:08.770,151699,163874,B,,20180511,718.68,93008770,200,143736.0
2018-05-11 09:30:08.770,158998,163874,B,,20180511,718.68,93008770,100,71868.0
2018-05-11 09:30:08.770,134616,163874,B,,20180511,718.69,93008770,100,71869.0
2018-05-11 09:30:08.770,134692,163874,B,,20180511,718.69,93008770,200,143738.0
2018-05-11 09:30:08.770,141653,163874,B,,20180511,718.69,93008770,100,71869.0
2018-05-11 09:30:08.770,143083,163874,B,,20180511,718.69,93008770,200,143738.0
2018-05-11 09:30:08.770,144396,163874,B,,20180511,718.69,93008770,200,143738.0
2018-05-11 09:30:08.770,144453,163874,B,,20180511,718.69,93008770,100,71869.0
2018-05-11 09:30:08.770,144707,163874,B,,20180511,718.69,93008770,100,71869.0
2018-05-11 09:30:08.770,145454,163874,B,,20180511,718.69,93008770,100,71869.0
2018-05-11 09:30:08.770,145640,163874,B,,20180511,718.69,93008770,100,71869.0
2018-05-11 09:30:08.900,163933,163362,S,,20180511,718.66,93008900,100,71866.0
2018-05-11 09:30:09.470,164127,163362,S,,20180511,718.66,93009470,300,215598.0
2018-05-11 09:30:09.630,164184,164175,S,,20180511,718.66,93009630,300,215598.0
2018-05-11 09:30:09.800,164268,164175,S,,20180511,718.66,93009800,100,71866.0
2018-05-11 09:30:09.980,164381,164175,S,,20180511,718.66,93009980,300,215598.0
2018-05-11 09:30:10.170,164493,164175,S,,20180511,718.66,93010170,100,71866.0
2018-05-11 09:30:10.930,152931,164697,B,,20180511,718.69,93010930,100,71869.0
2018-05-11 09:30:10.930,155475,164697,B,,20180511,718.69,93010930,100,71869.0
2018-05-11 09:30:10.930,157239,164697,B,,20180511,718.69,93010930,100,71869.0
2018-05-11 09:30:10.930,157569,164697,B,,20180511,718.69,93010930,100,71869.0
2018-05-11 09:30:10.930,160468,164697,B,,20180511,718.69,93010930,100,71869.0
2018-05-11 09:30:11.380,164821,164697,S,,20180511,718.69,93011380,100,71869.0
2018-05-11 09:30:11.820,164927,164697,S,,20180511,718.69,93011820,100,71869.0
2018-05-11 09:30:11.820,164927,164175,S,,20180511,718.66,93011820,200,143732.0
2018-05-11 09:30:12.250,165067,164175,S,,20180511,718.66,93012250,300,215598.0
2018-05-11 09:30:12.700,165241,165156,S,,20180511,718.69,93012700,300,215607.00000000003
2018-05-11 09:30:12.700,165245,165156,S,,20180511,718.69,93012700,100,71869.0
2018-05-11 09:30:12.920,116415,165322,B,,20180511,718.76,93012920,200,143752.0
2018-05-11 09:30:12.940,118233,165336,B,,20180511,718.76,93012940,100,71876.0
2018-05-11 09:30:12.940,142490,165336,B,,20180511,718.76,93012940,100,71876.0
2018-05-11 09:30:13.790,151520,165581,B,,20180511,718.76,93013790,100,71876.0
2018-05-11 09:30:13.790,109654,165582,B,,20180511,718.77,93013790,2400,1725048.0
2018-05-11 09:30:15.150,166030,165581,S,,20180511,718.76,93015150,100,71876.0
2018-05-11 09:30:15.290,109654,166090,B,,20180511,718.77,93015290,300,215631.0
2018-05-11 09:30:15.670,166238,165156,S,,20180511,718.69,93015670,100,71869.0
2018-05-11 09:30:15.670,166238,165618,S,,20180511,718.69,93015670,100,71869.0
2018-05-11 09:30:15.780,166238,166276,B,,20180511,718.69,93015780,200,143738.0
2018-05-11 09:30:15.960,166359,166276,S,,20180511,718.76,93015960,300,215628.0
2018-05-11 09:30:16.170,166443,166276,S,,20180511,718.76,93016170,300,215628.0
2018-05-11 09:30:16.700,109654,166623,B,,20180511,718.77,93016700,500,359385.0
2018-05-11 09:30:16.910,166702,166276,S,,20180511,718.76,93016910,100,71876.0
2018-05-11 09:30:16.940,166707,166276,S,,20180511,718.76,93016940,300,215628.0
2018-05-11 09:30:17.360,166898,166276,S,,20180511,718.76,93017360,100,71876.0
2018-05-11 09:30:18.250,167300,166276,S,,20180511,718.76,93018250,100,71876.0
2018-05-11 09:30:18.590,109654,167425,B,,20180511,718.77,93018590,3100,2228187.0
2018-05-11 09:30:18.670,167459,166276,S,,20180511,718.76,93018670,400,287504.0
2018-05-11 09:30:18.690,167475,166276,S,,20180511,718.76,93018690,200,143752.0
2018-05-11 09:30:19.460,167614,167823,B,,20180511,718.69,93019460,100,71869.0
2018-05-11 09:30:20.140,167614,168075,B,,20180511,718.69,93020140,100,71869.0
2018-05-11 09:30:20.140,167691,168075,B,,20180511,718.69,93020140,100,71869.0
2018-05-11 09:30:20.140,167617,168075,B,,20180511,718.76,93020140,100,71876.0
2018-05-11 09:30:20.140,167620,168075,B,,20180511,718.76,93020140,100,71876.0
2018-05-11 09:30:20.470,167620,168170,B,,20180511,718.76,93020470,100,71876.0
2018-05-11 09:30:20.470,167621,168170,B,,20180511,718.76,93020470,100,71876.0
2018-05-11 09:30:20.470,167625,168170,B,,20180511,718.76,93020470,100,71876.0
2018-05-11 09:30:20.470,167636,168170,B,,20180511,718.76,93020470,200,143752.0
2018-05-11 09:30:20.470,167640,168170,B,,20180511,718.76,93020470,100,71876.0
2018-05-11 09:30:21.190,167642,168405,B,,20180511,718.76,93021190,100,71876.0
2018-05-11 09:30:21.190,167646,168405,B,,20180511,718.76,93021190,100,71876.0
2018-05-11 09:30:21.380,168437,168486,B,,20180511,718.69,93021380,100,71869.0
2018-05-11 09:30:21.510,167711,168534,B,,20180511,718.76,93021510,100,71876.0
2018-05-11 09:30:21.820,168653,161125,S,,20180511,718.05,93021820,100,71805.0
2018-05-11 09:30:21.820,168653,162410,S,,20180511,718.05,93021820,200,143610.0
2018-05-11 09:30:22.060,167714,168749,B,,20180511,718.76,93022060,100,71876.0
2018-05-11 09:30:22.060,167715,168750,B,,20180511,718.76,93022060,100,71876.0
2018-05-11 09:30:22.770,168941,169016,B,,20180511,718.6,93022770,100,71860.0
2018-05-11 09:30:22.770,168996,169016,B,,20180511,718.69,93022770,100,71869.0
2018-05-11 09:30:22.830,169048,162410,S,,20180511,718.05,93022830,100,71805.0
2018-05-11 09:30:23.560,169125,169347,B,,20180511,718.5,93023560,100,71850.0
2018-05-11 09:30:24.020,169342,169528,B,,20180511,718.7,93024020,200,143740.0
2018-05-11 09:30:24.020,167778,169528,B,,20180511,718.76,93024020,100,71876.0
2018-05-11 09:30:24.020,167796,169528,B,,20180511,718.76,93024020,100,71876.0
2018-05-11 09:30:24.020,168094,169528,B,,20180511,718.76,93024020,200,143752.0
2018-05-11 09:30:24.020,168530,169528,B,,20180511,718.76,93024020,500,359380.0
2018-05-11 09:30:24.020,168643,169528,B,,20180511,718.76,93024020,100,71876.0
2018-05-11 09:30:24.020,169077,169528,B,,20180511,718.76,93024020,100,71876.0
2018-05-11 09:30:24.020,109654,169528,B,,20180511,718.77,93024020,300,215631.0
2018-05-11 09:30:25.400,169571,170141,B,,20180511,718.69,93025400,100,71869.0
2018-05-11 09:30:25.400,170144,168897,S,,20180511,718.05,93025400,100,71805.0
2018-05-11 09:30:25.400,170144,168898,S,,20180511,718.05,93025400,100,71805.0
2018-05-11 09:30:25.740,170151,170268,B,,20180511,718.68,93025740,100,71868.0
2018-05-11 09:30:26.180,169844,170415,B,,20180511,718.76,93026180,100,71876.0
2018-05-11 09:30:26.180,109654,170415,B,,20180511,718.77,93026180,600,431262.0
2018-05-11 09:30:26.330,170467,170268,S,,20180511,718.69,93026330,100,71869.0
2018-05-11 09:30:26.400,170501,170268,S,,20180511,718.69,93026400,100,71869.0
2018-05-11 09:30:26.490,109654,170532,B,,20180511,718.77,93026490,700,503139.0
2018-05-11 09:30:26.640,109654,170606,B,,20180511,718.77,93026640,100,71877.0
2018-05-11 09:30:27.500,170687,170988,B,,20180511,718.75,93027500,100,71875.0
2018-05-11 09:30:27.650,171061,171014,S,,20180511,718.1,93027650,100,71810.0
2018-05-11 09:30:27.650,171061,170993,S,,20180511,718.05,93027650,300,215415.0
2018-05-11 09:30:28.620,171031,171457,B,,20180511,718.5,93028620,100,71850.0
2018-05-11 09:30:28.620,171248,171457,B,,20180511,718.66,93028620,300,215598.0
2018-05-11 09:30:28.620,109654,171457,B,,20180511,718.77,93028620,1832,1316786.64
2018-05-11 09:30:28.620,169410,171457,B,,20180511,718.77,93028620,2568,1845801.3599999999
2018-05-11 09:30:28.620,169410,171458,B,,20180511,718.77,93028620,1732,1244909.64
2018-05-11 09:30:28.620,105806,171458,B,,20180511,718.8,93028620,100,71880.0
2018-05-11 09:30:28.620,139216,171458,B,,20180511,718.8,93028620,200,143760.0
2018-05-11 09:30:28.620,146236,171458,B,,20180511,718.8,93028620,300,215640.0
2018-05-11 09:30:28.620,164827,171458,B,,20180511,718.8,93028620,100,71880.0
2018-05-11 09:30:28.620,108725,171458,B,,20180511,718.86,93028620,2368,1702260.48
2018-05-11 09:30:28.620,108725,171459,B,,20180511,718.86,93028620,632,454319.52
2018-05-11 09:30:28.620,102343,171459,B,,20180511,718.9,93028620,100,71890.0
2018-05-11 09:30:28.620,155317,171459,B,,20180511,718.9,93028620,100,71890.0
2018-05-11 09:30:28.890,171570,171459,S,,20180511,718.9,93028890,100,71890.0
2018-05-11 09:30:28.960,171602,171459,S,,20180511,718.9,93028960,100,71890.0
2018-05-11 09:30:29.300,171735,171459,S,,20180511,718.9,93029300,100,71890.0
2018-05-11 09:30:29.340,124864,171757,B,,20180511,718.98,93029340,100,71898.0
2018-05-11 09:30:29.340,9803,171757,B,,20180511,718.99,93029340,100,71899.0
2018-05-11 09:30:29.340,86482,171757,B,,20180511,718.99,93029340,200,143798.0
2018-05-11 09:30:29.340,95138,171757,B,,20180511,718.99,93029340,100,71899.0
2018-05-11 09:30:29.340,135511,171757,B,,20180511,718.99,93029340,100,71899.0
2018-05-11 09:30:29.540,171837,171459,S,,20180511,718.9,93029540,100,71890.0
2018-05-11 09:30:29.790,171941,171459,S,,20180511,718.9,93029790,100,71890.0
2018-05-11 09:30:30.160,172089,171459,S,,20180511,718.9,93030160,200,143780.0
2018-05-11 09:30:30.360,172184,171459,S,,20180511,718.9,93030360,600,431340.0
2018-05-11 09:30:30.650,172297,171459,S,,20180511,718.9,93030650,1300,934570.0
2018-05-11 09:30:30.870,172416,171459,S,,20180511,718.9,93030870,100,71890.0
2018-05-11 09:30:30.910,172430,171459,S,,20180511,718.9,93030910,600,431340.0
2018-05-11 09:30:31.500,172719,171459,S,,20180511,718.9,93031500,100,71890.0
2018-05-11 09:30:31.540,172738,171459,S,,20180511,718.9,93031540,100,71890.0
2018-05-11 09:30:31.810,12564,172844,B,,20180511,719.0,93031810,100,71900.0
2018-05-11 09:30:31.810,26637,172844,B,,20180511,719.0,93031810,500,359500.0
2018-05-11 09:30:31.810,46935,172844,B,,20180511,719.0,93031810,100,71900.0
2018-05-11 09:30:31.810,103172,172844,B,,20180511,719.0,93031810,100,71900.0
2018-05-11 09:30:31.810,104395,172844,B,,20180511,719.0,93031810,1500,1078500.0
2018-05-11 09:30:32.130,104395,172951,B,,20180511,719.0,93032130,700,503300.0
2018-05-11 09:30:32.420,104395,173100,B,,20180511,719.0,93032420,100,71900.0
2018-05-11 09:30:32.470,173117,171459,S,,20180511,718.9,93032470,100,71890.0
2018-05-11 09:30:33.280,173422,171459,S,,20180511,718.9,93033280,100,71890.0
2018-05-11 09:30:33.470,104395,173499,B,,20180511,719.0,93033470,100,71900.0
2018-05-11 09:30:33.690,173593,171459,S,,20180511,718.9,93033690,200,143780.0
2018-05-11 09:30:33.710,173614,171459,S,,20180511,718.9,93033710,68,48885.2
2018-05-11 09:30:33.710,173614,172770,S,,20180511,718.9,93033710,400,287560.0
2018-05-11 09:30:33.710,173614,173153,S,,20180511,718.9,93033710,100,71890.0
2018-05-11 09:30:33.710,173614,173517,S,,20180511,718.9,93033710,100,71890.0
2018-05-11 09:30:34.500,173614,174000,B,,20180511,718.9,93034500,132,94894.8
2018-05-11 09:30:34.570,174033,174000,S,,20180511,718.9,93034570,100,71890.0
2018-05-11 09:30:34.740,104395,174093,B,,20180511,719.0,93034740,300,215700.0
2018-05-11 09:30:34.920,104395,174163,B,,20180511,719.0,93034920,100,71900.0
2018-05-11 09:30:34.960,174183,174000,S,,20180511,718.9,93034960,200,143780.0
2018-05-11 09:30:35.100,104395,174233,B,,20180511,719.0,93035100,1100,790900.0
2018-05-11 09:30:35.240,104395,174292,B,,20180511,719.0,93035240,1800,1294200.0
2018-05-11 09:30:35.300,174311,174000,S,,20180511,718.9,93035300,68,48885.2
2018-05-11 09:30:35.300,174311,171984,S,,20180511,718.77,93035300,32,23000.64
2018-05-11 09:30:35.440,174378,171984,S,,20180511,718.77,93035440,68,48876.36
2018-05-11 09:30:35.440,174378,174343,S,,20180511,718.77,93035440,32,23000.64
2018-05-11 09:30:35.480,104395,174400,B,,20180511,719.0,93035480,800,575200.0
2018-05-11 09:30:35.580,104395,174444,B,,20180511,719.0,93035580,700,503300.0
2018-05-11 09:30:35.580,106209,174444,B,,20180511,719.0,93035580,100,71900.0
2018-05-11 09:30:35.580,107150,174444,B,,20180511,719.0,93035580,100,71900.0
2018-05-11 09:30:35.580,107207,174444,B,,20180511,719.0,93035580,100,71900.0
2018-05-11 09:30:36.100,174645,174343,S,,20180511,718.77,93036100,68,48876.36
2018-05-11 09:30:36.100,174645,174475,S,,20180511,718.77,93036100,32,23000.64
2018-05-11 09:30:36.530,107314,174859,B,,20180511,719.0,93036530,100,71900.0
2018-05-11 09:30:36.930,107314,175079,B,,20180511,719.0,93036930,100,71900.0
2018-05-11 09:30:36.930,108306,175079,B,,20180511,719.0,93036930,400,287600.0
2018-05-11 09:30:36.930,108356,175079,B,,20180511,719.0,93036930,700,503300.0
2018-05-11 09:30:37.250,175253,174843,S,,20180511,718.9,93037250,100,71890.0
2018-05-11 09:30:37.860,175523,174843,S,,20180511,718.9,93037860,100,71890.0
2018-05-11 09:30:38.050,108356,175602,B,,20180511,719.0,93038050,1400,1006600.0
2018-05-11 09:30:38.480,108356,175783,B,,20180511,719.0,93038480,800,575200.0
2018-05-11 09:30:38.480,109432,175783,B,,20180511,719.0,93038480,100,71900.0
2018-05-11 09:30:38.480,110351,175783,B,,20180511,719.0,93038480,100,71900.0
2018-05-11 09:30:38.620,111480,175840,B,,20180511,719.0,93038620,400,287600.0
2018-05-11 09:30:39.690,111480,176323,B,,20180511,719.0,93039690,200,143800.0
2018-05-11 09:30:39.800,111480,176381,B,,20180511,719.0,93039800,100,71900.0
2018-05-11 09:30:39.800,118106,176381,B,,20180511,719.0,93039800,100,71900.0
2018-05-11 09:30:39.800,118387,176381,B,,20180511,719.0,93039800,300,215700.0
2018-05-11 09:30:40.010,176294,176495,B,,20180511,719.0,93040010,100,71900.0
2018-05-11 09:30:40.010,176426,176495,B,,20180511,719.0,93040010,100,71900.0
2018-05-11 09:30:40.730,176825,176495,S,,20180511,719.0,93040730,200,143800.0
2018-05-11 09:30:40.930,176930,176495,S,,20180511,719.0,93040930,1000,719000.0
2018-05-11 09:30:40.950,176938,176495,S,,20180511,719.0,93040950,100,71900.0
2018-05-11 09:30:41.090,177004,176495,S,,20180511,719.0,93041090,100,71900.0
2018-05-11 09:30:41.140,116597,177033,B,,20180511,719.18,93041140,100,71918.0
2018-05-11 09:30:41.510,177192,176495,S,,20180511,719.0,93041510,100,71900.0
2018-05-11 09:30:41.840,177341,176495,S,,20180511,719.0,93041840,100,71900.0
2018-05-11 09:30:42.330,177553,176495,S,,20180511,719.0,93042330,300,215700.0
2018-05-11 09:30:42.600,116597,177681,B,,20180511,719.18,93042600,200,143836.0
2018-05-11 09:30:42.630,177684,176495,S,,20180511,719.0,93042630,100,71900.0
2018-05-11 09:30:42.840,177801,177686,S,,20180511,719.18,93042840,100,71918.0
2018-05-11 09:30:43.110,177941,177887,S,,20180511,719.26,93043110,200,143852.0
2018-05-11 09:30:43.970,121439,178359,B,,20180511,719.28,93043970,100,71928.0
2018-05-11 09:30:43.970,107118,178359,B,,20180511,719.41,93043970,100,71941.0
2018-05-11 09:30:44.000,178371,177887,S,,20180511,719.26,93044000,100,71926.0
2018-05-11 09:30:44.390,178560,177887,S,,20180511,719.26,93044390,100,71926.0
2018-05-11 09:30:44.560,178631,177686,S,,20180511,719.18,93044560,100,71918.0
2018-05-11 09:30:44.840,107118,178754,B,,20180511,719.41,93044840,100,71941.0
2018-05-11 09:30:45.630,76472,179098,B,,20180511,719.43,93045630,100,71943.0
2018-05-11 09:30:46.390,179479,179105,S,,20180511,719.43,93046390,100,71943.0
2018-05-11 09:30:46.600,179573,179110,S,,20180511,719.43,93046600,100,71943.0
2018-05-11 09:30:47.020,179779,179110,S,,20180511,719.43,93047020,100,71943.0
2018-05-11 09:30:47.400,92983,179979,B,,20180511,719.49,93047400,300,215847.0
2018-05-11 09:30:48.200,180343,179628,S,,20180511,719.43,93048200,100,71943.0
2018-05-11 09:30:48.200,180344,179628,S,,20180511,719.43,93048200,100,71943.0
2018-05-11 09:30:48.380,180421,179628,S,,20180511,719.43,93048380,100,71943.0
2018-05-11 09:30:48.520,180484,179628,S,,20180511,719.43,93048520,500,359715.0
2018-05-11 09:30:48.520,180484,180067,S,,20180511,719.43,93048520,100,71943.0
2018-05-11 09:30:48.610,61816,180523,B,,20180511,719.5,93048610,100,71950.0
2018-05-11 09:30:48.610,108299,180523,B,,20180511,719.5,93048610,300,215850.0
2018-05-11 09:30:48.610,118205,180523,B,,20180511,719.5,93048610,100,71950.0
2018-05-11 09:30:48.610,120528,180523,B,,20180511,719.5,93048610,100,71950.0
2018-05-11 09:30:48.810,180614,180532,S,,20180511,719.5,93048810,100,71950.0
2018-05-11 09:30:48.870,180673,180583,S,,20180511,719.5,93048870,100,71950.0
2018-05-11 09:30:49.100,180808,180583,S,,20180511,719.5,93049100,100,71950.0
2018-05-11 09:30:49.380,180934,180583,S,,20180511,719.5,93049380,100,71950.0
2018-05-11 09:30:49.820,42722,181147,B,,20180511,719.59,93049820,100,71959.0
2018-05-11 09:30:49.820,105553,181147,B,,20180511,719.6,93049820,100,71960.0
2018-05-11 09:30:49.820,110897,181147,B,,20180511,719.78,93049820,300,215934.0
2018-05-11 09:30:49.820,103546,181147,B,,20180511,719.8,93049820,100,71980.0
2018-05-11 09:30:49.820,108341,181147,B,,20180511,719.8,93049820,100,71980.0
2018-05-11 09:30:49.820,147953,181147,B,,20180511,719.88,93049820,100,71988.0
2018-05-11 09:30:49.820,4450,181147,B,,20180511,719.9,93049820,4200,3023580.0
2018-05-11 09:30:51.180,181721,180583,S,,20180511,719.5,93051180,100,71950.0
2018-05-11 09:30:51.410,4450,181836,B,,20180511,719.9,93051410,300,215970.0
2018-05-11 09:30:52.060,182153,180583,S,,20180511,719.5,93052060,100,71950.0
2018-05-11 09:30:52.060,182153,180975,S,,20180511,719.5,93052060,200,143900.0
2018-05-11 09:30:52.740,182466,180975,S,,20180511,719.5,93052740,100,71950.0
2018-05-11 09:30:52.780,4450,182480,B,,20180511,719.9,93052780,400,287960.0
2018-05-11 09:30:53.140,182634,180975,S,,20180511,719.5,93053140,1000,719500.0
2018-05-11 09:30:53.140,182634,181634,S,,20180511,719.5,93053140,100,71950.0
2018-05-11 09:30:53.140,182634,181862,S,,20180511,719.5,93053140,15,10792.5
2018-05-11 09:30:53.700,4450,182901,B,,20180511,719.9,93053700,1400,1007860.0
2018-05-11 09:30:53.700,72528,182901,B,,20180511,719.9,93053700,200,143980.0
2018-05-11 09:30:53.700,92982,182901,B,,20180511,719.9,93053700,100,71990.0
2018-05-11 09:30:53.700,107070,182901,B,,20180511,719.9,93053700,300,215970.0
2018-05-11 09:30:53.920,183003,181862,S,,20180511,719.5,93053920,85,61157.5
2018-05-11 09:30:53.920,183003,180313,S,,20180511,719.43,93053920,15,10791.449999999999
2018-05-11 09:30:54.600,183133,183309,B,,20180511,719.48,93054600,100,71948.0
2018-05-11 09:30:54.600,108252,183309,B,,20180511,719.9,93054600,100,71990.0
2018-05-11 09:30:54.600,182536,183309,B,,20180511,719.9,93054600,100,71990.0
2018-05-11 09:30:54.620,183327,183309,S,,20180511,719.9,93054620,100,71990.0
2018-05-11 09:30:55.660,104654,183821,B,,20180511,719.91,93055660,100,71991.0
2018-05-11 09:30:55.660,104322,183821,B,,20180511,719.95,93055660,100,71995.0
2018-05-11 09:30:56.810,145400,184401,B,,20180511,719.95,93056810,100,71995.0
2018-05-11 09:30:56.810,162803,184401,B,,20180511,719.95,93056810,200,143990.0
2018-05-11 09:30:56.810,152003,184401,B,,20180511,719.96,93056810,100,71996.0
2018-05-11 09:30:57.780,184837,184401,S,,20180511,719.96,93057780,100,71996.0
2018-05-11 09:30:57.780,184837,183309,S,,20180511,719.9,93057780,400,287960.0
2018-05-11 09:30:58.700,6746,185334,B,,20180511,719.97,93058700,100,71997.0
2018-05-11 09:30:58.700,45973,185334,B,,20180511,719.97,93058700,500,359985.0
2018-05-11 09:30:58.740,45973,185364,B,,20180511,719.97,93058740,500,359985.0
2018-05-11 09:30:58.740,108281,185364,B,,20180511,719.97,93058740,100,71997.0
2018-05-11 09:30:58.740,114396,185364,B,,20180511,719.97,93058740,100,71997.0
2018-05-11 09:30:58.740,47598,185364,B,,20180511,719.98,93058740,100,71998.0
2018-05-11 09:30:58.740,93860,185364,B,,20180511,719.98,93058740,100,71998.0
2018-05-11 09:30:58.740,95505,185364,B,,20180511,719.98,93058740,100,71998.0
2018-05-11 09:30:58.740,95763,185364,B,,20180511,719.98,93058740,100,71998.0
2018-05-11 09:30:58.740,96713,185364,B,,20180511,719.98,93058740,100,71998.0
2018-05-11 09:30:58.740,19004,185364,B,,20180511,719.99,93058740,500,359995.0
2018-05-11 09:30:58.740,23836,185364,B,,20180511,719.99,93058740,100,71999.0
2018-05-11 09:30:58.740,75191,185364,B,,20180511,719.99,93058740,100,71999.0
2018-05-11 09:30:58.740,81148,185364,B,,20180511,719.99,93058740,200,143998.0
2018-05-11 09:30:58.740,87333,185364,B,,20180511,719.99,93058740,200,143998.0
2018-05-11 09:30:58.740,103565,185364,B,,20180511,719.99,93058740,100,71999.0
2018-05-11 09:30:58.740,104923,185364,B,,20180511,719.99,93058740,200,143998.0
2018-05-11 09:30:58.740,125060,185364,B,,20180511,719.99,93058740,100,71999.0
2018-05-11 09:30:58.740,137693,185364,B,,20180511,719.99,93058740,100,71999.0
2018-05-11 09:30:58.740,147746,185364,B,,20180511,719.99,93058740,200,143998.0
2018-05-11 09:30:58.740,155341,185364,B,,20180511,719.99,93058740,200,143998.0
2018-05-11 09:30:58.740,169523,185364,B,,20180511,719.99,93058740,100,71999.0
2018-05-11 09:30:58.740,178812,185364,B,,20180511,719.99,93058740,200,143998.0
2018-05-11 09:30:58.740,10512,185364,B,,20180511,720.0,93058740,100,72000.0
2018-05-11 09:30:58.740,11637,185364,B,,20180511,720.0,93058740,100,72000.0
2018-05-11 09:30:58.740,12619,185364,B,,20180511,720.0,93058740,200,144000.0
2018-05-11 09:30:58.740,17085,185364,B,,20180511,720.0,93058740,100,72000.0
2018-05-11 09:30:58.740,28608,185364,B,,20180511,720.0,93058740,200,144000.0
2018-05-11 09:30:58.740,29589,185364,B,,20180511,720.0,93058740,100,72000.0
2018-05-11 09:30:58.740,31845,185364,B,,20180511,720.0,93058740,100,72000.0
2018-05-11 09:30:58.740,32714,185364,B,,20180511,720.0,93058740,200,144000.0
2018-05-11 09:30:58.740,36104,185364,B,,20180511,720.0,93058740,100,72000.0
2018-05-11 09:30:58.740,36848,185364,B,,20180511,720.0,93058740,300,216000.0
2018-05-11 09:31:00.110,185992,185953,S,,20180511,719.99,93100110,100,71999.0
2018-05-11 09:31:00.110,185992,183309,S,,20180511,719.9,93100110,200,143980.0
2018-05-11 09:31:00.690,36848,186259,B,,20180511,720.0,93100690,200,144000.0
2018-05-11 09:31:00.690,37851,186259,B,,20180511,720.0,93100690,100,72000.0
2018-05-11 09:31:00.690,42876,186259,B,,20180511,720.0,93100690,100,72000.0
2018-05-11 09:31:00.690,44043,186259,B,,20180511,720.0,93100690,500,360000.0
2018-05-11 09:31:00.690,45182,186259,B,,20180511,720.0,93100690,100,72000.0
2018-05-11 09:31:00.690,52645,186259,B,,20180511,720.0,93100690,200,144000.0
2018-05-11 09:31:00.690,53202,186259,B,,20180511,720.0,93100690,100,72000.0
2018-05-11 09:31:00.690,53586,186259,B,,20180511,720.0,93100690,100,72000.0
2018-05-11 09:31:00.690,65131,186259,B,,20180511,720.0,93100690,200,144000.0
2018-05-11 09:31:00.690,65262,186259,B,,20180511,720.0,93100690,200,144000.0
2018-05-11 09:31:00.690,67074,186259,B,,20180511,720.0,93100690,100,72000.0
2018-05-11 09:31:00.690,77397,186259,B,,20180511,720.0,93100690,100,72000.0
2018-05-11 09:31:00.690,78046,186259,B,,20180511,720.0,93100690,100,72000.0
2018-05-11 09:31:00.690,78084,186259,B,,20180511,720.0,93100690,200,144000.0
2018-05-11 09:31:00.690,81513,186259,B,,20180511,720.0,93100690,300,216000.0
2018-05-11 09:31:00.690,82267,186259,B,,20180511,720.0,93100690,400,288000.0
2018-05-11 09:31:00.690,83353,186259,B,,20180511,720.0,93100690,2000,1440000.0
2018-05-11 09:31:00.690,83992,186259,B,,20180511,720.0,93100690,100,72000.0
2018-05-11 09:31:00.690,85287,186259,B,,20180511,720.0,93100690,600,432000.0
2018-05-11 09:31:00.690,86668,186259,B,,20180511,720.0,93100690,100,72000.0
2018-05-11 09:31:00.690,86817,186259,B,,20180511,720.0,93100690,100,72000.0
2018-05-11 09:31:00.690,87629,186259,B,,20180511,720.0,93100690,100,72000.0
2018-05-11 09:31:00.690,88525,186259,B,,20180511,720.0,93100690,200,144000.0
2018-05-11 09:31:00.690,88920,186259,B,,20180511,720.0,93100690,100,72000.0
2018-05-11 09:31:00.690,90102,186259,B,,20180511,720.0,93100690,100,72000.0
2018-05-11 09:31:00.690,90658,186259,B,,20180511,720.0,93100690,200,144000.0
2018-05-11 09:31:00.690,90775,186259,B,,20180511,720.0,93100690,100,72000.0
2018-05-11 09:31:00.690,91317,186259,B,,20180511,720.0,93100690,100,72000.0
2018-05-11 09:31:00.690,91348,186259,B,,20180511,720.0,93100690,100,72000.0
2018-05-11 09:31:00.690,91740,186259,B,,20180511,720.0,93100690,100,72000.0
2018-05-11 09:31:00.690,92427,186259,B,,20180511,720.0,93100690,100,72000.0
2018-05-11 09:31:00.690,93690,186259,B,,20180511,720.0,93100690,700,504000.0
2018-05-11 09:31:00.760,186301,183309,S,,20180511,719.9,93100760,300,215970.0
2018-05-11 09:31:00.830,186330,183309,S,,20180511,719.9,93100830,100,71990.0
2018-05-11 09:31:00.880,186355,183309,S,,20180511,719.9,93100880,600,431940.0
2018-05-11 09:31:00.880,186356,183309,S,,20180511,719.9,93100880,100,71990.0
2018-05-11 09:31:01.190,186531,186424,S,,20180511,719.96,93101190,100,71996.0
2018-05-11 09:31:01.190,186531,183309,S,,20180511,719.9,93101190,200,143980.0
2018-05-11 09:31:01.250,186573,183309,S,,20180511,719.9,93101250,600,431940.0
2018-05-11 09:31:01.280,186589,183309,S,,20180511,719.9,93101280,200,143980.0
2018-05-11 09:31:01.370,93690,186642,B,,20180511,720.0,93101370,100,72000.0
2018-05-11 09:31:01.370,93840,186642,B,,20180511,720.0,93101370,500,360000.0
2018-05-11 09:31:01.370,94380,186642,B,,20180511,720.0,93101370,100,72000.0
2018-05-11 09:31:01.370,94636,186642,B,,20180511,720.0,93101370,100,72000.0
2018-05-11 09:31:01.370,94731,186642,B,,20180511,720.0,93101370,200,144000.0
2018-05-11 09:31:01.370,94930,186642,B,,20180511,720.0,93101370,100,72000.0
2018-05-11 09:31:01.370,95966,186642,B,,20180511,720.0,93101370,200,144000.0
2018-05-11 09:31:01.370,100541,186642,B,,20180511,720.0,93101370,515,370800.0
2018-05-11 09:31:01.370,100967,186642,B,,20180511,720.0,93101370,200,144000.0
2018-05-11 09:31:01.370,101642,186642,B,,20180511,720.0,93101370,100,72000.0
2018-05-11 09:31:01.370,101837,186642,B,,20180511,720.0,93101370,100,72000.0
2018-05-11 09:31:01.370,102041,186642,B,,20180511,720.0,93101370,100,72000.0
2018-05-11 09:31:01.370,102361,186642,B,,20180511,720.0,93101370,100,72000.0
2018-05-11 09:31:01.370,103621,186642,B,,20180511,720.0,93101370,100,72000.0
2018-05-11 09:31:01.370,104004,186642,B,,20180511,720.0,93101370,3000,2160000.0
2018-05-11 09:31:01.370,105207,186642,B,,20180511,720.0,93101370,500,360000.0
2018-05-11 09:31:01.370,115050,186642,B,,20180511,720.0,93101370,100,72000.0
2018-05-11 09:31:01.370,115486,186642,B,,20180511,720.0,93101370,100,72000.0
2018-05-11 09:31:01.370,118143,186642,B,,20180511,720.0,93101370,100,72000.0
2018-05-11 09:31:01.370,118876,186642,B,,20180511,720.0,93101370,100,72000.0
2018-05-11 09:31:01.370,119340,186642,B,,20180511,720.0,93101370,200,144000.0
2018-05-11 09:31:01.370,119865,186642,B,,20180511,720.0,93101370,100,72000.0
2018-05-11 09:31:01.370,129551,186642,B,,20180511,720.0,93101370,100,72000.0
2018-05-11 09:31:01.370,130634,186642,B,,20180511,720.0,93101370,100,72000.0
2018-05-11 09:31:01.370,133239,186642,B,,20180511,720.0,93101370,500,360000.0
2018-05-11 09:31:01.370,133579,186642,B,,20180511,720.0,93101370,985,709200.0
2018-05-11 09:31:01.390,186657,183309,S,,20180511,719.9,93101390,100,71990.0
2018-05-11 09:31:01.390,186657,185460,S,,20180511,719.9,93101390,100,71990.0
2018-05-11 09:31:01.390,186657,186019,S,,20180511,719.9,93101390,100,71990.0
2018-05-11 09:31:01.390,186657,183544,S,,20180511,719.5,93101390,100,71950.0
2018-05-11 09:31:01.390,186657,185275,S,,20180511,719.5,93101390,100,71950.0
2018-05-11 09:31:01.390,186657,185679,S,,20180511,719.5,93101390,100,71950.0
2018-05-11 09:31:01.760,186771,186836,B,,20180511,719.9,93101760,1100,791890.0
2018-05-11 09:31:01.760,186663,186836,B,,20180511,719.96,93101760,100,71996.0
2018-05-11 09:31:01.760,133579,186836,B,,20180511,720.0,93101760,15,10800.0
2018-05-11 09:31:01.760,133660,186836,B,,20180511,720.0,93101760,200,144000.0
2018-05-11 09:31:01.760,140050,186836,B,,20180511,720.0,93101760,100,72000.0
2018-05-11 09:31:01.760,144280,186836,B,,20180511,720.0,93101760,100,72000.0
2018-05-11 09:31:01.760,146348,186836,B,,20180511,720.0,93101760,100,72000.0
2018-05-11 09:31:01.760,147430,186836,B,,20180511,720.0,93101760,100,72000.0
2018-05-11 09:31:01.760,147714,186836,B,,20180511,720.0,93101760,85,61200.0
2018-05-11 09:31:02.040,186862,186979,B,,20180511,719.9,93102040,100,71990.0
2018-05-11 09:31:02.040,186864,186979,B,,20180511,719.9,93102040,100,71990.0
2018-05-11 09:31:02.040,147714,186979,B,,20180511,720.0,93102040,15,10800.0
2018-05-11 09:31:02.040,152713,186979,B,,20180511,720.0,93102040,285,205200.0
2018-05-11 09:31:02.150,152713,187023,B,,20180511,720.0,93102150,15,10800.0
2018-05-11 09:31:02.150,154454,187023,B,,20180511,720.0,93102150,100,72000.0
2018-05-11 09:31:02.150,157388,187023,B,,20180511,720.0,93102150,100,72000.0
2018-05-11 09:31:02.150,160465,187023,B,,20180511,720.0,93102150,100,72000.0
2018-05-11 09:31:02.150,160765,187023,B,,20180511,720.0,93102150,300,216000.0
2018-05-11 09:31:02.150,173708,187023,B,,20180511,720.0,93102150,100,72000.0
2018-05-11 09:31:02.150,176115,187023,B,,20180511,720.0,93102150,100,72000.0
2018-05-11 09:31:02.150,184162,187023,B,,20180511,720.0,93102150,100,72000.0
2018-05-11 09:31:02.150,184285,187023,B,,20180511,720.0,93102150,100,72000.0
2018-05-11 09:31:02.150,184334,187023,B,,20180511,720.0,93102150,85,61200.0
2018-05-11 09:31:02.550,184334,187213,B,,20180511,720.0,93102550,15,10800.0
2018-05-11 09:31:02.550,186452,187213,B,,20180511,720.0,93102550,100,72000.0
2018-05-11 09:31:02.600,187234,187213,S,,20180511,720.01,93102600,100,72001.0
2018-05-11 09:31:02.720,187292,187213,S,,20180511,720.01,93102720,100,72001.0
2018-05-11 09:31:03.030,187455,187213,S,,20180511,720.01,93103030,200,144002.0
2018-05-11 09:31:03.250,187543,187213,S,,20180511,720.01,93103250,200,144002.0
2018-05-11 09:31:03.730,20631,187799,B,,20180511,720.3,93103730,100,72030.0
2018-05-11 09:31:04.360,188164,187893,S,,20180511,720.3,93104360,100,72030.0
2018-05-11 09:31:04.910,188436,187893,S,,20180511,720.3,93104910,100,72030.0
2018-05-11 09:31:05.440,188669,187893,S,,20180511,720.3,93105440,100,72030.0
2018-05-11 09:31:06.060,188990,187971,S,,20180511,720.3,93106060,100,72030.0
2018-05-11 09:31:06.110,106603,189014,B,,20180511,720.33,93106110,500,360165.0
2018-05-11 09:31:07.010,77123,189506,B,,20180511,720.43,93107010,100,72043.0
2018-05-11 09:31:08.260,190123,189881,S,,20180511,720.43,93108260,100,72043.0
2018-05-11 09:31:09.070,190499,189881,S,,20180511,720.43,93109070,100,72043.0
2018-05-11 09:31:09.190,190557,189881,S,,20180511,720.43,93109190,100,72043.0
2018-05-11 09:31:09.330,95945,190618,B,,20180511,720.5,93109330,100,72050.0
2018-05-11 09:31:09.330,189626,190618,B,,20180511,720.5,93109330,100,72050.0
2018-05-11 09:31:09.680,177061,190783,B,,20180511,720.56,93109680,600,432335.99999999994
2018-05-11 09:31:09.870,190875,190618,S,,20180511,720.5,93109870,100,72050.0
2018-05-11 09:31:09.970,190943,190618,S,,20180511,720.5,93109970,200,144100.0
2018-05-11 09:31:09.970,190943,190759,S,,20180511,720.5,93109970,100,72050.0
2018-05-11 09:31:09.970,190943,189881,S,,20180511,720.43,93109970,700,504300.99999999994
2018-05-11 09:31:10.320,177061,191142,B,,20180511,720.56,93110320,400,288224.0
2018-05-11 09:31:12.240,6472,192017,B,,20180511,720.58,93112240,100,72058.0
2018-05-11 09:31:12.550,192148,192017,S,,20180511,720.6,93112550,100,72060.0
2018-05-11 09:31:13.270,108313,192518,B,,20180511,720.66,93113270,500,360330.0
2018-05-11 09:31:15.730,157220,193624,B,,20180511,720.69,93115730,100,72069.0
2018-05-11 09:31:16.160,193880,193693,S,,20180511,720.69,93116160,100,72069.0
2018-05-11 09:31:16.810,194190,193693,S,,20180511,720.69,93116810,100,72069.0
2018-05-11 09:31:16.980,194266,193693,S,,20180511,720.69,93116980,200,144138.0
2018-05-11 09:31:17.310,21558,194396,B,,20180511,720.88,93117310,100,72088.0
2018-05-11 09:31:17.310,31840,194396,B,,20180511,720.94,93117310,100,72094.0
2018-05-11 09:31:17.460,194453,193706,S,,20180511,720.69,93117460,400,288276.0
2018-05-11 09:31:18.730,31840,195042,B,,20180511,720.94,93118730,300,216282.00000000003
2018-05-11 09:31:19.250,167380,195322,B,,20180511,720.95,93119250,100,72095.0
2018-05-11 09:31:19.250,192909,195322,B,,20180511,720.96,93119250,100,72096.0
2018-05-11 09:31:19.640,195480,195144,S,,20180511,720.88,93119640,100,72088.0
2018-05-11 09:31:19.880,195600,195491,S,,20180511,720.94,93119880,100,72094.0
2018-05-11 09:31:19.880,195600,195527,S,,20180511,720.94,93119880,400,288376.0
2018-05-11 09:31:20.060,195672,195527,S,,20180511,720.94,93120060,200,144188.0
2018-05-11 09:31:20.170,195714,195527,S,,20180511,720.94,93120170,100,72094.0
2018-05-11 09:31:20.740,192909,195976,B,,20180511,720.96,93120740,200,144192.0
2018-05-11 09:31:20.810,192909,196018,B,,20180511,720.96,93120810,100,72096.0
2018-05-11 09:31:21.680,192909,196413,B,,20180511,720.96,93121680,300,216288.0
2018-05-11 09:31:21.740,196431,196413,S,,20180511,720.96,93121740,100,72096.0
2018-05-11 09:31:21.820,196511,195527,S,,20180511,720.94,93121820,100,72094.0
2018-05-11 09:31:21.930,196495,196553,B,,20180511,720.96,93121930,100,72096.0
2018-05-11 09:31:21.930,196570,196553,S,,20180511,720.97,93121930,100,72097.0
2018-05-11 09:31:22.580,196849,196553,S,,20180511,720.97,93122580,100,72097.0
2018-05-11 09:31:23.080,197072,196553,S,,20180511,720.97,93123080,500,360485.0
2018-05-11 09:31:23.080,197072,196676,S,,20180511,720.96,93123080,100,72096.0
2018-05-11 09:31:23.080,197072,196941,S,,20180511,720.96,93123080,300,216288.0
2018-05-11 09:31:23.080,197072,196348,S,,20180511,720.94,93123080,100,72094.0
2018-05-11 09:31:23.360,197193,196348,S,,20180511,720.94,93123360,100,72094.0
2018-05-11 09:31:23.990,197474,196348,S,,20180511,720.94,93123990,100,72094.0
2018-05-11 09:31:24.150,197545,196348,S,,20180511,720.94,93124150,100,72094.0
2018-05-11 09:31:24.720,123671,197787,B,,20180511,720.98,93124720,100,72098.0
2018-05-11 09:31:24.720,133527,197787,B,,20180511,720.98,93124720,100,72098.0
2018-05-11 09:31:24.740,3200,197794,B,,20180511,720.99,93124740,100,72099.0
2018-05-11 09:31:24.740,87997,197794,B,,20180511,720.99,93124740,200,144198.0
2018-05-11 09:31:24.830,196225,197848,B,,20180511,720.99,93124830,100,72099.0
2018-05-11 09:31:24.960,26638,197938,B,,20180511,721.0,93124960,500,360500.0
2018-05-11 09:31:24.960,73818,197938,B,,20180511,721.0,93124960,200,144200.0
2018-05-11 09:31:24.960,74049,197938,B,,20180511,721.0,93124960,100,72100.0
2018-05-11 09:31:24.960,113851,197938,B,,20180511,721.0,93124960,100,72100.0
2018-05-11 09:31:24.960,115985,197938,B,,20180511,721.0,93124960,100,72100.0
2018-05-11 09:31:24.960,132378,197938,B,,20180511,721.0,93124960,1200,865200.0
2018-05-11 09:31:24.960,134732,197938,B,,20180511,721.0,93124960,500,360500.0
2018-05-11 09:31:24.960,135254,197938,B,,20180511,721.0,93124960,100,72100.0
2018-05-11 09:31:24.960,154833,197938,B,,20180511,721.0,93124960,100,72100.0
2018-05-11 09:31:26.220,196432,198517,B,,20180511,721.01,93126220,100,72101.0
2018-05-11 09:31:26.390,198587,198100,S,,20180511,721.0,93126390,100,72100.0
2018-05-11 09:31:26.390,198587,197805,S,,20180511,720.98,93126390,400,288392.0
2018-05-11 09:31:26.390,198587,198194,S,,20180511,720.98,93126390,200,144196.0
2018-05-11 09:31:26.390,198587,198295,S,,20180511,720.98,93126390,500,360490.0
2018-05-11 09:31:26.390,198587,196348,S,,20180511,720.94,93126390,900,648846.0
2018-05-11 09:31:27.160,198587,198953,B,,20180511,720.88,93127160,200,144176.0
2018-05-11 09:31:27.590,198587,199149,B,,20180511,720.88,93127590,1800,1297584.0
2018-05-11 09:31:27.740,198587,199259,B,,20180511,720.88,93127740,300,216264.0
2018-05-11 09:31:27.740,198587,199260,B,,20180511,720.88,93127740,600,432528.0
2018-05-11 09:31:27.780,199300,199260,S,,20180511,720.88,93127780,100,72088.0
2018-05-11 09:31:28.170,199479,199566,B,,20180511,720.9,93128170,100,72090.0
2018-05-11 09:31:28.400,198989,199675,B,,20180511,720.93,93128400,300,216278.99999999997
2018-05-11 09:31:28.790,199867,199675,S,,20180511,721.0,93128790,51,36771.0
2018-05-11 09:31:30.240,200511,199675,S,,20180511,721.0,93130240,600,432600.0
2018-05-11 09:31:30.630,200702,199675,S,,20180511,721.0,93130630,549,395829.0
2018-05-11 09:31:30.630,200702,199260,S,,20180511,720.88,93130630,2000,1441760.0
2018-05-11 09:31:30.630,200702,199705,S,,20180511,720.88,93130630,2451,1766876.88
2018-05-11 09:31:30.670,196496,200734,B,,20180511,721.01,93130670,100,72101.0
2018-05-11 09:31:30.720,200753,200734,S,,20180511,721.01,93130720,100,72101.0
2018-05-11 09:31:30.740,200763,200734,S,,20180511,721.01,93130740,600,432606.0
2018-05-11 09:31:30.880,196433,200883,B,,20180511,721.06,93130880,100,72106.0
2018-05-11 09:31:31.090,200981,200734,S,,20180511,721.01,93131090,500,360505.0
2018-05-11 09:31:31.740,65704,201353,B,,20180511,721.19,93131740,100,72119.0
2018-05-11 09:31:32.260,201591,201353,S,,20180511,721.19,93132260,100,72119.0
2018-05-11 09:31:32.760,201840,201353,S,,20180511,721.19,93132760,100,72119.0
2018-05-11 09:31:33.530,202231,201353,S,,20180511,721.19,93133530,100,72119.0
2018-05-11 09:31:33.740,118524,202352,B,,20180511,721.3,93133740,100,72130.0
2018-05-11 09:31:33.740,50000,202352,B,,20180511,721.33,93133740,100,72133.0
2018-05-11 09:31:33.740,201140,202352,B,,20180511,721.33,93133740,400,288532.0
2018-05-11 09:31:33.800,202401,202340,S,,20180511,721.2,93133800,100,72120.0
2018-05-11 09:31:33.900,202456,202340,S,,20180511,721.2,93133900,300,216360.0
2018-05-11 09:31:34.360,202714,202340,S,,20180511,721.2,93134360,100,72120.0
2018-05-11 09:31:34.360,202720,202340,S,,20180511,721.2,93134360,800,576960.0
2018-05-11 09:31:34.360,202720,201353,S,,20180511,721.19,93134360,600,432714.00000000006
2018-05-11 09:31:34.360,202720,201358,S,,20180511,721.01,93134360,200,144202.0
2018-05-11 09:31:34.530,202489,202789,B,,20180511,721.3,93134530,100,72130.0
2018-05-11 09:31:34.530,201140,202789,B,,20180511,721.33,93134530,100,72133.0
2018-05-11 09:31:34.530,202497,202789,B,,20180511,721.35,93134530,100,72135.0
2018-05-11 09:31:35.010,203014,202880,S,,20180511,721.3,93135010,100,72130.0
2018-05-11 09:31:35.050,203040,203021,S,,20180511,721.33,93135050,100,72133.0
2018-05-11 09:31:35.230,203122,203021,S,,20180511,721.33,93135230,100,72133.0
2018-05-11 09:31:36.890,203942,203828,S,,20180511,721.34,93136890,100,72134.0
2018-05-11 09:31:37.790,107612,204374,B,,20180511,721.38,93137790,100,72138.0
2018-05-11 09:31:38.210,191976,204616,B,,20180511,721.4,93138210,100,72140.0
2018-05-11 09:31:38.510,202496,204787,B,,20180511,721.4,93138510,100,72140.0
2018-05-11 09:31:38.510,32339,204787,B,,20180511,721.42,93138510,300,216426.0
2018-05-11 09:31:39.310,77867,205208,B,,20180511,721.43,93139310,100,72143.0
2018-05-11 09:31:39.310,202490,205212,B,,20180511,721.45,93139310,100,72145.0
2018-05-11 09:31:39.380,205246,204374,S,,20180511,721.38,93139380,100,72138.0
2018-05-11 09:31:39.380,205247,204374,S,,20180511,721.38,93139380,100,72138.0
2018-05-11 09:31:39.600,205373,204374,S,,20180511,721.38,93139600,100,72138.0
2018-05-11 09:31:39.820,145596,205500,B,,20180511,721.5,93139820,100,72150.0
2018-05-11 09:31:39.820,202492,205500,B,,20180511,721.5,93139820,100,72150.0
2018-05-11 09:31:39.820,202504,205500,B,,20180511,721.5,93139820,100,72150.0
2018-05-11 09:31:40.440,205833,205500,S,,20180511,721.5,93140440,100,72150.0
2018-05-11 09:31:40.660,205952,205500,S,,20180511,721.5,93140660,100,72150.0
2018-05-11 09:31:41.240,139276,206205,B,,20180511,721.6,93141240,100,72160.0
2018-05-11 09:31:41.240,199693,206205,B,,20180511,721.66,93141240,100,72166.0
2018-05-11 09:31:41.240,205631,206205,B,,20180511,721.66,93141240,500,360830.0
2018-05-11 09:31:41.650,206401,205500,S,,20180511,721.5,93141650,400,288600.0
2018-05-11 09:31:42.980,207080,206603,S,,20180511,721.6,93142980,100,72160.0
2018-05-11 09:31:43.640,207405,206603,S,,20180511,721.6,93143640,100,72160.0
2018-05-11 09:31:43.760,207416,207455,B,,20180511,721.66,93143760,500,360830.0
2018-05-11 09:31:44.010,207567,206603,S,,20180511,721.6,93144010,100,72160.0
2018-05-11 09:31:44.010,207567,207454,S,,20180511,721.6,93144010,100,72160.0
2018-05-11 09:31:44.010,207567,205500,S,,20180511,721.5,93144010,400,288600.0
2018-05-11 09:31:44.160,207416,207634,B,,20180511,721.66,93144160,100,72166.0
2018-05-11 09:31:44.400,207771,207157,S,,20180511,721.41,93144400,100,72141.0
2018-05-11 09:31:45.150,207416,208122,B,,20180511,721.66,93145150,400,288664.0
2018-05-11 09:31:45.150,199477,208122,B,,20180511,721.8,93145150,400,288720.0
2018-05-11 09:31:45.240,208150,208036,S,,20180511,721.5,93145240,100,72150.0
2018-05-11 09:31:45.490,199477,208271,B,,20180511,721.8,93145490,200,144360.0
2018-05-11 09:31:45.530,208289,208036,S,,20180511,721.5,93145530,1500,1082250.0
2018-05-11 09:31:45.630,199477,208334,B,,20180511,721.8,93145630,400,288720.0
2018-05-11 09:31:45.630,206973,208334,B,,20180511,721.8,93145630,100,72180.0
2018-05-11 09:31:45.940,208519,208334,S,,20180511,721.8,93145940,100,72180.0
2018-05-11 09:31:46.200,208660,208334,S,,20180511,721.8,93146200,100,72180.0
2018-05-11 09:31:46.250,208682,208036,S,,20180511,721.5,93146250,100,72150.0
2018-05-11 09:31:46.750,208914,208036,S,,20180511,721.5,93146750,200,144300.0
2018-05-11 09:31:47.370,209223,208036,S,,20180511,721.5,93147370,200,144300.0
2018-05-11 09:31:47.510,209276,208036,S,,20180511,721.5,93147510,100,72150.0
2018-05-11 09:31:47.570,209298,208036,S,,20180511,721.5,93147570,400,288600.0
2018-05-11 09:31:47.990,209494,208036,S,,20180511,721.5,93147990,100,72150.0
2018-05-11 09:31:48.050,206974,209512,B,,20180511,721.85,93148050,100,72185.0
2018-05-11 09:31:48.100,206975,209537,B,,20180511,721.9,93148100,100,72190.0
2018-05-11 09:31:48.340,209646,209512,S,,20180511,721.85,93148340,100,72185.0
2018-05-11 09:31:49.380,210177,209512,S,,20180511,721.85,93149380,100,72185.0
2018-05-11 09:31:49.720,172030,210319,B,,20180511,721.95,93149720,100,72195.0
2018-05-11 09:31:49.720,206976,210319,B,,20180511,721.95,93149720,100,72195.0
2018-05-11 09:31:49.720,132752,210319,B,,20180511,721.98,93149720,100,72198.0
2018-05-11 09:31:49.720,205477,210319,B,,20180511,721.98,93149720,300,216594.0
2018-05-11 09:31:51.360,205477,211016,B,,20180511,721.98,93151360,700,505386.0
2018-05-11 09:31:51.950,211315,211016,S,,20180511,721.98,93151950,100,72198.0
2018-05-11 09:31:52.740,88494,211687,B,,20180511,721.99,93152740,200,144398.0
2018-05-11 09:31:52.740,186649,211687,B,,20180511,721.99,93152740,100,72199.0
2018-05-11 09:31:52.790,211708,210330,S,,20180511,721.95,93152790,100,72195.0
2018-05-11 09:31:52.890,211761,211142,S,,20180511,721.95,93152890,300,216585.0
2018-05-11 09:31:53.160,206595,211882,B,,20180511,721.99,93153160,100,72199.0
2018-05-11 09:31:53.160,210398,211882,B,,20180511,721.99,93153160,100,72199.0
2018-05-11 09:31:53.160,12565,211882,B,,20180511,722.0,93153160,100,72200.0
2018-05-11 09:31:53.160,54147,211882,B,,20180511,722.0,93153160,100,72200.0
2018-05-11 09:31:53.160,69148,211882,B,,20180511,722.0,93153160,100,72200.0
2018-05-11 09:31:53.250,211922,211142,S,,20180511,721.95,93153250,100,72195.0
2018-05-11 09:31:53.420,212003,211142,S,,20180511,721.95,93153420,200,144390.0
2018-05-11 09:31:53.940,212262,211142,S,,20180511,721.95,93153940,100,72195.0
2018-05-11 09:31:53.940,212266,211142,S,,20180511,721.95,93153940,100,72195.0
2018-05-11 09:31:54.230,212383,211142,S,,20180511,721.95,93154230,100,72195.0
2018-05-11 09:31:54.710,212548,212604,B,,20180511,721.8,93154710,200,144360.0
2018-05-11 09:31:54.830,212548,212665,B,,20180511,721.8,93154830,100,72180.0
2018-05-11 09:31:55.130,212816,212703,S,,20180511,721.7,93155130,700,505190.00000000006
2018-05-11 09:31:55.130,212816,209896,S,,20180511,721.6,93155130,100,72160.0
2018-05-11 09:31:55.130,212816,208036,S,,20180511,721.5,93155130,2100,1515150.0
2018-05-11 09:31:55.130,212816,209179,S,,20180511,721.5,93155130,800,577200.0
2018-05-11 09:31:55.130,212816,210252,S,,20180511,721.5,93155130,200,144300.0
2018-05-11 09:31:55.130,212816,210591,S,,20180511,721.5,93155130,200,144300.0
2018-05-11 09:31:55.220,212882,207157,S,,20180511,721.41,93155220,300,216423.0
2018-05-11 09:31:55.540,212816,213028,B,,20180511,721.44,93155540,1100,793584.0000000001
2018-05-11 09:31:55.540,212972,213028,B,,20180511,721.5,93155540,100,72150.0
2018-05-11 09:31:55.540,212728,213028,B,,20180511,721.8,93155540,100,72180.0
2018-05-11 09:31:55.780,212383,213136,B,,20180511,721.85,93155780,600,433110.0
2018-05-11 09:31:56.060,212383,213250,B,,20180511,721.85,93156060,100,72185.0
2018-05-11 09:31:56.360,213383,212974,S,,20180511,721.42,93156360,500,360710.0
2018-05-11 09:31:57.190,213722,212974,S,,20180511,721.42,93157190,100,72142.0
2018-05-11 09:31:57.380,213494,213804,B,,20180511,721.5,93157380,100,72150.0
2018-05-11 09:31:57.490,213494,213861,B,,20180511,721.5,93157490,400,288600.0
2018-05-11 09:31:57.670,213494,213960,B,,20180511,721.5,93157670,100,72150.0
2018-05-11 09:31:57.690,213985,212974,S,,20180511,721.42,93157690,100,72142.0
2018-05-11 09:31:57.870,213494,214100,B,,20180511,721.5,93157870,100,72150.0
2018-05-11 09:31:58.630,214067,214467,B,,20180511,721.5,93158630,100,72150.0
2018-05-11 09:31:58.630,214068,214467,B,,20180511,721.55,93158630,100,72155.0
2018-05-11 09:31:58.630,214069,214467,B,,20180511,721.6,93158630,100,72160.0
2018-05-11 09:31:58.630,214070,214467,B,,20180511,721.65,93158630,100,72165.0
2018-05-11 09:31:58.630,214071,214467,B,,20180511,721.7,93158630,100,72170.0
2018-05-11 09:31:58.650,213749,214478,B,,20180511,721.8,93158650,100,72180.0
2018-05-11 09:31:58.650,212383,214478,B,,20180511,721.85,93158650,200,144370.0
2018-05-11 09:31:58.650,212692,214478,B,,20180511,721.85,93158650,100,72185.0
2018-05-11 09:31:58.650,212693,214478,B,,20180511,721.9,93158650,100,72190.0
2018-05-11 09:32:00.860,215517,214505,S,,20180511,721.5,93200860,400,288600.0
2018-05-11 09:32:00.860,215517,214400,S,,20180511,721.43,93200860,300,216428.99999999997
2018-05-11 09:32:00.950,212694,215549,B,,20180511,721.95,93200950,100,72195.0
2018-05-11 09:32:00.950,213134,215549,B,,20180511,721.99,93200950,100,72199.0
2018-05-11 09:32:00.950,83337,215549,B,,20180511,722.0,93200950,200,144400.0
2018-05-11 09:32:00.950,96150,215549,B,,20180511,722.0,93200950,100,72200.0
2018-05-11 09:32:00.950,98794,215549,B,,20180511,722.0,93200950,200,144400.0
2018-05-11 09:32:00.950,100685,215549,B,,20180511,722.0,93200950,200,144400.0
2018-05-11 09:32:00.950,103406,215549,B,,20180511,722.0,93200950,100,72200.0
2018-05-11 09:32:00.950,138212,215549,B,,20180511,722.0,93200950,100,72200.0
2018-05-11 09:32:00.950,141074,215549,B,,20180511,722.0,93200950,100,72200.0
2018-05-11 09:32:00.950,147726,215549,B,,20180511,722.0,93200950,100,72200.0
2018-05-11 09:32:00.950,149226,215549,B,,20180511,722.0,93200950,1000,722000.0
2018-05-11 09:32:00.950,167083,215549,B,,20180511,722.0,93200950,100,72200.0
2018-05-11 09:32:00.950,170351,215549,B,,20180511,722.0,93200950,100,72200.0
2018-05-11 09:32:00.950,190215,215549,B,,20180511,722.0,93200950,100,72200.0
2018-05-11 09:32:00.950,192852,215549,B,,20180511,722.0,93200950,700,505400.0
2018-05-11 09:32:00.950,205019,215549,B,,20180511,722.0,93200950,100,72200.0
2018-05-11 09:32:00.950,206977,215549,B,,20180511,722.0,93200950,100,72200.0
2018-05-11 09:32:00.950,207815,215549,B,,20180511,722.0,93200950,100,72200.0
2018-05-11 09:32:00.950,209267,215549,B,,20180511,722.0,93200950,100,72200.0
2018-05-11 09:32:00.950,209652,215549,B,,20180511,722.0,93200950,500,361000.0
2018-05-11 09:32:00.950,211710,215549,B,,20180511,722.0,93200950,100,72200.0
2018-05-11 09:32:00.950,213327,215549,B,,20180511,722.0,93200950,100,72200.0
2018-05-11 09:32:00.950,214935,215549,B,,20180511,722.0,93200950,100,72200.0
2018-05-11 09:32:00.950,215534,215549,B,,20180511,722.0,93200950,100,72200.0
2018-05-11 09:32:00.950,215557,215549,S,,20180511,722.01,93200950,100,72201.0
2018-05-11 09:32:01.280,215717,215549,S,,20180511,722.01,93201280,100,72201.0
2018-05-11 09:32:01.350,215753,215549,S,,20180511,722.01,93201350,100,72201.0
2018-05-11 09:32:01.350,215753,215550,S,,20180511,722.01,93201350,500,361005.0
2018-05-11 09:32:01.460,215804,215550,S,,20180511,722.01,93201460,100,72201.0
2018-05-11 09:32:01.590,215875,215550,S,,20180511,722.01,93201590,100,72201.0
2018-05-11 09:32:01.850,215987,215550,S,,20180511,722.01,93201850,100,72201.0
2018-05-11 09:32:02.630,216321,215550,S,,20180511,722.01,93202630,200,144402.0
2018-05-11 09:32:02.870,216424,215550,S,,20180511,722.01,93202870,100,72201.0
2018-05-11 09:32:03.140,216531,215550,S,,20180511,722.01,93203140,100,72201.0
2018-05-11 09:32:03.740,206978,216824,B,,20180511,722.05,93203740,100,72205.0
2018-05-11 09:32:04.390,217148,217001,S,,20180511,722.06,93204390,100,72206.0
2018-05-11 09:32:04.520,217201,217001,S,,20180511,722.06,93204520,200,144412.0
2018-05-11 09:32:04.520,217201,215550,S,,20180511,722.01,93204520,100,72201.0
2018-05-11 09:32:04.650,215367,217277,B,,20180511,722.1,93204650,100,72210.0
2018-05-11 09:32:04.720,217294,215550,S,,20180511,722.01,93204720,900,649809.0
2018-05-11 09:32:05.190,217517,217321,S,,20180511,722.05,93205190,800,577640.0
2018-05-11 09:32:05.190,217517,215550,S,,20180511,722.01,93205190,2200,1588422.0
2018-05-11 09:32:05.190,217517,215598,S,,20180511,722.01,93205190,1000,722010.0
2018-05-11 09:32:05.590,217707,215598,S,,20180511,722.01,93205590,100,72201.0
2018-05-11 09:32:05.840,217836,215598,S,,20180511,722.01,93205840,1000,722010.0
2018-05-11 09:32:06.050,217954,215598,S,,20180511,722.01,93206050,100,72201.0
2018-05-11 09:32:06.260,218045,215598,S,,20180511,722.01,93206260,200,144402.0
2018-05-11 09:32:06.320,218075,215598,S,,20180511,722.01,93206320,100,72201.0
2018-05-11 09:32:06.980,218413,215598,S,,20180511,722.01,93206980,3500,2527035.0
2018-05-11 09:32:06.980,218413,216925,S,,20180511,722.01,93206980,300,216603.0
2018-05-11 09:32:06.980,218413,217499,S,,20180511,722.01,93206980,100,72201.0
2018-05-11 09:32:06.980,218413,218260,S,,20180511,722.01,93206980,100,72201.0
2018-05-11 09:32:06.980,218413,216813,S,,20180511,722.0,93206980,100,72200.0
2018-05-11 09:32:07.260,218557,217155,S,,20180511,721.99,93207260,100,72199.0
2018-05-11 09:32:07.710,218413,218802,B,,20180511,722.0,93207710,900,649800.0
2018-05-11 09:32:07.710,218415,218802,B,,20180511,722.0,93207710,300,216600.0
2018-05-11 09:32:07.810,218846,215671,S,,20180511,721.98,93207810,100,72198.0
2018-05-11 09:32:08.190,219096,215671,S,,20180511,721.98,93208190,300,216594.0
2018-05-11 09:32:08.520,219233,215671,S,,20180511,721.98,93208520,200,144396.0
2018-05-11 09:32:08.520,219233,216994,S,,20180511,721.98,93208520,100,72198.0
2018-05-11 09:32:08.520,219233,217679,S,,20180511,721.96,93208520,100,72196.0
2018-05-11 09:32:08.640,218415,219284,B,,20180511,722.0,93208640,100,72200.0
2018-05-11 09:32:08.990,219426,218261,S,,20180511,721.96,93208990,100,72196.0
2018-05-11 09:32:09.130,219499,215716,S,,20180511,721.95,93209130,100,72195.0
2018-05-11 09:32:09.130,219499,217072,S,,20180511,721.95,93209130,200,144390.0
2018-05-11 09:32:09.240,219545,217072,S,,20180511,721.95,93209240,100,72195.0
2018-05-11 09:32:09.240,219545,217187,S,,20180511,721.95,93209240,100,72195.0
2018-05-11 09:32:09.320,219592,219500,S,,20180511,721.95,93209320,300,216585.0
2018-05-11 09:32:09.320,219592,218262,S,,20180511,721.91,93209320,100,72191.0
2018-05-11 09:32:09.350,218415,219598,B,,20180511,722.0,93209350,900,649800.0
2018-05-11 09:32:09.610,218415,219715,B,,20180511,722.0,93209610,100,72200.0
2018-05-11 09:32:09.960,219976,215876,S,,20180511,721.66,93209960,100,72166.0
2018-05-11 09:32:10.170,219977,220103,B,,20180511,721.66,93210170,100,72166.0
2018-05-11 09:32:10.170,220060,220103,B,,20180511,721.66,93210170,100,72166.0
2018-05-11 09:32:10.170,220079,220103,B,,20180511,721.66,93210170,100,72166.0
2018-05-11 09:32:10.170,220081,220103,B,,20180511,721.66,93210170,100,72166.0
2018-05-11 09:32:10.170,218415,220103,B,,20180511,722.0,93210170,100,72200.0
2018-05-11 09:32:10.700,220324,214400,S,,20180511,721.43,93210700,100,72143.0
2018-05-11 09:32:10.770,220155,220363,B,,20180511,721.66,93210770,100,72166.0
2018-05-11 09:32:10.770,218415,220363,B,,20180511,722.0,93210770,300,216600.0
2018-05-11 09:32:11.560,220530,220759,B,,20180511,721.66,93211560,100,72166.0
2018-05-11 09:32:11.580,220776,214400,S,,20180511,721.43,93211580,100,72143.0
2018-05-11 09:32:11.840,220838,220900,B,,20180511,721.6,93211840,300,216480.0
2018-05-11 09:32:12.180,220838,221073,B,,20180511,721.6,93212180,600,432960.0
2018-05-11 09:32:12.200,220838,221075,B,,20180511,721.6,93212200,100,72160.0
2018-05-11 09:32:12.200,220884,221075,B,,20180511,721.66,93212200,100,72166.0
2018-05-11 09:32:12.200,220522,221075,B,,20180511,721.9,93212200,400,288760.0
2018-05-11 09:32:12.350,220522,221148,B,,20180511,721.9,93212350,500,360950.0
2018-05-11 09:32:12.670,220522,221314,B,,20180511,721.9,93212670,100,72190.0
2018-05-11 09:32:13.390,221712,214928,S,,20180511,721.43,93213390,100,72143.0
2018-05-11 09:32:13.510,221544,221771,B,,20180511,721.88,93213510,100,72188.0
2018-05-11 09:32:13.750,221544,221882,B,,20180511,721.88,93213750,300,216564.0
2018-05-11 09:32:13.830,221589,221924,B,,20180511,721.89,93213830,100,72189.0
2018-05-11 09:32:13.850,221679,221939,B,,20180511,721.89,93213850,100,72189.0
2018-05-11 09:32:13.850,221705,221939,B,,20180511,721.89,93213850,100,72189.0
2018-05-11 09:32:13.850,221179,221939,B,,20180511,721.93,93213850,100,72193.0
2018-05-11 09:32:13.850,220494,221939,B,,20180511,721.94,93213850,200,144388.0
2018-05-11 09:32:13.850,221145,221939,B,,20180511,721.99,93213850,100,72199.0
2018-05-11 09:32:13.850,218415,221939,B,,20180511,722.0,93213850,3100,2238200.0
2018-05-11 09:32:13.850,219369,221939,B,,20180511,722.0,93213850,100,72200.0
2018-05-11 09:32:13.850,219550,221939,B,,20180511,722.0,93213850,2000,1444000.0
2018-05-11 09:32:13.850,219981,221939,B,,20180511,722.0,93213850,100,72200.0
2018-05-11 09:32:13.850,220349,221939,B,,20180511,722.0,93213850,200,144400.0
2018-05-11 09:32:15.160,222358,222516,B,,20180511,721.8,93215160,3500,2526300.0
2018-05-11 09:32:15.490,222358,222656,B,,20180511,721.8,93215490,100,72180.0
2018-05-11 09:32:15.510,222358,222673,B,,20180511,721.8,93215510,400,288720.0
2018-05-11 09:32:15.650,222358,222723,B,,20180511,721.8,93215650,200,144360.0
2018-05-11 09:32:15.710,222358,222753,B,,20180511,721.8,93215710,100,72180.0
2018-05-11 09:32:16.290,222358,223125,B,,20180511,721.8,93216290,700,505259.99999999994
2018-05-11 09:32:16.290,222848,223125,B,,20180511,721.8,93216290,100,72180.0
2018-05-11 09:32:16.290,222300,223125,B,,20180511,721.95,93216290,100,72195.0
2018-05-11 09:32:16.310,223140,216600,S,,20180511,721.43,93216310,100,72143.0
2018-05-11 09:32:16.310,223140,212974,S,,20180511,721.42,93216310,1000,721420.0
2018-05-11 09:32:16.480,222864,223225,B,,20180511,721.98,93216480,100,72198.0
2018-05-11 09:32:16.850,222641,223373,B,,20180511,721.99,93216850,100,72199.0
2018-05-11 09:32:16.850,222677,223373,B,,20180511,721.99,93216850,100,72199.0
2018-05-11 09:32:17.310,223601,223203,S,,20180511,721.8,93217310,100,72180.0
2018-05-11 09:32:17.440,223565,223659,B,,20180511,721.95,93217440,100,72195.0
2018-05-11 09:32:17.440,223293,223659,B,,20180511,721.99,93217440,4000,2887960.0
2018-05-11 09:32:17.440,223513,223659,B,,20180511,721.99,93217440,700,505393.0
2018-05-11 09:32:17.440,223513,223660,B,,20180511,721.99,93217440,300,216597.0
2018-05-11 09:32:17.440,220349,223660,B,,20180511,722.0,93217440,300,216600.0
2018-05-11 09:32:17.440,220906,223660,B,,20180511,722.0,93217440,100,72200.0
2018-05-11 09:32:17.440,221997,223660,B,,20180511,722.0,93217440,100,72200.0
2018-05-11 09:32:17.440,222096,223660,B,,20180511,722.0,93217440,100,72200.0
2018-05-11 09:32:18.180,223981,223660,S,,20180511,722.0,93218180,100,72200.0
2018-05-11 09:32:18.350,224069,223660,S,,20180511,722.0,93218350,1000,722000.0
2018-05-11 09:32:18.350,224076,223660,S,,20180511,722.0,93218350,400,288800.0
2018-05-11 09:32:18.370,224080,223660,S,,20180511,722.0,93218370,100,72200.0
2018-05-11 09:32:18.520,224162,223660,S,,20180511,722.0,93218520,500,361000.0
2018-05-11 09:32:18.840,224315,223660,S,,20180511,722.0,93218840,100,72200.0
2018-05-11 09:32:18.880,224333,223660,S,,20180511,722.0,93218880,1000,722000.0
2018-05-11 09:32:19.010,219404,224405,B,,20180511,722.01,93219010,100,72201.0
2018-05-11 09:32:19.100,224455,223660,S,,20180511,722.0,93219100,100,72200.0
2018-05-11 09:32:19.200,224515,223660,S,,20180511,722.0,93219200,600,433200.0
2018-05-11 09:32:19.270,224515,224545,B,,20180511,721.89,93219270,400,288756.0
2018-05-11 09:32:19.560,224698,223203,S,,20180511,721.8,93219560,400,288720.0
2018-05-11 09:32:19.630,224712,223203,S,,20180511,721.8,93219630,1000,721800.0
2018-05-11 09:32:19.630,224712,223333,S,,20180511,721.8,93219630,100,72180.0
2018-05-11 09:32:19.780,224515,224774,B,,20180511,721.89,93219780,1000,721890.0
2018-05-11 09:32:19.780,224521,224774,B,,20180511,721.95,93219780,100,72195.0
2018-05-11 09:32:19.780,224546,224774,B,,20180511,721.95,93219780,100,72195.0
2018-05-11 09:32:19.780,224656,224774,B,,20180511,722.0,93219780,100,72200.0
2018-05-11 09:32:19.780,219404,224774,B,,20180511,722.01,93219780,200,144402.0
2018-05-11 09:32:19.780,221711,224774,B,,20180511,722.01,93219780,100,72201.0
2018-05-11 09:32:19.780,221964,224774,B,,20180511,722.01,93219780,100,72201.0
2018-05-11 09:32:19.780,223174,224774,B,,20180511,722.01,93219780,200,144402.0
2018-05-11 09:32:19.780,223487,224774,B,,20180511,722.01,93219780,200,144402.0
2018-05-11 09:32:19.780,223806,224774,B,,20180511,722.01,93219780,100,72201.0
2018-05-11 09:32:19.780,224482,224774,B,,20180511,722.01,93219780,100,72201.0
2018-05-11 09:32:19.990,224862,224774,S,,20180511,722.01,93219990,200,144402.0
2018-05-11 09:32:20.420,225047,224774,S,,20180511,722.01,93220420,100,72201.0
2018-05-11 09:32:20.550,225101,224901,S,,20180511,722.0,93220550,100,72200.0
2018-05-11 09:32:21.130,225278,225376,B,,20180511,721.97,93221130,100,72197.0
2018-05-11 09:32:21.220,225278,225401,B,,20180511,721.97,93221220,100,72197.0
2018-05-11 09:32:21.220,225315,225401,B,,20180511,721.98,93221220,100,72198.0
2018-05-11 09:32:21.220,225134,225401,B,,20180511,722.0,93221220,100,72200.0
2018-05-11 09:32:21.260,225427,225401,S,,20180511,722.0,93221260,100,72200.0
2018-05-11 09:32:21.300,225440,225401,S,,20180511,722.0,93221300,500,361000.0
2018-05-11 09:32:21.510,225440,225547,B,,20180511,722.0,93221510,500,361000.0
2018-05-11 09:32:21.510,225537,225547,B,,20180511,722.0,93221510,100,72200.0
2018-05-11 09:32:21.910,225784,225547,S,,20180511,722.01,93221910,200,144402.0
2018-05-11 09:32:22.030,225842,225547,S,,20180511,722.01,93222030,100,72201.0
2018-05-11 09:32:22.050,222150,225863,B,,20180511,722.05,93222050,100,72205.0
2018-05-11 09:32:22.320,226019,225547,S,,20180511,722.01,93222320,100,72201.0
2018-05-11 09:32:22.430,226070,225583,S,,20180511,722.01,93222430,100,72201.0
2018-05-11 09:32:22.550,226133,225583,S,,20180511,722.01,93222550,400,288804.0
2018-05-11 09:32:22.550,226133,225949,S,,20180511,722.0,93222550,100,72200.0
2018-05-11 09:32:22.550,226133,224156,S,,20180511,721.8,93222550,1000,721800.0
2018-05-11 09:32:22.850,226273,226252,S,,20180511,722.0,93222850,100,72200.0
2018-05-11 09:32:23.270,222150,226454,B,,20180511,722.05,93223270,100,72205.0
2018-05-11 09:32:23.360,226491,226252,S,,20180511,722.0,93223360,100,72200.0
2018-05-11 09:32:23.510,226551,226252,S,,20180511,722.0,93223510,200,144400.0
2018-05-11 09:32:23.510,226551,226538,S,,20180511,722.0,93223510,100,72200.0
2018-05-11 09:32:23.510,226551,226547,S,,20180511,722.0,93223510,100,72200.0
2018-05-11 09:32:23.630,226551,226599,B,,20180511,721.98,93223630,2000,1443960.0
2018-05-11 09:32:23.700,226629,212974,S,,20180511,721.42,93223700,100,72142.0
2018-05-11 09:32:24.280,226551,226889,B,,20180511,721.98,93224280,100,72198.0
2018-05-11 09:32:24.500,226551,226978,B,,20180511,721.98,93224500,715,516215.7
2018-05-11 09:32:24.500,226558,226978,B,,20180511,722.0,93224500,200,144400.0
2018-05-11 09:32:24.500,226601,226978,B,,20180511,722.0,93224500,500,361000.0
2018-05-11 09:32:24.500,226964,226978,B,,20180511,722.0,93224500,100,72200.0
2018-05-11 09:32:24.700,227081,226978,S,,20180511,722.0,93224700,100,72200.0
2018-05-11 09:32:25.040,227265,226978,S,,20180511,722.0,93225040,185,133570.0
2018-05-11 09:32:25.890,227265,227678,B,,20180511,722.0,93225890,100,72200.0
2018-05-11 09:32:26.360,227843,227296,S,,20180511,721.99,93226360,100,72199.0
2018-05-11 09:32:26.520,227265,227937,B,,20180511,722.0,93226520,15,10830.0
2018-05-11 09:32:26.520,227326,227937,B,,20180511,722.0,93226520,100,72200.0
2018-05-11 09:32:26.520,227821,227937,B,,20180511,722.0,93226520,85,61370.0
2018-05-11 09:32:26.540,227949,227642,S,,20180511,721.98,93226540,100,72198.0
2018-05-11 09:32:27.030,228187,227642,S,,20180511,721.98,93227030,500,360990.0
2018-05-11 09:32:27.440,228368,227642,S,,20180511,721.98,93227440,100,72198.0
2018-05-11 09:32:28.030,228702,228082,S,,20180511,721.95,93228030,100,72195.0
2018-05-11 09:32:28.170,227821,228759,B,,20180511,722.0,93228170,1915,1382630.0
2018-05-11 09:32:28.170,228050,228759,B,,20180511,722.0,93228170,100,72200.0
2018-05-11 09:32:28.170,228282,228759,B,,20180511,722.0,93228170,100,72200.0
2018-05-11 09:32:28.170,228742,228759,B,,20180511,722.0,93228170,100,72200.0
2018-05-11 09:32:28.170,227554,228759,B,,20180511,722.01,93228170,100,72201.0
2018-05-11 09:32:28.170,227608,228759,B,,20180511,722.01,93228170,100,72201.0
2018-05-11 09:32:28.170,228097,228759,B,,20180511,722.01,93228170,100,72201.0
2018-05-11 09:32:28.170,228390,228759,B,,20180511,722.01,93228170,300,216603.0
2018-05-11 09:32:28.170,228610,228759,B,,20180511,722.01,93228170,100,72201.0
2018-05-11 09:32:28.170,222150,228759,B,,20180511,722.05,93228170,300,216615.0
2018-05-11 09:32:28.170,224378,228759,B,,20180511,722.1,93228170,100,72210.0
2018-05-11 09:32:28.170,227426,228759,B,,20180511,722.1,93228170,955,689605.5
2018-05-11 09:32:28.170,222824,228759,B,,20180511,722.15,93228170,100,72215.0
2018-05-11 09:32:28.170,224168,228759,B,,20180511,722.15,93228170,430,310524.5
2018-05-11 09:32:28.170,224168,228760,B,,20180511,722.15,93228170,570,411625.5
2018-05-11 09:32:28.170,183719,228760,B,,20180511,722.18,93228170,100,72218.0
2018-05-11 09:32:28.170,226357,228760,B,,20180511,722.2,93228170,100,72220.0
2018-05-11 09:32:28.170,221835,228760,B,,20180511,722.25,93228170,100,72225.0
2018-05-11 09:32:28.170,24288,228760,B,,20180511,722.3,93228170,3930,2838639.0
2018-05-11 09:32:28.210,228771,228776,B,,20180511,722.0,93228210,100,72200.0
2018-05-11 09:32:28.270,228823,228082,S,,20180511,721.95,93228270,100,72195.0
2018-05-11 09:32:28.740,228821,229067,B,,20180511,722.0,93228740,100,72200.0
2018-05-11 09:32:29.220,229301,229119,S,,20180511,722.15,93229220,100,72215.0
2018-05-11 09:32:29.220,229301,229067,S,,20180511,722.0,93229220,1100,794200.0
2018-05-11 09:32:29.430,229432,228917,S,,20180511,721.99,93229430,100,72199.0
2018-05-11 09:32:29.490,229455,228917,S,,20180511,721.99,93229490,200,144398.0
2018-05-11 09:32:29.580,229498,228917,S,,20180511,721.99,93229580,100,72199.0
2018-05-11 09:32:30.160,229301,229741,B,,20180511,722.0,93230160,100,72200.0
2018-05-11 09:32:30.380,229823,228917,S,,20180511,721.99,93230380,600,433194.0
2018-05-11 09:32:30.380,229824,228917,S,,20180511,721.99,93230380,400,288796.0
2018-05-11 09:32:30.570,229906,228586,S,,20180511,721.95,93230570,300,216585.0
2018-05-11 09:32:30.620,229921,228586,S,,20180511,721.95,93230620,100,72195.0
2018-05-11 09:32:31.120,229824,230204,B,,20180511,721.98,93231120,100,72198.0
2018-05-11 09:32:31.330,229824,230312,B,,20180511,721.98,93231330,100,72198.0
2018-05-11 09:32:31.330,229301,230312,B,,20180511,722.0,93231330,100,72200.0
2018-05-11 09:32:31.330,230324,228586,S,,20180511,721.95,93231330,300,216585.0
2018-05-11 09:32:31.330,230324,227985,S,,20180511,721.8,93231330,200,144360.0
2018-05-11 09:32:31.580,229301,230427,B,,20180511,722.0,93231580,1000,722000.0
2018-05-11 09:32:31.580,230434,230403,S,,20180511,721.96,93231580,300,216588.0
2018-05-11 09:32:31.780,229301,230523,B,,20180511,722.0,93231780,300,216600.0
2018-05-11 09:32:31.930,230596,230507,S,,20180511,721.98,93231930,100,72198.0
2018-05-11 09:32:32.480,229301,230844,B,,20180511,722.0,93232480,300,216600.0
2018-05-11 09:32:32.920,231037,230507,S,,20180511,721.98,93232920,100,72198.0
2018-05-11 09:32:32.920,231037,230693,S,,20180511,721.98,93232920,100,72198.0
2018-05-11 09:32:32.920,231037,230403,S,,20180511,721.96,93232920,200,144392.0
2018-05-11 09:32:32.920,231037,227985,S,,20180511,721.8,93232920,600,433080.0
2018-05-11 09:32:34.090,231487,231634,B,,20180511,721.95,93234090,200,144390.0
2018-05-11 09:32:34.090,229301,231634,B,,20180511,722.0,93234090,800,577600.0
2018-05-11 09:32:34.410,229301,231785,B,,20180511,722.0,93234410,1000,722000.0
2018-05-11 09:32:34.480,229301,231815,B,,20180511,722.0,93234480,1600,1155200.0
2018-05-11 09:32:34.480,229805,231815,B,,20180511,722.0,93234480,100,72200.0
2018-05-11 09:32:34.480,229948,231815,B,,20180511,722.0,93234480,100,72200.0
2018-05-11 09:32:34.480,230237,231815,B,,20180511,722.0,93234480,100,72200.0
2018-05-11 09:32:34.480,230452,231815,B,,20180511,722.0,93234480,100,72200.0
2018-05-11 09:32:34.480,230502,231815,B,,20180511,722.0,93234480,100,72200.0
2018-05-11 09:32:34.480,231002,231815,B,,20180511,722.0,93234480,500,361000.0
2018-05-11 09:32:34.480,231321,231815,B,,20180511,722.0,93234480,400,288800.0
2018-05-11 09:32:34.480,230439,231816,B,,20180511,722.01,93234480,100,72201.0
2018-05-11 09:32:34.580,231862,231815,S,,20180511,722.0,93234580,100,72200.0
2018-05-11 09:32:34.900,232029,231815,S,,20180511,722.0,93234900,1300,938600.0
2018-05-11 09:32:34.900,232029,231943,S,,20180511,722.0,93234900,600,433200.0
2018-05-11 09:32:35.030,232094,231753,S,,20180511,721.85,93235030,100,72185.0
2018-05-11 09:32:35.030,232094,227985,S,,20180511,721.8,93235030,200,144360.0
2018-05-11 09:32:35.570,232035,232312,B,,20180511,721.95,93235570,100,72195.0
2018-05-11 09:32:35.570,232029,232312,B,,20180511,721.97,93235570,600,433182.0
2018-05-11 09:32:35.570,232193,232312,B,,20180511,722.0,93235570,100,72200.0
2018-05-11 09:32:35.630,230490,232346,B,,20180511,722.01,93235630,100,72201.0
2018-05-11 09:32:35.630,230572,232346,B,,20180511,722.01,93235630,100,72201.0
2018-05-11 09:32:35.630,230978,232346,B,,20180511,722.01,93235630,100,72201.0
2018-05-11 09:32:35.670,232356,232312,S,,20180511,722.0,93235670,100,72200.0
2018-05-11 09:32:35.690,232372,232312,S,,20180511,722.0,93235690,200,144400.0
2018-05-11 09:32:36.020,232518,232312,S,,20180511,722.0,93236020,100,72200.0
2018-05-11 09:32:36.060,232545,232312,S,,20180511,722.0,93236060,100,72200.0
2018-05-11 09:32:36.190,232627,232312,S,,20180511,722.0,93236190,100,72200.0
2018-05-11 09:32:36.570,229825,232788,B,,20180511,722.04,93236570,100,72204.0
2018-05-11 09:32:36.930,232969,232944,S,,20180511,722.04,93236930,100,72204.0
2018-05-11 09:32:37.020,233025,232312,S,,20180511,722.0,93237020,100,72200.0
2018-05-11 09:32:37.340,233188,232312,S,,20180511,722.0,93237340,100,72200.0
