,AskOrder,BidOrder,BSFlags,FunctionCode,Date,Price,Time,Volume,Amount
2018-05-02 09:24:59.590,81,29603,B,,20180502,660.0,92459590,400,264000.0
2018-05-02 09:24:59.590,81,50985,B,,20180502,660.0,92459590,900,594000.0
2018-05-02 09:24:59.590,81,56502,B,,20180502,660.0,92459590,1700,1122000.0
2018-05-02 09:24:59.590,81,56595,B,,20180502,660.0,92459590,100,66000.0
2018-05-02 09:24:59.590,81,93243,B,,20180502,660.0,92459590,100,66000.0
2018-05-02 09:24:59.590,81,26420,B,,20180502,660.0,92459590,700,462000.0
2018-05-02 09:24:59.590,81,26422,B,,20180502,660.0,92459590,700,462000.0
2018-05-02 09:24:59.590,81,26713,B,,20180502,660.0,92459590,700,462000.0
2018-05-02 09:24:59.590,81,26716,B,,20180502,660.0,92459590,700,462000.0
2018-05-02 09:24:59.590,81,26722,B,,20180502,660.0,92459590,700,462000.0
2018-05-02 09:24:59.590,81,26727,B,,20180502,660.0,92459590,700,462000.0
2018-05-02 09:24:59.590,81,26730,B,,20180502,660.0,92459590,700,462000.0
2018-05-02 09:24:59.590,81,67482,B,,20180502,660.0,92459590,600,396000.0
2018-05-02 09:24:59.590,81,70330,B,,20180502,660.0,92459590,600,396000.0
2018-05-02 09:24:59.590,81,73101,B,,20180502,660.0,92459590,1700,1122000.0
2018-05-02 09:24:59.590,81,75712,B,,20180502,660.0,92459590,2000,1320000.0
2018-05-02 09:24:59.590,382,75712,B,,20180502,660.0,92459590,600,396000.0
2018-05-02 09:24:59.590,382,77071,B,,20180502,660.0,92459590,2600,1716000.0
2018-05-02 09:24:59.590,61502,78023,B,,20180502,660.0,92459590,100,66000.0
2018-05-02 09:24:59.590,26415,78023,B,,20180502,660.0,92459590,1400,924000.0
2018-05-02 09:24:59.590,26415,80016,B,,20180502,660.0,92459590,1000,660000.0
2018-05-02 09:24:59.590,61671,80016,B,,20180502,660.0,92459590,300,198000.0
2018-05-02 09:24:59.590,87884,80016,S,,20180502,660.0,92459590,1200,792000.0
2018-05-02 09:24:59.590,87884,83151,S,,20180502,660.0,92459590,1300,858000.0
2018-05-02 09:24:59.590,90944,83151,S,,20180502,660.0,92459590,1000,660000.0
2018-05-02 09:24:59.590,90944,85255,S,,20180502,660.0,92459590,2100,1386000.0
2018-05-02 09:24:59.590,90944,90429,S,,20180502,660.0,92459590,2600,1716000.0
2018-05-02 09:24:59.590,90945,90429,S,,20180502,660.0,92459590,200,132000.0
2018-05-02 09:24:59.590,90945,91921,B,,20180502,660.0,92459590,3700,2442000.0
2018-05-02 09:24:59.590,90945,92910,B,,20180502,660.0,92459590,3800,2508000.0
2018-05-02 09:24:59.590,90945,94899,B,,20180502,660.0,92459590,1600,1056000.0
2018-05-02 09:24:59.590,90948,94899,B,,20180502,660.0,92459590,1700,1122000.0
2018-05-02 09:24:59.590,90948,97060,B,,20180502,660.0,92459590,9600,6336000.0
2018-05-02 09:24:59.590,90948,66942,S,,20180502,660.0,92459590,200,132000.0
2018-05-02 09:24:59.590,90948,67047,S,,20180502,660.0,92459590,500,330000.0
2018-05-02 09:24:59.590,90948,67048,S,,20180502,660.0,92459590,200,132000.0
2018-05-02 09:24:59.590,90948,67215,S,,20180502,660.0,92459590,100,66000.0
2018-05-02 09:24:59.590,90948,67302,S,,20180502,660.0,92459590,100,66000.0
2018-05-02 09:24:59.590,90948,67303,S,,20180502,660.0,92459590,100,66000.0
2018-05-02 09:24:59.590,90948,67311,S,,20180502,660.0,92459590,100,66000.0
2018-05-02 09:24:59.590,90948,65790,S,,20180502,660.0,92459590,200,132000.0
2018-05-02 09:24:59.590,90948,67322,S,,20180502,660.0,92459590,700,462000.0
2018-05-02 09:24:59.590,90949,67322,S,,20180502,660.0,92459590,200,132000.0
2018-05-02 09:24:59.590,90949,67473,S,,20180502,660.0,92459590,2400,1584000.0
2018-05-02 09:24:59.590,90949,67474,S,,20180502,660.0,92459590,200,132000.0
2018-05-02 09:24:59.590,90949,97422,B,,20180502,660.0,92459590,100,66000.0
2018-05-02 09:24:59.590,90949,85535,S,,20180502,660.0,92459590,100,66000.0
2018-05-02 09:24:59.590,90949,84731,S,,20180502,660.0,92459590,5500,3630000.0
2018-05-02 09:24:59.590,92336,89618,S,,20180502,660.0,92459590,100,66000.0
2018-05-02 09:24:59.590,92336,93133,B,,20180502,660.0,92459590,100,66000.0
2018-05-02 09:24:59.590,92336,59736,S,,20180502,660.0,92459590,500,330000.0
2018-05-02 09:24:59.590,92337,59736,S,,20180502,660.0,92459590,1800,1188000.0
2018-05-02 09:24:59.590,92337,76943,S,,20180502,660.0,92459590,1200,792000.0
2018-05-02 09:24:59.590,92337,78158,S,,20180502,660.0,92459590,1000,660000.0
2018-05-02 09:24:59.590,92337,81917,S,,20180502,660.0,92459590,300,198000.0
2018-05-02 09:24:59.590,92337,82954,S,,20180502,660.0,92459590,300,198000.0
2018-05-02 09:24:59.590,92337,83696,S,,20180502,660.0,92459590,300,198000.0
2018-05-02 09:24:59.590,92337,85645,S,,20180502,660.0,92459590,300,198000.0
2018-05-02 09:24:59.590,92337,97482,B,,20180502,660.0,92459590,1000,660000.0
2018-05-02 09:24:59.590,92337,87577,S,,20180502,660.0,92459590,800,528000.0
2018-05-02 09:24:59.590,92337,87404,S,,20180502,660.0,92459590,100,66000.0
2018-05-02 09:24:59.590,92337,126,S,,20180502,660.0,92459590,100,66000.0
2018-05-02 09:24:59.590,92337,59255,S,,20180502,660.0,92459590,100,66000.0
2018-05-02 09:24:59.590,92337,81137,S,,20180502,660.0,92459590,300,198000.0
2018-05-02 09:24:59.590,92337,76514,S,,20180502,660.0,92459590,200,132000.0
2018-05-02 09:24:59.590,92337,91212,S,,20180502,660.0,92459590,100,66000.0
2018-05-02 09:24:59.590,92337,86865,S,,20180502,660.0,92459590,100,66000.0
2018-05-02 09:24:59.590,92337,42920,S,,20180502,660.0,92459590,300,198000.0
2018-05-02 09:24:59.590,92337,11044,S,,20180502,660.0,92459590,100,66000.0
2018-05-02 09:24:59.590,92337,11613,S,,20180502,660.0,92459590,300,198000.0
2018-05-02 09:24:59.590,92337,55540,S,,20180502,660.0,92459590,1000,660000.0
2018-05-02 09:24:59.590,92337,60963,S,,20180502,660.0,92459590,100,66000.0
2018-05-02 09:24:59.590,92338,97135,B,,20180502,660.0,92459590,200,132000.0
2018-05-02 09:24:59.590,92338,25922,S,,20180502,660.0,92459590,100,66000.0
2018-05-02 09:24:59.590,92338,91893,S,,20180502,660.0,92459590,83,54780.0
2018-05-02 09:24:59.590,92340,91893,S,,20180502,660.0,92459590,617,407220.0
2018-05-02 09:24:59.590,92340,58557,S,,20180502,660.0,92459590,100,66000.0
2018-05-02 09:24:59.590,92340,75391,S,,20180502,660.0,92459590,100,66000.0
2018-05-02 09:24:59.590,92340,87991,S,,20180502,660.0,92459590,151,99660.0
2018-05-02 09:24:59.590,92341,87991,S,,20180502,660.0,92459590,149,98340.0
2018-05-02 09:24:59.590,92341,95459,B,,20180502,660.0,92459590,200,132000.0
2018-05-02 09:24:59.590,92341,2259,S,,20180502,660.0,92459590,287,189420.0
2018-05-02 09:24:59.590,92966,2259,S,,20180502,660.0,92459590,200,132000.0
2018-05-02 09:24:59.590,69113,2259,S,,20180502,660.0,92459590,100,66000.0
2018-05-02 09:24:59.590,70175,2259,S,,20180502,660.0,92459590,100,66000.0
2018-05-02 09:24:59.590,68755,2259,S,,20180502,660.0,92459590,100,66000.0
2018-05-02 09:24:59.590,66585,2259,S,,20180502,660.0,92459590,300,198000.0
2018-05-02 09:24:59.590,69375,2259,S,,20180502,660.0,92459590,13,8580.0
2018-05-02 09:24:59.590,69375,6040,S,,20180502,660.0,92459590,100,66000.0
2018-05-02 09:24:59.590,69375,14011,S,,20180502,660.0,92459590,100,66000.0
2018-05-02 09:24:59.590,69375,14648,S,,20180502,660.0,92459590,100,66000.0
2018-05-02 09:24:59.590,69375,19013,S,,20180502,660.0,92459590,87,57420.0
2018-05-02 09:24:59.590,77839,19013,S,,20180502,660.0,92459590,13,8580.0
2018-05-02 09:24:59.590,77839,19394,S,,20180502,660.0,92459590,100,66000.0
2018-05-02 09:24:59.590,77839,19623,S,,20180502,660.0,92459590,100,66000.0
2018-05-02 09:24:59.590,77839,25917,S,,20180502,660.0,92459590,100,66000.0
2018-05-02 09:24:59.590,77839,29614,S,,20180502,660.0,92459590,100,66000.0
2018-05-02 09:24:59.590,77839,36686,S,,20180502,660.0,92459590,287,189420.0
2018-05-02 09:24:59.590,3906,36686,B,,20180502,660.0,92459590,13,8580.0
2018-05-02 09:24:59.590,3906,3872,S,,20180502,660.0,92459590,100,66000.0
2018-05-02 09:24:59.590,3906,46777,B,,20180502,660.0,92459590,100,66000.0
2018-05-02 09:24:59.590,3906,27096,B,,20180502,660.0,92459590,100,66000.0
2018-05-02 09:24:59.590,3906,75390,B,,20180502,660.0,92459590,887,585420.0
2018-05-02 09:24:59.590,27822,75390,B,,20180502,660.0,92459590,18,11880.0
2018-05-02 09:24:59.590,27823,75390,B,,20180502,660.0,92459590,34,22440.0
2018-05-02 09:24:59.590,71340,75390,B,,20180502,660.0,92459590,500,330000.0
2018-05-02 09:24:59.590,72643,75390,B,,20180502,660.0,92459590,300,198000.0
2018-05-02 09:24:59.590,75589,75390,S,,20180502,660.0,92459590,200,132000.0
2018-05-02 09:24:59.590,78246,75390,S,,20180502,660.0,92459590,361,238260.0
2018-05-02 09:24:59.590,78246,52315,S,,20180502,660.0,92459590,39,25740.0
2018-05-02 09:24:59.590,95166,52315,S,,20180502,660.0,92459590,61,40260.0
2018-05-02 09:24:59.590,95166,25919,S,,20180502,660.0,92459590,39,25740.0
2018-05-02 09:24:59.590,59127,25919,S,,20180502,660.0,92459590,61,40260.0
2018-05-02 09:24:59.590,59127,25920,S,,20180502,660.0,92459590,39,25740.0
2018-05-02 09:24:59.590,59815,25920,S,,20180502,660.0,92459590,61,40260.0
2018-05-02 09:24:59.590,59815,82010,B,,20180502,660.0,92459590,100,66000.0
2018-05-02 09:24:59.590,59815,252,S,,20180502,660.0,92459590,139,91740.0
2018-05-02 09:24:59.590,67312,252,S,,20180502,660.0,92459590,100,66000.0
2018-05-02 09:24:59.590,26419,252,S,,20180502,660.0,92459590,100,66000.0
2018-05-02 09:24:59.590,86775,252,S,,20180502,660.0,92459590,61,40260.0
2018-05-02 09:24:59.590,86775,11745,S,,20180502,660.0,92459590,500,330000.0
2018-05-02 09:24:59.590,86775,17945,S,,20180502,660.0,92459590,200,132000.0
2018-05-02 09:24:59.590,86775,27127,S,,20180502,660.0,92459590,100,66000.0
2018-05-02 09:24:59.590,86775,29289,S,,20180502,660.0,92459590,100,66000.0
2018-05-02 09:24:59.590,86775,54480,S,,20180502,660.0,92459590,100,66000.0
2018-05-02 09:24:59.590,86775,62008,S,,20180502,660.0,92459590,100,66000.0
2018-05-02 09:24:59.590,86775,65491,S,,20180502,660.0,92459590,100,66000.0
2018-05-02 09:24:59.590,86775,69167,S,,20180502,660.0,92459590,62,40920.0
2018-05-02 09:24:59.590,3908,69167,B,,20180502,660.0,92459590,38,25080.0
2018-05-02 09:24:59.590,3908,82060,B,,20180502,660.0,92459590,100,66000.0
2018-05-02 09:24:59.590,3908,83160,B,,20180502,660.0,92459590,600,396000.0
2018-05-02 09:24:59.590,3908,94362,B,,20180502,660.0,92459590,600,396000.0
2018-05-02 09:24:59.590,3908,91487,B,,20180502,660.0,92459590,200,132000.0
2018-05-02 09:24:59.590,3908,25918,B,,20180502,660.0,92459590,100,66000.0
2018-05-02 09:24:59.590,3908,90445,B,,20180502,660.0,92459590,300,198000.0
2018-05-02 09:24:59.590,3908,83324,B,,20180502,660.0,92459590,100,66000.0
2018-05-02 09:24:59.590,3908,12739,B,,20180502,660.0,92459590,1462,964920.0
2018-05-02 09:24:59.590,65644,12739,S,,20180502,660.0,92459590,500,330000.0
2018-05-02 09:24:59.590,68337,12739,S,,20180502,660.0,92459590,25,16500.0
2018-05-02 09:24:59.590,70073,12739,S,,20180502,660.0,92459590,13,8580.0
2018-05-02 09:24:59.590,70073,45139,S,,20180502,660.0,92459590,100,66000.0
2018-05-02 09:24:59.590,70073,77573,B,,20180502,660.0,92459590,200,132000.0
2018-05-02 09:24:59.590,70073,18102,S,,20180502,660.0,92459590,300,198000.0
2018-05-02 09:24:59.590,70073,24988,S,,20180502,660.0,92459590,1387,915420.0
2018-05-02 09:24:59.590,72866,24988,S,,20180502,660.0,92459590,613,404580.0
2018-05-02 09:24:59.590,72866,28022,S,,20180502,660.0,92459590,100,66000.0
2018-05-02 09:24:59.590,72866,41566,S,,20180502,660.0,92459590,100,66000.0
2018-05-02 09:24:59.590,72866,43890,S,,20180502,660.0,92459590,200,132000.0
2018-05-02 09:24:59.590,72866,52804,S,,20180502,660.0,92459590,100,66000.0
2018-05-02 09:24:59.590,72866,54935,S,,20180502,660.0,92459590,100,66000.0
2018-05-02 09:24:59.590,72866,89168,B,,20180502,660.0,92459590,187,123420.0
2018-05-02 09:24:59.590,77445,89168,B,,20180502,660.0,92459590,13,8580.0
2018-05-02 09:24:59.590,77445,91006,B,,20180502,660.0,92459590,87,57420.0
2018-05-02 09:24:59.590,79760,91006,B,,20180502,660.0,92459590,13,8580.0
2018-05-02 09:24:59.590,79760,92083,B,,20180502,660.0,92459590,1187,783420.0
2018-05-02 09:24:59.590,87035,92083,B,,20180502,660.0,92459590,100,66000.0
2018-05-02 09:24:59.590,87528,92083,B,,20180502,660.0,92459590,300,198000.0
2018-05-02 09:24:59.590,88259,92083,B,,20180502,660.0,92459590,200,132000.0
2018-05-02 09:24:59.590,88638,92083,B,,20180502,660.0,92459590,200,132000.0
2018-05-02 09:24:59.590,89167,92083,B,,20180502,660.0,92459590,313,206580.0
2018-05-02 09:24:59.590,89167,62277,S,,20180502,660.0,92459590,100,66000.0
2018-05-02 09:24:59.590,89167,68532,S,,20180502,660.0,92459590,100,66000.0
2018-05-02 09:24:59.590,89167,70586,S,,20180502,660.0,92459590,200,132000.0
2018-05-02 09:24:59.590,89167,61687,S,,20180502,660.0,92459590,100,66000.0
2018-05-02 09:24:59.590,89167,37247,S,,20180502,660.0,92459590,187,123420.0
2018-05-02 09:24:59.590,89721,37247,S,,20180502,660.0,92459590,500,330000.0
2018-05-02 09:24:59.590,89836,37247,S,,20180502,660.0,92459590,1313,866580.0
2018-05-02 09:24:59.590,89836,60471,S,,20180502,660.0,92459590,100,66000.0
2018-05-02 09:24:59.590,89836,62089,S,,20180502,660.0,92459590,100,66000.0
2018-05-02 09:24:59.590,89836,63019,S,,20180502,660.0,92459590,100,66000.0
2018-05-02 09:24:59.590,89836,64700,S,,20180502,660.0,92459590,100,66000.0
2018-05-02 09:24:59.590,89836,64730,S,,20180502,660.0,92459590,100,66000.0
2018-05-02 09:24:59.590,89836,64743,S,,20180502,660.0,92459590,100,66000.0
2018-05-02 09:24:59.590,89836,64918,S,,20180502,660.0,92459590,100,66000.0
2018-05-02 09:24:59.590,89836,65499,S,,20180502,660.0,92459590,1587,1047420.0
2018-05-02 09:24:59.590,89894,65499,S,,20180502,660.0,92459590,1413,932580.0
2018-05-02 09:24:59.590,89894,65650,S,,20180502,660.0,92459590,100,66000.0
2018-05-02 09:24:59.590,89894,71355,S,,20180502,660.0,92459590,1000,660000.0
2018-05-02 09:24:59.590,89894,71882,S,,20180502,660.0,92459590,100,66000.0
2018-05-02 09:24:59.590,89894,77264,S,,20180502,660.0,92459590,100,66000.0
2018-05-02 09:24:59.590,89894,19049,S,,20180502,660.0,92459590,1000,660000.0
2018-05-02 09:24:59.590,89894,57651,S,,20180502,660.0,92459590,3000,1980000.0
2018-05-02 09:24:59.590,89894,58014,S,,20180502,660.0,92459590,100,66000.0
2018-05-02 09:24:59.590,89894,69760,S,,20180502,660.0,92459590,100,66000.0
2018-05-02 09:24:59.590,89894,78882,S,,20180502,660.0,92459590,100,66000.0
2018-05-02 09:24:59.590,89894,81729,S,,20180502,660.0,92459590,100,66000.0
2018-05-02 09:24:59.590,89894,87569,S,,20180502,660.0,92459590,100,66000.0
2018-05-02 09:24:59.590,89894,92684,B,,20180502,660.0,92459590,100,66000.0
2018-05-02 09:24:59.590,89894,66622,S,,20180502,660.0,92459590,2687,1773420.0
2018-05-02 09:24:59.590,90194,66622,S,,20180502,660.0,92459590,2100,1386000.0
2018-05-02 09:24:59.590,90754,66622,S,,20180502,660.0,92459590,100,66000.0
2018-05-02 09:24:59.590,91100,66622,S,,20180502,660.0,92459590,200,132000.0
2018-05-02 09:24:59.590,92253,66622,S,,20180502,660.0,92459590,100,66000.0
2018-05-02 09:24:59.590,94506,66622,S,,20180502,660.0,92459590,400,264000.0
2018-05-02 09:24:59.590,95788,66622,S,,20180502,660.0,92459590,100,66000.0
2018-05-02 09:24:59.590,72564,66622,S,,20180502,660.0,92459590,100,66000.0
2018-05-02 09:24:59.590,93539,66622,S,,20180502,660.0,92459590,100,66000.0
2018-05-02 09:24:59.590,94858,66622,S,,20180502,660.0,92459590,300,198000.0
2018-05-02 09:24:59.590,95553,66622,S,,20180502,660.0,92459590,100,66000.0
2018-05-02 09:24:59.590,96192,66622,S,,20180502,660.0,92459590,2500,1650000.0
2018-05-02 09:24:59.590,96556,66622,S,,20180502,660.0,92459590,9413,6212580.0
2018-05-02 09:24:59.590,96556,76063,S,,20180502,660.0,92459590,100,66000.0
2018-05-02 09:24:59.590,96556,77262,S,,20180502,660.0,92459590,13000,8580000.0
2018-05-02 09:24:59.590,96556,78702,S,,20180502,660.0,92459590,100,66000.0
2018-05-02 09:24:59.590,96556,78786,S,,20180502,660.0,92459590,100,66000.0
2018-05-02 09:24:59.590,96556,79012,S,,20180502,660.0,92459590,100,66000.0
2018-05-02 09:24:59.590,96556,79470,S,,20180502,660.0,92459590,100,66000.0
2018-05-02 09:24:59.590,96556,80435,S,,20180502,660.0,92459590,500,330000.0
2018-05-02 09:24:59.590,96556,81631,S,,20180502,660.0,92459590,200,132000.0
2018-05-02 09:24:59.590,96556,82701,S,,20180502,660.0,92459590,7500,4950000.0
2018-05-02 09:24:59.590,96556,84260,S,,20180502,660.0,92459590,1000,660000.0
2018-05-02 09:24:59.590,96556,84370,S,,20180502,660.0,92459590,100,66000.0
2018-05-02 09:24:59.590,96556,88535,S,,20180502,660.0,92459590,200,132000.0
2018-05-02 09:24:59.590,96556,88841,S,,20180502,660.0,92459590,100,66000.0
2018-05-02 09:24:59.590,96556,89606,S,,20180502,660.0,92459590,9700,6402000.0
2018-05-02 09:24:59.590,96556,90103,S,,20180502,660.0,92459590,100,66000.0
2018-05-02 09:24:59.590,96556,92256,S,,20180502,660.0,92459590,12400,8184000.0
2018-05-02 09:24:59.590,96556,93252,S,,20180502,660.0,92459590,4600,3036000.0
2018-05-02 09:24:59.590,96556,93373,S,,20180502,660.0,92459590,2000,1320000.0
2018-05-02 09:24:59.590,96556,94101,S,,20180502,660.0,92459590,4300,2838000.0
2018-05-02 09:24:59.590,96556,94937,S,,20180502,660.0,92459590,500,330000.0
2018-05-02 09:24:59.590,96556,95759,S,,20180502,660.0,92459590,1900,1254000.0
2018-05-02 09:24:59.590,96556,96651,B,,20180502,660.0,92459590,500,330000.0
2018-05-02 09:24:59.590,96556,25921,S,,20180502,660.0,92459590,100,66000.0
2018-05-02 09:24:59.590,96556,91208,S,,20180502,660.0,92459590,200,132000.0
2018-05-02 09:24:59.590,96556,96366,S,,20180502,660.0,92459590,100,66000.0
2018-05-02 09:24:59.590,96556,89039,S,,20180502,660.0,92459590,100,66000.0
2018-05-02 09:24:59.590,96556,37250,S,,20180502,660.0,92459590,3000,1980000.0
2018-05-02 09:24:59.590,96556,80707,S,,20180502,660.0,92459590,100,66000.0
2018-05-02 09:24:59.590,96556,19050,S,,20180502,660.0,92459590,2000,1320000.0
2018-05-02 09:24:59.590,96556,14679,S,,20180502,660.0,92459590,500,330000.0
2018-05-02 09:24:59.590,96556,75991,S,,20180502,660.0,92459590,100,66000.0
2018-05-02 09:24:59.590,96556,92484,S,,20180502,660.0,92459590,287,189420.0
2018-05-02 09:24:59.590,82494,92484,B,,20180502,660.0,92459590,100,66000.0
2018-05-02 09:24:59.590,65820,92484,B,,20180502,660.0,92459590,13,8580.0
2018-05-02 09:24:59.590,65820,95380,B,,20180502,660.0,92459590,100,66000.0
2018-05-02 09:24:59.590,65820,97378,B,,20180502,660.0,92459590,100,66000.0
2018-05-02 09:24:59.590,65820,73285,B,,20180502,660.0,92459590,300,198000.0
2018-05-02 09:24:59.590,65820,79302,B,,20180502,660.0,92459590,100,66000.0
2018-05-02 09:24:59.590,65820,96297,B,,20180502,660.0,92459590,187,123420.0
2018-05-02 09:24:59.590,83634,96297,B,,20180502,660.0,92459590,713,470580.0
2018-05-02 09:24:59.590,83634,38276,S,,20180502,660.0,92459590,1587,1047420.0
2018-05-02 09:24:59.590,86187,38276,S,,20180502,660.0,92459590,2413,1592580.0
2018-05-02 09:24:59.590,86187,69936,S,,20180502,660.0,92459590,200,132000.0
2018-05-02 09:24:59.590,86187,96311,B,,20180502,660.0,92459590,187,123420.0
2018-05-02 09:24:59.590,86290,96311,B,,20180502,660.0,92459590,2400,1584000.0
2018-05-02 09:24:59.590,89399,96311,B,,20180502,660.0,92459590,700,462000.0
2018-05-02 09:24:59.590,90498,96311,B,,20180502,660.0,92459590,9100,6006000.0
2018-05-02 09:24:59.590,91004,96311,B,,20180502,660.0,92459590,100,66000.0
2018-05-02 09:24:59.590,91767,96311,B,,20180502,660.0,92459590,9200,6072000.0
2018-05-02 09:24:59.590,93800,96311,B,,20180502,660.0,92459590,100,66000.0
2018-05-02 09:24:59.590,82754,96311,B,,20180502,660.0,92459590,100,66000.0
2018-05-02 09:24:59.590,93550,96311,B,,20180502,660.0,92459590,100,66000.0
2018-05-02 09:24:59.590,89251,96311,B,,20180502,660.0,92459590,100,66000.0
2018-05-02 09:24:59.590,95698,96311,B,,20180502,660.0,92459590,4000,2640000.0
2018-05-02 09:24:59.590,11217,96311,B,,20180502,660.0,92459590,200,132000.0
2018-05-02 09:24:59.590,93299,96311,B,,20180502,660.0,92459590,1000,660000.0
2018-05-02 09:24:59.590,93640,96311,B,,20180502,660.0,92459590,3600,2376000.0
2018-05-02 09:24:59.590,94126,96311,B,,20180502,660.0,92459590,2000,1320000.0
2018-05-02 09:24:59.590,94366,96311,B,,20180502,660.0,92459590,1100,726000.0
2018-05-02 09:24:59.590,71648,96311,B,,20180502,660.0,92459590,100,66000.0
2018-05-02 09:24:59.590,93590,96311,B,,20180502,660.0,92459590,100,66000.0
2018-05-02 09:24:59.590,96088,96311,B,,20180502,660.0,92459590,900,594000.0
2018-05-02 09:24:59.590,75958,96311,B,,20180502,660.0,92459590,100,66000.0
2018-05-02 09:24:59.590,77222,96311,B,,20180502,660.0,92459590,100,66000.0
2018-05-02 09:24:59.590,80955,96311,B,,20180502,660.0,92459590,100,66000.0
2018-05-02 09:24:59.590,84594,96311,B,,20180502,660.0,92459590,500,330000.0
2018-05-02 09:24:59.590,85238,96311,B,,20180502,660.0,92459590,100,66000.0
2018-05-02 09:24:59.590,87226,96311,B,,20180502,660.0,92459590,100,66000.0
2018-05-02 09:24:59.590,87623,96311,B,,20180502,660.0,92459590,100,66000.0
2018-05-02 09:24:59.590,88943,96311,B,,20180502,660.0,92459590,200,132000.0
2018-05-02 09:24:59.590,91132,96311,B,,20180502,660.0,92459590,400,264000.0
2018-05-02 09:24:59.590,94069,96311,B,,20180502,660.0,92459590,100,66000.0
2018-05-02 09:24:59.590,95371,96311,B,,20180502,660.0,92459590,10000,6600000.0
2018-05-02 09:24:59.590,95501,96311,B,,20180502,660.0,92459590,1000,660000.0
2018-05-02 09:24:59.590,95557,96311,B,,20180502,660.0,92459590,100,66000.0
2018-05-02 09:24:59.590,95738,96311,B,,20180502,660.0,92459590,200,132000.0
2018-05-02 09:24:59.590,96119,96311,B,,20180502,660.0,92459590,100,66000.0
2018-05-02 09:24:59.590,96504,96311,S,,20180502,660.0,92459590,4700,3102000.0
2018-05-02 09:24:59.590,96510,96311,S,,20180502,660.0,92459590,2300,1518000.0
2018-05-02 09:24:59.590,96511,96311,S,,20180502,660.0,92459590,1900,1254000.0
2018-05-02 09:24:59.590,96544,96311,S,,20180502,660.0,92459590,1000,660000.0
2018-05-02 09:24:59.590,97101,96311,S,,20180502,660.0,92459590,600,396000.0
2018-05-02 09:24:59.590,97250,96311,S,,20180502,660.0,92459590,2500,1650000.0
2018-05-02 09:24:59.590,97472,96311,S,,20180502,660.0,92459590,100,66000.0
2018-05-02 09:24:59.590,93904,96311,B,,20180502,660.0,92459590,100,66000.0
2018-05-02 09:24:59.590,95260,96311,B,,20180502,660.0,92459590,700,462000.0
2018-05-02 09:24:59.590,95261,96311,B,,20180502,660.0,92459590,2200,1452000.0
2018-05-02 09:24:59.590,97424,96311,S,,20180502,660.0,92459590,2900,1914000.0
2018-05-02 09:24:59.590,94563,96311,B,,20180502,660.0,92459590,200,132000.0
2018-05-02 09:24:59.590,95533,96311,B,,20180502,660.0,92459590,3700,2442000.0
2018-05-02 09:24:59.590,92895,96311,B,,20180502,660.0,92459590,100,66000.0
2018-05-02 09:24:59.590,95017,96311,B,,20180502,660.0,92459590,600,396000.0
2018-05-02 09:24:59.590,59644,96311,B,,20180502,660.0,92459590,100,66000.0
2018-05-02 09:24:59.590,68647,96311,B,,20180502,660.0,92459590,100,66000.0
2018-05-02 09:24:59.590,68648,96311,B,,20180502,660.0,92459590,100,66000.0
2018-05-02 09:24:59.590,68650,96311,B,,20180502,660.0,92459590,100,66000.0
2018-05-02 09:24:59.590,72651,96311,B,,20180502,660.0,92459590,1000,660000.0
2018-05-02 09:24:59.590,77782,96311,B,,20180502,660.0,92459590,3900,2574000.0
2018-05-02 09:24:59.590,79709,96311,B,,20180502,660.0,92459590,1800,1188000.0
2018-05-02 09:24:59.590,79710,96311,B,,20180502,660.0,92459590,500,330000.0
2018-05-02 09:24:59.590,79719,96311,B,,20180502,660.0,92459590,513,338580.0
2018-05-02 09:24:59.590,79719,93895,B,,20180502,660.0,92459590,100,66000.0
2018-05-02 09:24:59.590,79719,19051,S,,20180502,660.0,92459590,3000,1980000.0
2018-05-02 09:24:59.590,79719,4363,S,,20180502,660.0,92459590,87,57420.0
2018-05-02 09:24:59.590,80521,4363,S,,20180502,660.0,92459590,100,66000.0
2018-05-02 09:24:59.590,81787,4363,S,,20180502,660.0,92459590,13,8580.0
2018-05-02 09:24:59.590,81787,13080,S,,20180502,660.0,92459590,87,57420.0
2018-05-02 09:24:59.590,82435,13080,S,,20180502,660.0,92459590,413,272580.0
2018-05-02 09:24:59.590,82435,24700,S,,20180502,660.0,92459590,87,57420.0
2018-05-02 09:24:59.590,84284,24700,S,,20180502,660.0,92459590,13,8580.0
2018-05-02 09:24:59.590,84284,27804,S,,20180502,660.0,92459590,100,66000.0
2018-05-02 09:24:59.590,84284,33229,S,,20180502,660.0,92459590,100,66000.0
2018-05-02 09:24:59.590,84284,42763,S,,20180502,660.0,92459590,87,57420.0
2018-05-02 09:24:59.590,84528,42763,S,,20180502,660.0,92459590,13,8580.0
2018-05-02 09:24:59.590,84528,72499,S,,20180502,660.0,92459590,100,66000.0
2018-05-02 09:24:59.590,84528,80027,S,,20180502,660.0,92459590,100,66000.0
2018-05-02 09:24:59.590,84528,94569,B,,20180502,660.0,92459590,100,66000.0
2018-05-02 09:24:59.590,84528,96370,B,,20180502,660.0,92459590,100,66000.0
2018-05-02 09:24:59.590,84528,96461,B,,20180502,660.0,92459590,100,66000.0
2018-05-02 09:24:59.590,84528,96469,B,,20180502,660.0,92459590,87,57420.0
2018-05-02 09:24:59.590,84529,96469,B,,20180502,660.0,92459590,13,8580.0
2018-05-02 09:24:59.590,84529,97004,B,,20180502,660.0,92459590,287,189420.0
2018-05-02 09:24:59.590,84531,97004,B,,20180502,660.0,92459590,200,132000.0
2018-05-02 09:24:59.590,84532,97004,B,,20180502,660.0,92459590,13,8580.0
2018-05-02 09:24:59.590,84532,97332,B,,20180502,660.0,92459590,87,57420.0
2018-05-02 09:24:59.590,84538,97332,B,,20180502,660.0,92459590,113,74580.0
2018-05-02 09:29:59.010,84538,97517,B,,20180502,660.0,92959010,1000,660000.0
2018-05-02 09:29:59.040,97524,50952,S,,20180502,659.49,92959040,1700,1121133.0
2018-05-02 09:29:59.040,97528,50952,S,,20180502,659.49,92959040,1800,1187082.0
2018-05-02 09:29:59.040,97533,19052,S,,20180502,659.01,92959040,100,65901.0
2018-05-02 09:29:59.070,97562,19052,S,,20180502,659.01,92959070,300,197703.0
2018-05-02 09:29:59.070,97576,19052,S,,20180502,659.01,92959070,1100,724911.0
2018-05-02 09:29:59.070,97576,19053,S,,20180502,659.01,92959070,2500,1647525.0
2018-05-02 09:29:59.070,97576,14680,S,,20180502,659.0,92959070,159,104781.0
2018-05-02 09:29:59.070,97528,97593,B,,20180502,659.49,92959070,200,131898.0
2018-05-02 09:29:59.070,97604,14680,S,,20180502,659.0,92959070,341,224719.0
2018-05-02 09:29:59.070,97604,56825,S,,20180502,659.0,92959070,100,65900.0
2018-05-02 09:29:59.070,97604,60218,S,,20180502,659.0,92959070,100,65900.0
2018-05-02 09:29:59.070,97604,73960,S,,20180502,659.0,92959070,100,65900.0
2018-05-02 09:29:59.070,97604,89436,S,,20180502,659.0,92959070,200,131800.0
2018-05-02 09:29:59.100,97604,97667,B,,20180502,659.0,92959100,100,65900.0
2018-05-02 09:29:59.200,97604,97795,B,,20180502,659.0,92959200,100,65900.0
2018-05-02 09:29:59.200,97838,74090,S,,20180502,658.85,92959200,200,131770.0
2018-05-02 09:29:59.220,97604,97932,B,,20180502,659.0,92959220,300,197700.0
2018-05-02 09:29:59.280,98147,88955,S,,20180502,658.76,92959280,500,329380.0
2018-05-02 09:29:59.280,98147,97645,S,,20180502,658.51,92959280,1500,987765.0
2018-05-02 09:29:59.320,97604,98369,B,,20180502,659.0,92959320,200,131800.0
2018-05-02 09:29:59.320,97604,98529,B,,20180502,659.0,92959320,100,65900.0
2018-05-02 09:29:59.360,98706,97645,S,,20180502,658.51,92959360,600,395106.0
2018-05-02 09:29:59.360,98728,97645,S,,20180502,658.51,92959360,100,65851.0
2018-05-02 09:29:59.360,98729,97645,S,,20180502,658.51,92959360,400,263404.0
2018-05-02 09:29:59.360,98794,97645,S,,20180502,658.51,92959360,800,526808.0
2018-05-02 09:29:59.390,98945,99102,B,,20180502,658.99,92959390,200,131798.0
2018-05-02 09:29:59.460,97604,99413,B,,20180502,659.0,92959460,59,38881.0
2018-05-02 09:29:59.460,97620,99413,B,,20180502,659.0,92959460,41,27019.0
2018-05-02 09:29:59.490,97620,99797,B,,20180502,659.0,92959490,200,131800.0
2018-05-02 09:29:59.490,97620,99918,B,,20180502,659.0,92959490,100,65900.0
2018-05-02 09:29:59.490,97620,100092,B,,20180502,659.0,92959490,100,65900.0
2018-05-02 09:29:59.600,97620,101004,B,,20180502,659.0,92959600,100,65900.0
2018-05-02 09:29:59.640,101168,97645,S,,20180502,658.51,92959640,100,65851.0
2018-05-02 09:29:59.640,97620,101262,B,,20180502,659.0,92959640,200,131800.0
2018-05-02 09:29:59.640,97620,101740,B,,20180502,659.0,92959640,700,461300.0
2018-05-02 09:29:59.640,97620,101846,B,,20180502,659.0,92959640,100,65900.0
2018-05-02 09:29:59.690,97620,101952,B,,20180502,659.0,92959690,100,65900.0
2018-05-02 09:29:59.690,97620,102349,B,,20180502,659.0,92959690,500,329500.0
2018-05-02 09:29:59.690,97620,102370,B,,20180502,659.0,92959690,2859,1884081.0
2018-05-02 09:29:59.690,97651,102370,B,,20180502,659.0,92959690,141,92919.0
2018-05-02 09:29:59.800,103437,97645,S,,20180502,658.51,92959800,6000,3951060.0
2018-05-02 09:29:59.800,103437,56793,S,,20180502,658.33,92959800,400,263332.0
2018-05-02 09:29:59.800,102725,103499,B,,20180502,658.88,92959800,100,65888.0
2018-05-02 09:29:59.800,97651,103499,B,,20180502,659.0,92959800,100,65900.0
2018-05-02 09:29:59.800,97651,103632,B,,20180502,659.0,92959800,100,65900.0
2018-05-02 09:29:59.800,97651,103929,B,,20180502,659.0,92959800,100,65900.0
2018-05-02 09:29:59.800,97651,103946,B,,20180502,659.0,92959800,200,131800.0
2018-05-02 09:29:59.850,97651,104222,B,,20180502,659.0,92959850,100,65900.0
2018-05-02 09:29:59.960,97651,105768,B,,20180502,659.0,92959960,100,65900.0
2018-05-02 09:29:59.960,97651,106031,B,,20180502,659.0,92959960,200,131800.0
2018-05-02 09:29:59.960,97651,106130,B,,20180502,659.0,92959960,100,65900.0
2018-05-02 09:30:00.020,97651,106345,B,,20180502,659.0,93000020,100,65900.0
2018-05-02 09:30:00.020,97651,106352,B,,20180502,659.0,93000020,100,65900.0
2018-05-02 09:30:00.020,97651,106504,B,,20180502,659.0,93000020,100,65900.0
2018-05-02 09:30:00.020,97651,106678,B,,20180502,659.0,93000020,400,263600.0
2018-05-02 09:30:00.020,97651,106720,B,,20180502,659.0,93000020,500,329500.0
2018-05-02 09:30:00.020,97651,106737,B,,20180502,659.0,93000020,100,65900.0
2018-05-02 09:30:00.070,97651,107292,B,,20180502,659.0,93000070,100,65900.0
2018-05-02 09:30:00.120,107955,106471,S,,20180502,658.5,93000120,100,65850.0
2018-05-02 09:30:00.120,97651,107971,B,,20180502,659.0,93000120,200,131800.0
2018-05-02 09:30:00.230,97651,108955,B,,20180502,659.0,93000230,100,65900.0
2018-05-02 09:30:00.260,97651,109711,B,,20180502,659.0,93000260,200,131800.0
2018-05-02 09:30:00.360,110304,56793,S,,20180502,658.33,93000360,4400,2896652.0
2018-05-02 09:30:00.410,97651,111499,B,,20180502,659.0,93000410,200,131800.0
2018-05-02 09:30:00.500,97651,112175,B,,20180502,659.0,93000500,200,131800.0
2018-05-02 09:30:00.500,97651,112408,B,,20180502,659.0,93000500,300,197700.0
2018-05-02 09:30:00.580,97651,113456,B,,20180502,659.0,93000580,100,65900.0
2018-05-02 09:30:00.580,97651,113464,B,,20180502,659.0,93000580,100,65900.0
2018-05-02 09:30:00.620,97651,113963,B,,20180502,659.0,93000620,100,65900.0
2018-05-02 09:30:00.650,114198,111285,S,,20180502,658.88,93000650,100,65888.0
2018-05-02 09:30:00.650,114198,56793,S,,20180502,658.33,93000650,200,131666.0
2018-05-02 09:30:00.650,114198,104488,S,,20180502,658.21,93000650,1000,658210.0
2018-05-02 09:30:00.650,114198,102931,S,,20180502,658.09,93000650,100,65809.0
2018-05-02 09:30:00.650,114198,52894,S,,20180502,658.05,93000650,100,65805.0
2018-05-02 09:30:00.690,97651,114477,B,,20180502,659.0,93000690,100,65900.0
2018-05-02 09:30:00.720,97651,114672,B,,20180502,659.0,93000720,100,65900.0
2018-05-02 09:30:00.760,97651,114961,B,,20180502,659.0,93000760,100,65900.0
2018-05-02 09:30:00.820,115430,103693,S,,20180502,658.02,93000820,100,65802.0
2018-05-02 09:30:00.890,115918,103693,S,,20180502,658.02,93000890,200,131604.0
2018-05-02 09:30:00.890,115918,115523,S,,20180502,658.01,93000890,800,526408.0
2018-05-02 09:30:00.950,97651,116398,B,,20180502,659.0,93000950,100,65900.0
2018-05-02 09:30:01.020,97651,116891,B,,20180502,659.0,93001020,200,131800.0
2018-05-02 09:30:01.050,97651,117257,B,,20180502,659.0,93001050,100,65900.0
2018-05-02 09:30:01.170,118585,115523,S,,20180502,658.01,93001170,200,131602.0
2018-05-02 09:30:01.170,118585,15893,S,,20180502,658.0,93001170,500,329000.0
2018-05-02 09:30:01.170,118585,19712,S,,20180502,658.0,93001170,100,65800.0
2018-05-02 09:30:01.170,118585,37127,S,,20180502,658.0,93001170,100,65800.0
2018-05-02 09:30:01.170,118585,38270,S,,20180502,658.0,93001170,100,65800.0
2018-05-02 09:30:01.170,118585,52441,S,,20180502,658.0,93001170,100,65800.0
2018-05-02 09:30:01.170,118585,78485,S,,20180502,658.0,93001170,100,65800.0
2018-05-02 09:30:01.170,118585,82525,S,,20180502,658.0,93001170,100,65800.0
2018-05-02 09:30:01.170,118585,95962,S,,20180502,658.0,93001170,100,65800.0
2018-05-02 09:30:01.170,118585,104523,S,,20180502,658.0,93001170,300,197400.0
2018-05-02 09:30:01.170,118585,109045,S,,20180502,658.0,93001170,100,65800.0
2018-05-02 09:30:01.170,118585,110859,S,,20180502,658.0,93001170,100,65800.0
2018-05-02 09:30:01.170,118585,98171,S,,20180502,657.61,93001170,3300,2170113.0
2018-05-02 09:30:01.170,118585,57675,S,,20180502,657.51,93001170,300,197253.0
2018-05-02 09:30:01.170,117743,118587,B,,20180502,658.5,93001170,100,65850.0
2018-05-02 09:30:01.170,117689,118587,B,,20180502,658.76,93001170,1900,1251644.0
2018-05-02 09:30:01.170,117689,118588,B,,20180502,658.76,93001170,100,65876.0
2018-05-02 09:30:01.170,117689,118590,B,,20180502,658.76,93001170,600,395256.0
2018-05-02 09:30:01.170,97651,118590,B,,20180502,659.0,93001170,1059,697881.0
2018-05-02 09:30:01.170,97662,118590,B,,20180502,659.0,93001170,4300,2833700.0
2018-05-02 09:30:01.170,97665,118590,B,,20180502,659.0,93001170,500,329500.0
2018-05-02 09:30:01.170,97666,118590,B,,20180502,659.0,93001170,100,65900.0
2018-05-02 09:30:01.170,97678,118590,B,,20180502,659.0,93001170,100,65900.0
2018-05-02 09:30:01.170,97733,118590,B,,20180502,659.0,93001170,641,422419.0
2018-05-02 09:30:01.170,97733,118591,B,,20180502,659.0,93001170,1059,697881.0
2018-05-02 09:30:01.170,97797,118591,B,,20180502,659.0,93001170,1700,1120300.0
2018-05-02 09:30:01.170,97901,118591,B,,20180502,659.0,93001170,1129,744011.0
2018-05-02 09:30:01.170,98004,118591,B,,20180502,659.0,93001170,2000,1318000.0
2018-05-02 09:30:01.170,98006,118591,B,,20180502,659.0,93001170,2000,1318000.0
2018-05-02 09:30:01.170,98024,118591,B,,20180502,659.0,93001170,100,65900.0
2018-05-02 09:30:01.170,98299,118591,B,,20180502,659.0,93001170,1000,659000.0
2018-05-02 09:30:01.170,100665,118591,B,,20180502,659.0,93001170,100,65900.0
2018-05-02 09:30:01.170,101421,118591,B,,20180502,659.0,93001170,600,395400.0
2018-05-02 09:30:01.170,105042,118591,B,,20180502,659.0,93001170,300,197700.0
2018-05-02 09:30:01.170,105109,118591,B,,20180502,659.0,93001170,712,469208.0
2018-05-02 09:30:01.170,105109,118592,B,,20180502,659.0,93001170,88,57992.0
2018-05-02 09:30:01.170,105167,118592,B,,20180502,659.0,93001170,1000,659000.0
2018-05-02 09:30:01.170,116152,118592,B,,20180502,659.0,93001170,200,131800.0
2018-05-02 09:30:01.170,116339,118592,B,,20180502,659.0,93001170,812,535108.0
2018-05-02 09:30:01.170,116339,118595,B,,20180502,659.0,93001170,6588,4341492.0
2018-05-02 09:30:01.170,117202,118595,B,,20180502,659.0,93001170,400,263600.0
2018-05-02 09:30:01.170,118050,118595,B,,20180502,659.0,93001170,5500,3624500.0
2018-05-02 09:30:01.170,114746,118595,B,,20180502,659.2,93001170,100,65920.0
2018-05-02 09:30:01.170,101113,118595,B,,20180502,659.37,93001170,200,131874.0
2018-05-02 09:30:01.170,110361,118595,B,,20180502,659.4,93001170,300,197820.0
2018-05-02 09:30:01.170,104413,118595,B,,20180502,659.41,93001170,100,65941.0
2018-05-02 09:30:01.170,100852,118595,B,,20180502,659.48,93001170,100,65948.0
2018-05-02 09:30:01.170,97553,118595,B,,20180502,659.49,93001170,173,114091.77
2018-05-02 09:30:01.170,97930,118595,B,,20180502,659.49,93001170,4800,3165552.0
2018-05-02 09:30:01.170,98483,118595,B,,20180502,659.49,93001170,300,197847.0
2018-05-02 09:30:01.170,99459,118595,B,,20180502,659.49,93001170,200,131898.0
2018-05-02 09:30:01.170,100028,118595,B,,20180502,659.49,93001170,400,263796.0
2018-05-02 09:30:01.170,101102,118595,B,,20180502,659.49,93001170,100,65949.0
2018-05-02 09:30:01.170,101201,118595,B,,20180502,659.49,93001170,100,65949.0
2018-05-02 09:30:01.170,101643,118595,B,,20180502,659.49,93001170,100,65949.0
2018-05-02 09:30:01.170,102354,118595,B,,20180502,659.49,93001170,500,329745.0
2018-05-02 09:30:01.170,103190,118595,B,,20180502,659.49,93001170,1920,1266220.8
2018-05-02 09:30:01.170,104344,118595,B,,20180502,659.49,93001170,1100,725439.0
2018-05-02 09:30:01.170,105162,118595,B,,20180502,659.49,93001170,200,131898.0
2018-05-02 09:30:01.170,111267,118595,B,,20180502,659.49,93001170,1800,1187082.0
2018-05-02 09:30:01.170,112352,118595,B,,20180502,659.49,93001170,400,263796.0
2018-05-02 09:30:01.170,113636,118595,B,,20180502,659.49,93001170,500,329745.0
2018-05-02 09:30:01.170,113991,118595,B,,20180502,659.49,93001170,419,276326.31
2018-05-02 09:30:01.170,118596,118597,B,,20180502,659.46,93001170,100,65946.0
2018-05-02 09:30:01.170,113991,119403,B,,20180502,659.49,93001170,100,65949.0
2018-05-02 09:30:01.230,113991,119697,B,,20180502,659.49,93001230,300,197847.0
2018-05-02 09:30:01.230,119699,119689,S,,20180502,659.48,93001230,100,65948.0
2018-05-02 09:30:01.230,119701,119702,B,,20180502,659.46,93001230,100,65946.0
2018-05-02 09:30:01.230,113991,119702,B,,20180502,659.49,93001230,700,461643.0
2018-05-02 09:30:01.230,119880,119980,B,,20180502,658.0,93001230,100,65800.0
2018-05-02 09:30:01.230,119880,120418,B,,20180502,658.0,93001230,100,65800.0
2018-05-02 09:30:01.230,119880,120754,B,,20180502,658.0,93001230,600,394800.0
2018-05-02 09:30:01.230,119786,120754,B,,20180502,659.0,93001230,200,131800.0
2018-05-02 09:30:01.230,113991,120754,B,,20180502,659.49,93001230,200,131898.0
2018-05-02 09:30:01.230,113991,120922,B,,20180502,659.49,93001230,181,119367.69
2018-05-02 09:30:01.230,116868,120922,B,,20180502,659.49,93001230,211,139152.39
2018-05-02 09:30:01.230,117076,120922,B,,20180502,659.49,93001230,100,65949.0
2018-05-02 09:30:01.230,117151,120922,B,,20180502,659.49,93001230,8,5275.92
2018-05-02 09:30:01.230,117151,121047,B,,20180502,659.49,93001230,92,60673.08
2018-05-02 09:30:01.230,117417,121047,B,,20180502,659.49,93001230,8,5275.92
2018-05-02 09:30:01.230,117417,121059,B,,20180502,659.49,93001230,92,60673.08
2018-05-02 09:30:01.230,117600,121059,B,,20180502,659.49,93001230,8,5275.92
2018-05-02 09:30:01.330,117600,121520,B,,20180502,659.49,93001330,92,60673.08
2018-05-02 09:30:01.330,117714,121520,B,,20180502,659.49,93001330,8,5275.92
2018-05-02 09:30:01.330,117714,121630,B,,20180502,659.49,93001330,100,65949.0
2018-05-02 09:30:01.330,117714,121640,B,,20180502,659.49,93001330,100,65949.0
2018-05-02 09:30:01.330,117714,121842,B,,20180502,659.49,93001330,100,65949.0
2018-05-02 09:30:01.330,117714,122149,B,,20180502,659.49,93001330,300,197847.0
2018-05-02 09:30:01.330,122244,122664,B,,20180502,659.0,93001330,100,65900.0
2018-05-02 09:30:01.330,122803,122497,S,,20180502,658.76,93001330,100,65876.0
2018-05-02 09:30:01.330,122803,57675,S,,20180502,657.51,93001330,100,65751.0
2018-05-02 09:30:01.440,122609,123121,B,,20180502,659.0,93001440,100,65900.0
2018-05-02 09:30:01.440,123398,123489,B,,20180502,658.88,93001440,100,65888.0
2018-05-02 09:30:01.440,123398,123754,B,,20180502,658.88,93001440,100,65888.0
2018-05-02 09:30:01.440,122609,123754,B,,20180502,659.0,93001440,200,131800.0
2018-05-02 09:30:01.440,117714,123754,B,,20180502,659.49,93001440,300,197847.0
2018-05-02 09:30:01.440,117714,124122,B,,20180502,659.49,93001440,300,197847.0
2018-05-02 09:30:01.440,117714,124338,B,,20180502,659.49,93001440,92,60673.08
2018-05-02 09:30:01.440,118444,124338,B,,20180502,659.49,93001440,100,65949.0
2018-05-02 09:30:01.440,119687,124338,B,,20180502,659.49,93001440,200,131898.0
2018-05-02 09:30:01.440,121991,124338,B,,20180502,659.49,93001440,8,5275.92
2018-05-02 09:30:01.440,121991,124515,B,,20180502,659.49,93001440,100,65949.0
2018-05-02 09:30:01.440,121991,124534,B,,20180502,659.49,93001440,92,60673.08
2018-05-02 09:30:01.440,123005,124534,B,,20180502,659.49,93001440,8,5275.92
2018-05-02 09:30:01.540,124582,124716,B,,20180502,659.0,93001540,200,131800.0
2018-05-02 09:30:01.540,124582,124975,B,,20180502,659.0,93001540,100,65900.0
2018-05-02 09:30:01.540,123005,124975,B,,20180502,659.49,93001540,192,126622.08
2018-05-02 09:30:01.540,123520,124975,B,,20180502,659.49,93001540,108,71224.92
2018-05-02 09:30:01.540,125129,57675,S,,20180502,657.51,93001540,2400,1578024.0
2018-05-02 09:30:01.540,125845,126393,B,,20180502,658.75,93001540,100,65875.0
2018-05-02 09:30:01.640,125845,126439,B,,20180502,658.75,93001640,400,263500.0
2018-05-02 09:30:01.640,126645,126804,B,,20180502,658.0,93001640,200,131600.0
2018-05-02 09:30:01.640,126645,126984,B,,20180502,658.0,93001640,500,329000.0
2018-05-02 09:30:01.640,125845,126984,B,,20180502,658.75,93001640,500,329375.0
2018-05-02 09:30:01.640,125845,127288,B,,20180502,658.75,93001640,100,65875.0
2018-05-02 09:30:01.640,125845,127494,B,,20180502,658.75,93001640,100,65875.0
2018-05-02 09:30:01.720,125845,128418,B,,20180502,658.75,93001720,100,65875.0
2018-05-02 09:30:01.720,125845,128546,B,,20180502,658.75,93001720,700,461125.0
2018-05-02 09:30:01.720,125845,128547,B,,20180502,658.75,93001720,300,197625.0
2018-05-02 09:30:01.720,125846,128547,B,,20180502,658.99,93001720,600,395394.0
2018-05-02 09:30:01.720,125846,128548,B,,20180502,658.99,93001720,100,65899.0
2018-05-02 09:30:01.720,125847,128548,B,,20180502,659.0,93001720,400,263600.0
2018-05-02 09:30:01.780,126727,128775,B,,20180502,659.4,93001780,100,65940.0
2018-05-02 09:30:01.780,128801,128548,S,,20180502,659.05,93001780,100,65905.0
2018-05-02 09:30:01.780,123520,128890,B,,20180502,659.49,93001780,92,60673.08
2018-05-02 09:30:01.780,124752,128890,B,,20180502,659.49,93001780,8,5275.92
2018-05-02 09:30:01.780,129023,128549,S,,20180502,659.05,93001780,200,131810.0
2018-05-02 09:30:01.780,124752,129072,B,,20180502,659.49,93001780,92,60673.08
2018-05-02 09:30:01.780,125502,129072,B,,20180502,659.49,93001780,8,5275.92
2018-05-02 09:30:01.840,130322,130231,S,,20180502,659.11,93001840,100,65911.0
2018-05-02 09:30:01.910,130322,130789,B,,20180502,658.0,93001910,400,263200.0
2018-05-02 09:30:01.910,131080,131143,B,,20180502,659.3,93001910,100,65930.0
2018-05-02 09:30:01.910,131080,131147,B,,20180502,659.3,93001910,100,65930.0
2018-05-02 09:30:01.960,131439,131618,B,,20180502,659.0,93001960,100,65900.0
2018-05-02 09:30:02.010,131439,132425,B,,20180502,659.0,93002010,100,65900.0
2018-05-02 09:30:02.080,131439,132921,B,,20180502,659.0,93002080,100,65900.0
2018-05-02 09:30:02.080,131439,133219,B,,20180502,659.0,93002080,100,65900.0
2018-05-02 09:30:02.170,131439,134004,B,,20180502,659.0,93002170,100,65900.0
2018-05-02 09:30:02.170,131439,134280,B,,20180502,659.0,93002170,500,329500.0
2018-05-02 09:30:02.170,132401,134280,B,,20180502,659.0,93002170,100,65900.0
2018-05-02 09:30:02.170,131080,134280,B,,20180502,659.3,93002170,700,461509.99999999994
2018-05-02 09:30:02.170,133344,134280,B,,20180502,659.4,93002170,100,65940.0
2018-05-02 09:30:02.170,125502,134280,B,,20180502,659.49,93002170,600,395694.0
2018-05-02 09:30:02.200,125502,134418,B,,20180502,659.49,93002200,100,65949.0
2018-05-02 09:30:02.200,125502,134633,B,,20180502,659.49,93002200,100,65949.0
2018-05-02 09:30:02.320,125502,135522,B,,20180502,659.49,93002320,100,65949.0
2018-05-02 09:30:02.350,135611,135744,B,,20180502,659.0,93002350,200,131800.0
2018-05-02 09:30:02.350,125502,135744,B,,20180502,659.49,93002350,400,263796.0
2018-05-02 09:30:02.350,135828,135649,S,,20180502,658.01,93002350,200,131602.0
2018-05-02 09:30:02.430,125502,136370,B,,20180502,659.49,93002430,100,65949.0
2018-05-02 09:30:02.460,136582,136547,S,,20180502,659.01,93002460,2000,1318020.0
2018-05-02 09:30:02.520,125502,137033,B,,20180502,659.49,93002520,100,65949.0
2018-05-02 09:30:02.520,125502,137161,B,,20180502,659.49,93002520,92,60673.08
2018-05-02 09:30:02.520,126074,137161,B,,20180502,659.49,93002520,8,5275.92
2018-05-02 09:30:02.620,137664,136547,S,,20180502,659.01,93002620,3800,2504238.0
2018-05-02 09:30:02.750,137944,138406,B,,20180502,659.18,93002750,100,65918.0
2018-05-02 09:30:02.750,137574,138446,B,,20180502,659.4,93002750,100,65940.0
2018-05-02 09:30:02.750,126074,138446,B,,20180502,659.49,93002750,92,60673.08
2018-05-02 09:30:02.750,126470,138446,B,,20180502,659.49,93002750,100,65949.0
2018-05-02 09:30:02.750,131575,138446,B,,20180502,659.49,93002750,300,197847.0
2018-05-02 09:30:02.750,131601,138446,B,,20180502,659.49,93002750,1800,1187082.0
2018-05-02 09:30:02.750,132429,138446,B,,20180502,659.49,93002750,100,65949.0
2018-05-02 09:30:02.750,132603,138446,B,,20180502,659.49,93002750,1108,730714.92
2018-05-02 09:30:02.850,138871,137905,S,,20180502,659.02,93002850,100,65902.0
2018-05-02 09:30:02.850,138871,136547,S,,20180502,659.01,93002850,600,395406.0
2018-05-02 09:30:02.850,132603,138901,B,,20180502,659.49,93002850,200,131898.0
2018-05-02 09:30:02.850,138927,136547,S,,20180502,659.01,93002850,200,131802.0
2018-05-02 09:30:02.880,132603,139186,B,,20180502,659.49,93002880,300,197847.0
2018-05-02 09:30:03.020,139800,136547,S,,20180502,659.01,93003020,200,131802.0
2018-05-02 09:30:03.270,140841,136547,S,,20180502,659.01,93003270,3500,2306535.0
2018-05-02 09:30:03.390,132603,141105,B,,20180502,659.49,93003390,100,65949.0
2018-05-02 09:30:03.420,132603,141272,B,,20180502,659.49,93003420,100,65949.0
2018-05-02 09:30:03.450,132603,141430,B,,20180502,659.49,93003450,392,258520.08000000002
2018-05-02 09:30:03.450,133689,141430,B,,20180502,659.49,93003450,300,197847.0
2018-05-02 09:30:03.450,135355,141430,B,,20180502,659.49,93003450,100,65949.0
2018-05-02 09:30:03.450,135659,141430,B,,20180502,659.49,93003450,100,65949.0
2018-05-02 09:30:03.450,139024,141430,B,,20180502,659.49,93003450,200,131898.0
2018-05-02 09:30:03.450,140898,141430,B,,20180502,659.49,93003450,200,131898.0
2018-05-02 09:30:03.450,98003,141430,B,,20180502,659.8,93003450,708,467138.39999999997
2018-05-02 09:30:03.510,98003,141553,B,,20180502,659.8,93003510,100,65980.0
2018-05-02 09:30:03.540,141604,136547,S,,20180502,659.01,93003540,6800,4481268.0
2018-05-02 09:30:03.540,141604,140910,S,,20180502,659.0,93003540,700,461300.0
2018-05-02 09:30:03.600,141559,141683,B,,20180502,659.3,93003600,100,65930.0
2018-05-02 09:30:03.630,141559,141777,B,,20180502,659.3,93003630,200,131860.0
2018-05-02 09:30:03.690,141559,142033,B,,20180502,659.3,93003690,100,65930.0
2018-05-02 09:30:03.690,141559,142035,B,,20180502,659.3,93003690,100,65930.0
2018-05-02 09:30:03.750,141559,142260,B,,20180502,659.3,93003750,100,65930.0
2018-05-02 09:30:03.750,141559,142269,B,,20180502,659.3,93003750,100,65930.0
2018-05-02 09:30:03.750,142452,142290,S,,20180502,659.01,93003750,200,131802.0
2018-05-02 09:30:03.850,141559,143358,B,,20180502,659.3,93003850,500,329650.0
2018-05-02 09:30:03.850,143450,142290,S,,20180502,659.01,93003850,100,65901.0
2018-05-02 09:30:03.850,141559,143461,B,,20180502,659.3,93003850,100,65930.0
2018-05-02 09:30:03.900,141559,143516,B,,20180502,659.3,93003900,100,65930.0
2018-05-02 09:30:03.900,141559,143821,B,,20180502,659.3,93003900,100,65930.0
2018-05-02 09:30:03.900,141559,143910,B,,20180502,659.3,93003900,100,65930.0
2018-05-02 09:30:03.900,141559,143969,B,,20180502,659.3,93003900,1000,659300.0
2018-05-02 09:30:03.950,141559,144047,B,,20180502,659.3,93003950,100,65930.0
2018-05-02 09:30:03.950,141559,144051,B,,20180502,659.3,93003950,100,65930.0
2018-05-02 09:30:03.980,141559,144223,B,,20180502,659.3,93003980,200,131860.0
2018-05-02 09:30:04.020,141559,144563,B,,20180502,659.3,93004020,100,65930.0
2018-05-02 09:30:04.080,145074,142290,S,,20180502,659.01,93004080,2300,1515723.0
2018-05-02 09:30:04.120,141559,145234,B,,20180502,659.3,93004120,100,65930.0
2018-05-02 09:30:04.150,141559,145411,B,,20180502,659.3,93004150,100,65930.0
2018-05-02 09:30:04.220,141559,145730,B,,20180502,659.3,93004220,200,131860.0
2018-05-02 09:30:04.220,142580,145730,B,,20180502,659.48,93004220,100,65948.0
2018-05-02 09:30:04.220,141839,145730,B,,20180502,659.49,93004220,100,65949.0
2018-05-02 09:30:04.220,142321,145730,B,,20180502,659.49,93004220,100,65949.0
2018-05-02 09:30:04.220,143724,145730,B,,20180502,659.49,93004220,500,329745.0
2018-05-02 09:30:04.440,144955,146590,B,,20180502,659.49,93004440,200,131898.0
2018-05-02 09:30:04.440,146414,146590,B,,20180502,659.49,93004440,100,65949.0
2018-05-02 09:30:04.440,98003,146590,B,,20180502,659.8,93004440,700,461859.99999999994
2018-05-02 09:30:04.440,146729,142290,S,,20180502,659.01,93004440,100,65901.0
2018-05-02 09:30:04.550,146708,147289,B,,20180502,659.49,93004550,100,65949.0
2018-05-02 09:30:04.610,146708,147442,B,,20180502,659.49,93004610,100,65949.0
2018-05-02 09:30:04.610,98003,147442,B,,20180502,659.8,93004610,200,131960.0
2018-05-02 09:30:04.730,98003,147853,B,,20180502,659.8,93004730,200,131960.0
2018-05-02 09:30:04.870,98003,148137,B,,20180502,659.8,93004870,92,60701.6
2018-05-02 09:30:04.870,98005,148137,B,,20180502,659.8,93004870,108,71258.4
2018-05-02 09:30:04.870,148219,148142,S,,20180502,659.69,93004870,100,65969.0
2018-05-02 09:30:04.870,148296,142290,S,,20180502,659.01,93004870,100,65901.0
2018-05-02 09:30:04.870,98005,148312,B,,20180502,659.8,93004870,100,65980.0
2018-05-02 09:30:05.070,148656,148552,S,,20180502,659.37,93005070,100,65937.0
2018-05-02 09:30:05.130,148812,148862,B,,20180502,659.49,93005130,100,65949.0
2018-05-02 09:30:05.130,148839,148862,B,,20180502,659.49,93005130,200,131898.0
2018-05-02 09:30:05.230,149010,148552,S,,20180502,659.37,93005230,100,65937.0
2018-05-02 09:30:05.230,149010,142290,S,,20180502,659.01,93005230,100,65901.0
2018-05-02 09:30:05.360,149336,149361,B,,20180502,659.4,93005360,100,65940.0
2018-05-02 09:30:05.360,148839,149361,B,,20180502,659.49,93005360,100,65949.0
2018-05-02 09:30:07.030,151017,150187,S,,20180502,659.5,93007030,1000,659500.0
2018-05-02 09:30:07.030,151017,142290,S,,20180502,659.01,93007030,100,65901.0
2018-05-02 09:30:07.030,151017,147920,S,,20180502,659.01,93007030,100,65901.0
2018-05-02 09:30:07.030,151017,140910,S,,20180502,659.0,93007030,800,527200.0
2018-05-02 09:30:07.030,151017,145869,S,,20180502,659.0,93007030,100,65900.0
2018-05-02 09:30:07.030,151017,148911,S,,20180502,659.0,93007030,100,65900.0
2018-05-02 09:30:07.030,151017,148912,S,,20180502,659.0,93007030,100,65900.0
2018-05-02 09:30:07.030,151017,150661,S,,20180502,659.0,93007030,500,329500.0
2018-05-02 09:30:07.060,151030,136682,S,,20180502,658.5,93007060,200,131700.0
2018-05-02 09:30:07.060,151030,138929,S,,20180502,658.5,93007060,100,65850.0
2018-05-02 09:30:07.080,151017,151107,B,,20180502,659.0,93007080,2700,1779300.0
2018-05-02 09:30:07.080,151017,151108,B,,20180502,659.0,93007080,3900,2570100.0
2018-05-02 09:30:07.080,151017,151109,B,,20180502,659.0,93007080,600,395400.0
2018-05-02 09:30:07.080,151024,151109,B,,20180502,659.0,93007080,200,131800.0
2018-05-02 09:30:07.080,151112,151109,S,,20180502,659.05,93007080,700,461334.99999999994
2018-05-02 09:30:07.410,98005,151321,B,,20180502,659.8,93007410,1792,1182361.5999999999
2018-05-02 09:30:07.410,98298,151321,B,,20180502,659.8,93007410,1000,659800.0
2018-05-02 09:30:07.410,105405,151321,B,,20180502,659.8,93007410,300,197940.0
2018-05-02 09:30:07.410,143536,151321,B,,20180502,659.8,93007410,600,395880.0
2018-05-02 09:30:07.410,147444,151321,B,,20180502,659.8,93007410,5908,3898098.4
2018-05-02 09:30:07.410,147444,151322,B,,20180502,659.8,93007410,700,461859.99999999994
2018-05-02 09:30:07.550,151409,151293,S,,20180502,659.0,93007550,700,461300.0
2018-05-02 09:30:07.550,151409,148910,S,,20180502,658.5,93007550,100,65850.0
2018-05-02 09:30:07.550,151409,136637,S,,20180502,658.12,93007550,700,460684.0
2018-05-02 09:30:07.550,151409,135649,S,,20180502,658.01,93007550,300,197403.0
2018-05-02 09:30:07.550,151409,142293,S,,20180502,658.01,93007550,3000,1974030.0
2018-05-02 09:30:07.550,151409,149026,S,,20180502,658.0,93007550,100,65800.0
2018-05-02 09:30:07.550,151409,150009,S,,20180502,658.0,93007550,1700,1118600.0
2018-05-02 09:30:07.550,151409,141967,S,,20180502,657.52,93007550,1500,986280.0
2018-05-02 09:30:07.550,151409,57675,S,,20180502,657.51,93007550,3200,2104032.0
2018-05-02 09:30:07.550,151409,148204,S,,20180502,657.51,93007550,200,131502.0
2018-05-02 09:30:07.550,151409,104954,S,,20180502,657.5,93007550,200,131500.0
2018-05-02 09:30:07.550,151409,12763,S,,20180502,657.22,93007550,2900,1905938.0
2018-05-02 09:30:07.600,151410,151469,B,,20180502,659.5,93007600,100,65950.0
2018-05-02 09:30:07.750,151410,151549,B,,20180502,659.5,93007750,100,65950.0
2018-05-02 09:30:07.910,151619,151623,B,,20180502,658.0,93007910,200,131600.0
2018-05-02 09:30:07.960,151619,151658,B,,20180502,658.0,93007960,1800,1184400.0
2018-05-02 09:30:08.220,151785,12763,S,,20180502,657.22,93008220,100,65722.0
2018-05-02 09:30:08.330,151619,151820,B,,20180502,658.0,93008330,1000,658000.0
2018-05-02 09:30:08.330,151619,151821,B,,20180502,658.0,93008330,1400,921200.0
2018-05-02 09:30:08.330,151619,151822,B,,20180502,658.0,93008330,1000,658000.0
2018-05-02 09:30:08.330,151619,151823,B,,20180502,658.0,93008330,300,197400.0
2018-05-02 09:30:08.510,151619,151896,B,,20180502,658.0,93008510,1000,658000.0
2018-05-02 09:30:08.900,151619,152036,B,,20180502,658.0,93008900,200,131600.0
2018-05-02 09:30:08.900,151619,152037,B,,20180502,658.0,93008900,3100,2039800.0
2018-05-02 09:30:08.900,151410,152037,B,,20180502,659.5,93008900,1900,1253050.0
2018-05-02 09:30:08.900,147444,152037,B,,20180502,659.8,93008900,3392,2238041.5999999996
2018-05-02 09:30:08.900,151527,152037,B,,20180502,659.8,93008900,100,65980.0
2018-05-02 09:30:09.410,152205,152037,S,,20180502,659.8,93009410,100,65980.0
2018-05-02 09:30:09.410,152206,152037,S,,20180502,659.8,93009410,100,65980.0
2018-05-02 09:30:09.570,152247,152255,B,,20180502,658.33,93009570,100,65833.0
2018-05-02 09:30:09.890,152384,152255,S,,20180502,659.5,93009890,100,65950.0
2018-05-02 09:30:09.890,152384,12763,S,,20180502,657.22,93009890,2000,1314440.0
2018-05-02 09:30:09.890,152384,126939,S,,20180502,657.11,93009890,100,65711.0
2018-05-02 09:30:09.890,152384,71246,S,,20180502,657.1,93009890,100,65710.0
2018-05-02 09:30:09.890,152384,103701,S,,20180502,657.02,93009890,200,131404.0
2018-05-02 09:30:09.890,152384,115527,S,,20180502,657.01,93009890,1000,657010.0
2018-05-02 09:30:09.890,152384,142296,S,,20180502,657.01,93009890,3000,1971030.0
2018-05-02 09:30:09.890,152384,14681,S,,20180502,657.0,93009890,500,328500.0
2018-05-02 09:30:09.890,152384,111208,S,,20180502,657.0,93009890,200,131400.0
2018-05-02 09:30:09.890,152384,121213,S,,20180502,657.0,93009890,100,65700.0
2018-05-02 09:30:09.890,152384,34004,S,,20180502,656.66,93009890,100,65666.0
2018-05-02 09:30:09.890,152384,120561,S,,20180502,656.36,93009890,100,65636.0
2018-05-02 09:30:09.890,152384,62257,S,,20180502,656.31,93009890,1000,656310.0
2018-05-02 09:30:09.890,152384,75487,S,,20180502,656.2,93009890,100,65620.0
2018-05-02 09:30:09.890,152384,109236,S,,20180502,656.13,93009890,100,65613.0
2018-05-02 09:30:09.890,152384,53205,S,,20180502,656.05,93009890,500,328025.0
2018-05-02 09:30:09.890,152384,105764,S,,20180502,656.02,93009890,200,131204.0
2018-05-02 09:30:09.890,152384,126487,S,,20180502,656.01,93009890,700,459207.0
2018-05-02 09:30:09.890,152384,142298,S,,20180502,656.01,93009890,3000,1968030.0
2018-05-02 09:30:09.890,152384,10341,S,,20180502,656.0,93009890,100,65600.0
2018-05-02 09:30:09.890,152384,22471,S,,20180502,656.0,93009890,100,65600.0
2018-05-02 09:30:09.890,152384,51362,S,,20180502,656.0,93009890,200,131200.0
2018-05-02 09:30:09.890,152384,88594,S,,20180502,656.0,93009890,100,65600.0
2018-05-02 09:30:09.890,152384,106650,S,,20180502,656.0,93009890,200,131200.0
2018-05-02 09:30:10.290,97568,152515,B,,20180502,659.9,93010290,1200,791880.0
2018-05-02 09:30:10.290,97569,152515,B,,20180502,659.9,93010290,1300,857870.0
2018-05-02 09:30:10.290,97610,152515,B,,20180502,659.9,93010290,2200,1451780.0
2018-05-02 09:30:10.460,152569,152540,S,,20180502,659.0,93010460,200,131800.0
2018-05-02 09:30:10.580,152569,152620,B,,20180502,659.0,93010580,700,461300.0
2018-05-02 09:30:10.580,152575,152620,B,,20180502,659.0,93010580,100,65900.0
2018-05-02 09:30:10.580,152576,152620,B,,20180502,659.0,93010580,700,461300.0
2018-05-02 09:30:10.580,152576,152621,B,,20180502,659.0,93010580,1300,856700.0
2018-05-02 09:30:10.580,152577,152621,B,,20180502,659.0,93010580,300,197700.0
2018-05-02 09:30:10.580,152578,152621,B,,20180502,659.0,93010580,287,189133.0
2018-05-02 09:30:10.580,152579,152621,B,,20180502,659.0,93010580,313,206267.0
2018-05-02 09:30:10.580,152579,152622,B,,20180502,659.0,93010580,1687,1111733.0
2018-05-02 09:30:10.580,152580,152622,B,,20180502,659.0,93010580,500,329500.0
2018-05-02 09:30:10.580,97610,152622,B,,20180502,659.9,93010580,600,395940.0
2018-05-02 09:30:10.580,97798,152622,B,,20180502,659.9,93010580,700,461930.0
2018-05-02 09:30:10.580,143896,152622,B,,20180502,659.9,93010580,100,65990.0
2018-05-02 09:30:10.580,151411,152622,B,,20180502,659.9,93010580,1600,1055840.0
2018-05-02 09:30:10.580,152385,152622,B,,20180502,659.9,93010580,413,272538.7
2018-05-02 09:30:10.580,152385,152623,B,,20180502,659.9,93010580,387,255381.3
2018-05-02 09:30:10.840,152729,152623,S,,20180502,659.9,93010840,100,65990.0
2018-05-02 09:30:10.930,152760,152623,S,,20180502,659.9,93010930,13,8578.699999999999
2018-05-02 09:30:11.280,152760,152867,B,,20180502,658.03,93011280,200,131606.0
2018-05-02 09:30:11.330,152760,152894,B,,20180502,658.03,93011330,100,65803.0
2018-05-02 09:30:12.460,152760,153238,B,,20180502,658.03,93012460,1000,658030.0
2018-05-02 09:30:13.030,152760,153490,B,,20180502,658.03,93013030,587,386263.61
2018-05-02 09:30:13.030,152771,153490,B,,20180502,658.03,93013030,5400,3553362.0
2018-05-02 09:30:13.030,152772,153490,B,,20180502,658.03,93013030,5400,3553362.0
2018-05-02 09:30:13.030,152873,153490,B,,20180502,658.03,93013030,5400,3553362.0
2018-05-02 09:30:13.030,153235,153490,B,,20180502,658.8,93013030,4200,2766960.0
2018-05-02 09:30:13.030,153261,153490,B,,20180502,658.8,93013030,7013,4620164.399999999
2018-05-02 09:30:13.030,153491,153322,S,,20180502,656.01,93013030,600,393606.0
2018-05-02 09:30:13.030,153491,106650,S,,20180502,656.0,93013030,300,196800.0
2018-05-02 09:30:13.030,153491,132373,S,,20180502,656.0,93013030,200,131200.0
2018-05-02 09:30:13.030,153491,29677,S,,20180502,655.99,93013030,100,65599.0
2018-05-02 09:30:13.030,153491,12984,S,,20180502,655.95,93013030,100,65595.0
2018-05-02 09:30:13.030,153491,43138,S,,20180502,655.77,93013030,100,65577.0
2018-05-02 09:30:13.030,153491,118239,S,,20180502,655.55,93013030,200,131110.0
2018-05-02 09:30:13.030,153491,37425,S,,20180502,655.53,93013030,100,65553.0
2018-05-02 09:30:13.030,153491,116928,S,,20180502,655.5,93013030,100,65550.0
2018-05-02 09:30:13.030,153491,105778,S,,20180502,655.36,93013030,1000,655360.0
2018-05-02 09:30:13.030,153491,13707,S,,20180502,655.25,93013030,200,131050.0
2018-05-02 09:30:13.030,153491,147301,S,,20180502,655.2,93013030,100,65520.00000000001
2018-05-02 09:30:13.030,153491,131720,S,,20180502,655.11,93013030,100,65511.0
2018-05-02 09:30:13.030,153491,11,S,,20180502,655.1,93013030,100,65510.0
2018-05-02 09:30:13.660,153510,153756,B,,20180502,657.01,93013660,100,65701.0
2018-05-02 09:30:14.670,153522,154285,B,,20180502,658.12,93014670,300,197436.0
2018-05-02 09:30:15.050,154455,153756,S,,20180502,658.03,93015050,800,526424.0
2018-05-02 09:30:15.070,154473,153756,S,,20180502,658.03,93015070,100,65803.0
2018-05-02 09:30:15.070,154474,153757,S,,20180502,658.03,93015070,100,65803.0
2018-05-02 09:30:15.100,154486,153757,S,,20180502,658.03,93015100,1300,855439.0
2018-05-02 09:30:15.100,154486,153758,S,,20180502,658.03,93015100,700,460621.0
2018-05-02 09:30:15.220,153522,154575,B,,20180502,658.12,93015220,100,65812.0
2018-05-02 09:30:15.610,154770,153758,S,,20180502,658.03,93015610,200,131606.0
2018-05-02 09:30:15.860,154917,153758,S,,20180502,658.03,93015860,2100,1381863.0
2018-05-02 09:30:15.860,154917,153759,S,,20180502,658.03,93015860,200,131606.0
2018-05-02 09:30:15.860,154917,112967,S,,20180502,655.1,93015860,100,65510.0
2018-05-02 09:30:15.860,154917,154618,S,,20180502,655.03,93015860,500,327515.0
2018-05-02 09:30:16.080,153522,155009,B,,20180502,658.12,93016080,300,197436.0
2018-05-02 09:30:16.080,154011,155009,B,,20180502,658.12,93016080,600,394872.0
2018-05-02 09:30:16.080,154012,155009,B,,20180502,658.12,93016080,600,394872.0
2018-05-02 09:30:16.340,153779,155120,B,,20180502,658.33,93016340,100,65833.0
2018-05-02 09:30:16.450,155157,155009,S,,20180502,658.12,93016450,100,65812.0
2018-05-02 09:30:16.760,153923,155324,B,,20180502,658.5,93016760,100,65850.0
2018-05-02 09:30:16.940,155398,155009,S,,20180502,658.12,93016940,100,65812.0
2018-05-02 09:30:16.940,155399,155009,S,,20180502,658.12,93016940,1100,723932.0
2018-05-02 09:30:17.020,153924,155423,B,,20180502,658.5,93017020,100,65850.0
2018-05-02 09:30:18.120,153989,155897,B,,20180502,658.5,93018120,50,32925.0
2018-05-02 09:30:18.120,153990,155897,B,,20180502,658.5,93018120,100,65850.0
2018-05-02 09:30:18.120,153991,155897,B,,20180502,658.5,93018120,50,32925.0
2018-05-02 09:30:18.600,153991,156113,B,,20180502,658.5,93018600,50,32925.0
2018-05-02 09:30:18.600,154025,156113,B,,20180502,658.5,93018600,50,32925.0
2018-05-02 09:30:18.930,154026,156271,B,,20180502,658.5,93018930,50,32925.0
2018-05-02 09:30:18.930,154027,156271,B,,20180502,658.5,93018930,50,32925.0
2018-05-02 09:30:18.930,154081,156271,B,,20180502,658.5,93018930,100,65850.0
2018-05-02 09:30:18.930,154082,156271,B,,20180502,658.5,93018930,50,32925.0
2018-05-02 09:30:18.930,154083,156271,B,,20180502,658.5,93018930,50,32925.0
2018-05-02 09:30:18.930,154124,156271,B,,20180502,658.5,93018930,100,65850.0
2018-05-02 09:30:18.950,156281,155009,S,,20180502,658.12,93018950,2700,1776924.0
2018-05-02 09:30:19.300,156483,155009,S,,20180502,658.12,93019300,700,460684.0
2018-05-02 09:30:19.340,156502,155009,S,,20180502,658.12,93019340,200,131624.0
2018-05-02 09:30:19.340,156502,155110,S,,20180502,658.12,93019340,400,263248.0
2018-05-02 09:30:19.340,156502,155247,S,,20180502,658.12,93019340,100,65812.0
2018-05-02 09:30:19.340,156502,155268,S,,20180502,658.12,93019340,1200,789744.0
2018-05-02 09:30:19.340,156502,155269,S,,20180502,658.12,93019340,200,131624.0
2018-05-02 09:30:19.340,156503,155269,S,,20180502,658.12,93019340,1500,987180.0
2018-05-02 09:30:19.340,156503,156442,S,,20180502,658.12,93019340,200,131624.0
2018-05-02 09:30:19.340,156503,155763,S,,20180502,658.03,93019340,100,65803.0
2018-05-02 09:30:19.770,156503,156647,B,,20180502,658.0,93019770,100,65800.0
2018-05-02 09:30:19.770,156503,156648,B,,20180502,658.0,93019770,200,131600.0
2018-05-02 09:30:19.770,156511,156648,B,,20180502,658.0,93019770,1600,1052800.0
2018-05-02 09:30:19.770,156511,156649,B,,20180502,658.0,93019770,100,65800.0
2018-05-02 09:30:19.820,156511,156670,B,,20180502,658.0,93019820,100,65800.0
2018-05-02 09:30:20.140,156800,156807,B,,20180502,656.0,93020140,200,131200.0
2018-05-02 09:30:20.640,156965,156988,B,,20180502,655.77,93020640,100,65577.0
2018-05-02 09:30:20.640,156966,156988,B,,20180502,655.77,93020640,100,65577.0
2018-05-02 09:30:22.130,156966,157671,B,,20180502,655.77,93022130,100,65577.0
2018-05-02 09:30:22.130,156966,157672,B,,20180502,655.77,93022130,100,65577.0
2018-05-02 09:30:22.350,156992,157767,B,,20180502,655.77,93022350,300,196731.0
2018-05-02 09:30:22.510,157298,157825,B,,20180502,655.77,93022510,300,196731.0
2018-05-02 09:30:22.690,157925,157825,S,,20180502,655.77,93022690,100,65577.0
2018-05-02 09:30:22.840,156800,157990,B,,20180502,656.0,93022840,100,65600.0
2018-05-02 09:30:23.010,156800,158041,B,,20180502,656.0,93023010,100,65600.0
2018-05-02 09:30:23.640,158298,157826,S,,20180502,655.77,93023640,100,65577.0
2018-05-02 09:30:23.640,158298,157070,S,,20180502,655.11,93023640,300,196533.0
2018-05-02 09:30:23.660,158303,157070,S,,20180502,655.11,93023660,1700,1113687.0
2018-05-02 09:30:23.660,158303,105771,S,,20180502,655.02,93023660,300,196506.0
2018-05-02 09:30:23.660,158303,12931,S,,20180502,655.01,93023660,100,65501.0
2018-05-02 09:30:23.660,158303,18535,S,,20180502,655.01,93023660,100,65501.0
2018-05-02 09:30:23.660,158303,70863,S,,20180502,655.01,93023660,500,327505.0
2018-05-02 09:30:23.660,158303,142300,S,,20180502,655.01,93023660,2900,1899529.0
2018-05-02 09:30:23.660,158304,142300,S,,20180502,655.01,93023660,100,65501.0
2018-05-02 09:30:23.660,158304,10365,S,,20180502,655.0,93023660,100,65500.0
2018-05-02 09:30:23.660,158304,13723,S,,20180502,655.0,93023660,100,65500.0
2018-05-02 09:30:23.660,158304,14682,S,,20180502,655.0,93023660,100,65500.0
2018-05-02 09:30:23.660,158305,14682,S,,20180502,655.0,93023660,400,262000.0
2018-05-02 09:30:23.660,158305,34434,S,,20180502,655.0,93023660,100,65500.0
2018-05-02 09:30:23.660,158305,48906,S,,20180502,655.0,93023660,100,65500.0
2018-05-02 09:30:23.660,158305,74020,S,,20180502,655.0,93023660,100,65500.0
2018-05-02 09:30:23.660,158305,82065,S,,20180502,655.0,93023660,200,131000.0
2018-05-02 09:30:23.660,158305,86153,S,,20180502,655.0,93023660,1000,655000.0
2018-05-02 09:30:23.660,158305,108312,S,,20180502,655.0,93023660,100,65500.0
2018-05-02 09:30:23.660,158305,117850,S,,20180502,655.0,93023660,100,65500.0
2018-05-02 09:30:23.660,158305,118196,S,,20180502,655.0,93023660,1000,655000.0
2018-05-02 09:30:23.660,158305,118344,S,,20180502,655.0,93023660,100,65500.0
2018-05-02 09:30:23.660,158305,118589,S,,20180502,655.0,93023660,100,65500.0
2018-05-02 09:30:23.660,158305,131164,S,,20180502,655.0,93023660,100,65500.0
2018-05-02 09:30:23.660,158305,134573,S,,20180502,655.0,93023660,100,65500.0
2018-05-02 09:30:24.810,158861,135750,S,,20180502,655.0,93024810,100,65500.0
2018-05-02 09:30:24.810,158861,137973,S,,20180502,655.0,93024810,100,65500.0
2018-05-02 09:30:24.810,158861,145681,S,,20180502,655.0,93024810,100,65500.0
2018-05-02 09:30:24.950,158936,149926,S,,20180502,655.0,93024950,100,65500.0
2018-05-02 09:30:24.950,158936,105790,S,,20180502,654.02,93024950,200,130804.0
2018-05-02 09:30:25.320,158936,159119,B,,20180502,654.02,93025320,100,65402.0
2018-05-02 09:30:25.760,158936,159332,B,,20180502,654.02,93025760,200,130804.0
2018-05-02 09:30:25.760,156800,159332,B,,20180502,656.0,93025760,100,65600.0
2018-05-02 09:30:25.760,156800,159333,B,,20180502,656.0,93025760,300,196800.0
2018-05-02 09:30:25.760,156800,159334,B,,20180502,656.0,93025760,100,65600.0
2018-05-02 09:30:26.090,156800,159495,B,,20180502,656.0,93026090,400,262400.0
2018-05-02 09:30:26.610,156800,159740,B,,20180502,656.0,93026610,100,65600.0
2018-05-02 09:30:26.680,156800,159775,B,,20180502,656.0,93026680,100,65600.0
2018-05-02 09:30:26.760,156927,159810,B,,20180502,656.0,93026760,100,65600.0
2018-05-02 09:30:26.810,159834,159738,S,,20180502,655.19,93026810,300,196557.00000000003
2018-05-02 09:30:27.400,156927,160117,B,,20180502,656.0,93027400,100,65600.0
2018-05-02 09:30:27.400,157175,160117,B,,20180502,656.0,93027400,100,65600.0
2018-05-02 09:30:27.400,157358,160117,B,,20180502,656.0,93027400,200,131200.0
2018-05-02 09:30:27.400,159913,160117,B,,20180502,656.0,93027400,100,65600.0
2018-05-02 09:30:27.500,159913,160159,B,,20180502,656.0,93027500,100,65600.0
2018-05-02 09:30:27.690,160272,159892,S,,20180502,655.5,93027690,200,131100.0
2018-05-02 09:30:27.870,160072,160380,B,,20180502,656.0,93027870,400,262400.0
2018-05-02 09:30:28.300,160613,159920,S,,20180502,655.2,93028300,300,196560.0
2018-05-02 09:30:28.350,160072,160640,B,,20180502,656.0,93028350,100,65600.0
2018-05-02 09:30:28.380,160647,159920,S,,20180502,655.2,93028380,200,131040.00000000001
2018-05-02 09:30:28.380,160647,159738,S,,20180502,655.19,93028380,600,393114.00000000006
2018-05-02 09:30:28.380,160647,160125,S,,20180502,655.02,93028380,300,196506.0
2018-05-02 09:30:28.380,160648,160125,S,,20180502,655.02,93028380,900,589518.0
2018-05-02 09:30:28.520,160648,160726,B,,20180502,655.0,93028520,200,131000.0
2018-05-02 09:30:28.690,160765,160817,B,,20180502,655.0,93028690,100,65500.0
2018-05-02 09:30:28.730,160765,160848,B,,20180502,655.0,93028730,200,131000.0
2018-05-02 09:30:29.070,160991,142390,S,,20180502,654.01,93029070,300,196203.0
2018-05-02 09:30:29.160,160765,161029,B,,20180502,655.0,93029160,100,65500.0
2018-05-02 09:30:29.160,160765,161065,B,,20180502,655.0,93029160,100,65500.0
2018-05-02 09:30:29.160,160879,161065,B,,20180502,655.5,93029160,100,65550.0
2018-05-02 09:30:29.160,160072,161065,B,,20180502,656.0,93029160,100,65600.0
2018-05-02 09:30:29.370,161151,142390,S,,20180502,654.01,93029370,200,130802.0
2018-05-02 09:30:30.210,161557,161530,S,,20180502,656.0,93030210,100,65600.0
2018-05-02 09:30:30.470,161659,142390,S,,20180502,654.01,93030470,200,130802.0
2018-05-02 09:30:30.620,161714,161734,B,,20180502,655.0,93030620,100,65500.0
2018-05-02 09:30:30.620,161557,161734,B,,20180502,655.01,93030620,800,524008.0
2018-05-02 09:30:30.900,161898,142390,S,,20180502,654.01,93030900,100,65401.0
2018-05-02 09:30:31.100,162003,142390,S,,20180502,654.01,93031100,300,196203.0
2018-05-02 09:30:31.300,162106,142390,S,,20180502,654.01,93031300,1900,1242619.0
2018-05-02 09:30:31.300,162106,27811,S,,20180502,654.0,93031300,100,65400.0
2018-05-02 09:30:31.300,162106,107095,S,,20180502,654.0,93031300,200,130800.0
2018-05-02 09:30:31.300,162106,139684,S,,20180502,654.0,93031300,200,130800.0
2018-05-02 09:30:31.540,162106,162237,B,,20180502,654.0,93031540,200,130800.0
2018-05-02 09:30:31.560,162106,162252,B,,20180502,654.0,93031560,600,392400.0
2018-05-02 09:30:31.590,162106,162262,B,,20180502,654.0,93031590,100,65400.0
2018-05-02 09:30:31.950,162439,109277,S,,20180502,653.67,93031950,200,130733.99999999999
2018-05-02 09:30:31.950,162439,79946,S,,20180502,653.16,93031950,100,65316.0
2018-05-02 09:30:32.500,162106,162709,B,,20180502,654.0,93032500,500,327000.0
2018-05-02 09:30:32.500,162117,162709,B,,20180502,654.0,93032500,300,196200.0
2018-05-02 09:30:32.500,162504,162709,B,,20180502,654.01,93032500,200,130802.0
2018-05-02 09:30:32.500,162504,162710,B,,20180502,654.01,93032500,100,65401.0
2018-05-02 09:30:32.500,161557,162710,B,,20180502,655.01,93032500,800,524008.0
2018-05-02 09:30:32.600,161557,162789,B,,20180502,655.01,93032600,100,65501.0
2018-05-02 09:30:32.980,162956,122100,S,,20180502,653.03,93032980,500,326515.0
2018-05-02 09:30:32.980,162956,105800,S,,20180502,653.02,93032980,300,195906.0
2018-05-02 09:30:32.980,162956,142392,S,,20180502,653.01,93032980,500,326505.0
2018-05-02 09:30:33.170,161557,163064,B,,20180502,655.01,93033170,100,65501.0
2018-05-02 09:30:33.170,161557,163065,B,,20180502,655.01,93033170,100,65501.0
2018-05-02 09:30:33.930,163426,163475,B,,20180502,654.0,93033930,800,523200.0
2018-05-02 09:30:34.030,163426,163546,B,,20180502,654.0,93034030,100,65400.0
2018-05-02 09:30:34.110,163426,163614,B,,20180502,654.0,93034110,100,65400.0
2018-05-02 09:30:34.550,163426,163829,B,,20180502,654.0,93034550,300,196200.0
2018-05-02 09:30:34.550,163426,163830,B,,20180502,654.0,93034550,200,130800.0
2018-05-02 09:30:34.550,163426,163831,B,,20180502,654.0,93034550,1000,654000.0
2018-05-02 09:30:34.550,163426,163838,B,,20180502,654.0,93034550,100,65400.0
2018-05-02 09:30:34.580,163426,163863,B,,20180502,654.0,93034580,100,65400.0
2018-05-02 09:30:34.730,163426,163953,B,,20180502,654.0,93034730,200,130800.0
2018-05-02 09:30:35.540,164378,142392,S,,20180502,653.01,93035540,2500,1632525.0
2018-05-02 09:30:35.540,164378,14683,S,,20180502,653.0,93035540,500,326500.0
2018-05-02 09:30:35.540,164378,27808,S,,20180502,652.66,93035540,600,391596.0
2018-05-02 09:30:35.540,164378,12534,S,,20180502,652.53,93035540,100,65253.0
2018-05-02 09:30:35.540,164378,6283,S,,20180502,652.5,93035540,100,65250.0
2018-05-02 09:30:35.540,164378,12764,S,,20180502,652.22,93035540,5000,3261100.0
2018-05-02 09:30:35.540,164378,147212,S,,20180502,652.22,93035540,100,65222.0
2018-05-02 09:30:35.540,164378,13708,S,,20180502,652.15,93035540,300,195645.0
2018-05-02 09:30:35.540,164378,142393,S,,20180502,652.01,93035540,2600,1695226.0
2018-05-02 09:30:35.560,164078,164407,B,,20180502,653.67,93035560,100,65366.99999999999
2018-05-02 09:30:35.710,164078,164484,B,,20180502,653.67,93035710,200,130733.99999999999
2018-05-02 09:30:35.710,163426,164484,B,,20180502,654.0,93035710,300,196200.0
2018-05-02 09:30:36.100,164681,164617,S,,20180502,653.53,93036100,100,65353.0
2018-05-02 09:30:36.100,163426,164682,B,,20180502,654.0,93036100,300,196200.0
2018-05-02 09:30:36.320,163426,164838,B,,20180502,654.0,93036320,100,65400.0
2018-05-02 09:30:36.450,164937,142393,S,,20180502,652.01,93036450,50,32600.5
2018-05-02 09:30:36.500,163426,164960,B,,20180502,654.0,93036500,100,65400.0
2018-05-02 09:30:36.560,165013,142393,S,,20180502,652.01,93036560,100,65201.0
2018-05-02 09:30:36.560,165014,142393,S,,20180502,652.01,93036560,100,65201.0
2018-05-02 09:30:36.560,165015,142393,S,,20180502,652.01,93036560,70,45640.7
2018-05-02 09:30:36.560,165016,142393,S,,20180502,652.01,93036560,80,52160.8
2018-05-02 09:30:36.560,165016,23828,S,,20180502,652.0,93036560,100,65200.0
2018-05-02 09:30:36.560,165016,76293,S,,20180502,652.0,93036560,120,78240.0
2018-05-02 09:30:36.640,165075,76293,S,,20180502,652.0,93036640,80,52160.0
2018-05-02 09:30:36.640,165075,78230,S,,20180502,652.0,93036640,20,13040.0
2018-05-02 09:30:36.640,165076,78230,S,,20180502,652.0,93036640,50,32600.0
2018-05-02 09:30:36.640,165077,78230,S,,20180502,652.0,93036640,130,84760.0
2018-05-02 09:30:36.640,165077,81077,S,,20180502,652.0,93036640,70,45640.0
2018-05-02 09:30:36.760,165156,81077,S,,20180502,652.0,93036760,30,19560.0
2018-05-02 09:30:36.760,165156,83472,S,,20180502,652.0,93036760,20,13040.0
2018-05-02 09:30:36.760,165157,83472,S,,20180502,652.0,93036760,50,32600.0
2018-05-02 09:30:36.760,165158,83472,S,,20180502,652.0,93036760,130,84760.0
2018-05-02 09:30:36.760,165158,87828,S,,20180502,652.0,93036760,70,45640.0
2018-05-02 09:30:36.760,165159,87828,S,,20180502,652.0,93036760,30,19560.0
2018-05-02 09:30:36.760,165159,94127,S,,20180502,652.0,93036760,20,13040.0
2018-05-02 09:30:36.810,163426,165200,B,,20180502,654.0,93036810,900,588600.0
2018-05-02 09:30:36.840,165235,94127,S,,20180502,652.0,93036840,80,52160.0
2018-05-02 09:30:36.840,165235,104600,S,,20180502,652.0,93036840,20,13040.0
2018-05-02 09:30:36.840,165236,104600,S,,20180502,652.0,93036840,50,32600.0
2018-05-02 09:30:36.840,165237,104600,S,,20180502,652.0,93036840,30,19560.0
2018-05-02 09:30:36.840,165237,107101,S,,20180502,652.0,93036840,70,45640.0
2018-05-02 09:30:37.010,165351,107101,S,,20180502,652.0,93037010,230,149960.0
2018-05-02 09:30:37.010,165351,107312,S,,20180502,652.0,93037010,70,45640.0
2018-05-02 09:30:37.260,163426,165468,B,,20180502,654.0,93037260,200,130800.0
2018-05-02 09:30:37.550,163426,165608,B,,20180502,654.0,93037550,100,65400.0
2018-05-02 09:30:37.550,163604,165608,B,,20180502,654.0,93037550,400,261600.0
2018-05-02 09:30:37.550,163604,165609,B,,20180502,654.0,93037550,700,457800.0
2018-05-02 09:30:37.550,163604,165610,B,,20180502,654.0,93037550,1000,654000.0
2018-05-02 09:30:37.550,163605,165610,B,,20180502,654.0,93037550,800,523200.0
2018-05-02 09:30:37.550,163605,165611,B,,20180502,654.0,93037550,200,130800.0
2018-05-02 09:30:37.940,165834,107312,S,,20180502,652.0,93037940,30,19560.0
2018-05-02 09:30:37.940,165834,109308,S,,20180502,652.0,93037940,100,65200.0
2018-05-02 09:30:37.940,165834,110852,S,,20180502,652.0,93037940,500,326000.0
2018-05-02 09:30:37.940,165834,23573,S,,20180502,651.97,93037940,600,391182.0
2018-05-02 09:30:37.940,165834,19340,S,,20180502,651.4,93037940,100,65140.0
2018-05-02 09:30:37.940,165834,139651,S,,20180502,651.2,93037940,100,65120.00000000001
2018-05-02 09:30:37.940,165834,145585,S,,20180502,651.2,93037940,100,65120.00000000001
2018-05-02 09:30:37.940,165834,98338,S,,20180502,651.1,93037940,400,260440.0
2018-05-02 09:30:37.940,165834,140890,S,,20180502,651.09,93037940,100,65109.0
2018-05-02 09:30:37.940,165834,142395,S,,20180502,651.01,93037940,2400,1562424.0
2018-05-02 09:30:37.940,165834,3760,S,,20180502,651.0,93037940,300,195300.0
2018-05-02 09:30:37.940,165834,14684,S,,20180502,651.0,93037940,500,325500.0
2018-05-02 09:30:37.940,165834,21711,S,,20180502,651.0,93037940,1000,651000.0
2018-05-02 09:30:37.940,165834,153176,S,,20180502,650.97,93037940,100,65097.0
2018-05-02 09:30:37.940,165834,469,S,,20180502,650.95,93037940,100,65095.00000000001
2018-05-02 09:30:37.940,165834,135793,S,,20180502,650.91,93037940,100,65091.0
2018-05-02 09:30:37.940,165834,58835,S,,20180502,650.5,93037940,100,65050.0
2018-05-02 09:30:37.940,165834,143597,S,,20180502,650.5,93037940,100,65050.0
2018-05-02 09:30:37.940,165834,116332,S,,20180502,650.48,93037940,100,65048.0
2018-05-02 09:30:37.940,165834,110391,S,,20180502,650.3,93037940,500,325150.0
2018-05-02 09:30:37.940,165834,150136,S,,20180502,650.25,93037940,8070,5247517.5
2018-05-02 09:30:38.410,165680,166070,B,,20180502,652.01,93038410,96,62592.96
2018-05-02 09:30:38.410,163605,166070,B,,20180502,654.0,93038410,4,2616.0
2018-05-02 09:30:38.580,163605,166150,B,,20180502,654.0,93038580,500,327000.0
2018-05-02 09:30:39.230,166292,166507,B,,20180502,653.02,93039230,100,65302.0
2018-05-02 09:30:39.580,166671,166682,B,,20180502,653.01,93039580,300,195903.0
2018-05-02 09:30:39.580,166359,166682,B,,20180502,653.98,93039580,100,65398.0
2018-05-02 09:30:39.580,163605,166682,B,,20180502,654.0,93039580,400,261600.0
2018-05-02 09:30:39.660,163605,166727,B,,20180502,654.0,93039660,100,65400.0
2018-05-02 09:30:40.400,167108,167169,B,,20180502,653.03,93040400,200,130606.0
2018-05-02 09:30:40.850,167108,167416,B,,20180502,653.03,93040850,100,65303.0
2018-05-02 09:30:40.850,167071,167416,B,,20180502,653.97,93040850,100,65397.0
2018-05-02 09:30:40.960,167477,167416,S,,20180502,653.98,93040960,100,65398.0
2018-05-02 09:30:41.080,167530,167416,S,,20180502,653.98,93041080,300,196194.0
2018-05-02 09:30:41.480,167713,167416,S,,20180502,653.98,93041480,100,65398.0
2018-05-02 09:30:41.910,167133,167939,B,,20180502,653.99,93041910,100,65399.0
2018-05-02 09:30:42.350,163605,168145,B,,20180502,654.0,93042350,300,196200.0
2018-05-02 09:30:42.670,168314,167417,S,,20180502,653.98,93042670,800,523184.0
2018-05-02 09:30:42.720,168356,167417,S,,20180502,653.98,93042720,100,65398.0
2018-05-02 09:30:42.750,163605,168364,B,,20180502,654.0,93042750,1200,784800.0
2018-05-02 09:30:42.820,168434,167417,S,,20180502,653.98,93042820,200,130796.0
2018-05-02 09:30:42.820,168434,167418,S,,20180502,653.98,93042820,2600,1700348.0
2018-05-02 09:30:42.820,168434,167419,S,,20180502,653.98,93042820,200,130796.0
2018-05-02 09:30:43.190,168646,167866,S,,20180502,652.02,93043190,300,195606.0
2018-05-02 09:30:43.210,168654,168665,B,,20180502,653.57,93043210,100,65357.00000000001
2018-05-02 09:30:43.210,168482,168665,B,,20180502,653.67,93043210,200,130733.99999999999
2018-05-02 09:30:43.210,168434,168665,B,,20180502,653.98,93043210,100,65398.0
2018-05-02 09:30:43.310,168434,168718,B,,20180502,653.98,93043310,200,130796.0
2018-05-02 09:30:43.380,168434,168755,B,,20180502,653.98,93043380,100,65398.0
2018-05-02 09:30:43.470,168434,168807,B,,20180502,653.98,93043470,100,65398.0
2018-05-02 09:30:43.720,168434,168930,B,,20180502,653.98,93043720,100,65398.0
2018-05-02 09:30:44.150,168949,169147,B,,20180502,653.0,93044150,200,130600.0
2018-05-02 09:30:44.180,169126,169151,B,,20180502,653.0,93044180,1100,718300.0
2018-05-02 09:30:44.210,169126,169169,B,,20180502,653.0,93044210,100,65300.0
2018-05-02 09:30:44.570,169362,167866,S,,20180502,652.02,93044570,200,130404.0
2018-05-02 09:30:44.670,169422,166465,S,,20180502,652.01,93044670,100,65201.0
2018-05-02 09:30:45.050,169425,169613,B,,20180502,651.4,93045050,200,130280.0
2018-05-02 09:30:45.270,169425,169716,B,,20180502,651.4,93045270,1000,651400.0
2018-05-02 09:30:45.270,169460,169716,B,,20180502,651.4,93045270,1200,781680.0
2018-05-02 09:30:45.650,169126,169889,B,,20180502,653.0,93045650,1000,653000.0
2018-05-02 09:30:45.670,169906,169870,S,,20180502,652.5,93045670,100,65250.0
2018-05-02 09:30:45.720,169906,169928,B,,20180502,652.0,93045720,900,586800.0
2018-05-02 09:30:45.800,169984,167815,S,,20180502,651.2,93045800,200,130240.00000000001
2018-05-02 09:30:45.800,169984,169172,S,,20180502,651.02,93045800,100,65102.0
2018-05-02 09:30:46.130,169906,170147,B,,20180502,652.0,93046130,100,65200.0
2018-05-02 09:30:46.310,169906,170204,B,,20180502,652.0,93046310,300,195600.0
2018-05-02 09:30:46.310,170154,170204,B,,20180502,652.0,93046310,200,130400.0
2018-05-02 09:30:46.760,170450,169557,S,,20180502,651.01,93046760,100,65101.0
2018-05-02 09:30:46.960,170154,170582,B,,20180502,652.0,93046960,300,195600.0
2018-05-02 09:30:46.960,170154,170583,B,,20180502,652.0,93046960,100,65200.0
2018-05-02 09:30:46.960,170154,170584,B,,20180502,652.0,93046960,400,260800.0
2018-05-02 09:30:46.960,170155,170584,B,,20180502,652.0,93046960,600,391200.0
2018-05-02 09:30:46.960,170155,170585,B,,20180502,652.0,93046960,100,65200.0
2018-05-02 09:30:47.530,170155,170889,B,,20180502,652.0,93047530,100,65200.0
2018-05-02 09:30:47.720,170155,170966,B,,20180502,652.0,93047720,100,65200.0
2018-05-02 09:30:47.910,171089,150136,S,,20180502,650.25,93047910,930,604732.5
2018-05-02 09:30:47.910,171089,103913,S,,20180502,650.22,93047910,2000,1300440.0
2018-05-02 09:30:47.910,171089,20719,S,,20180502,650.2,93047910,100,65020.00000000001
2018-05-02 09:30:47.910,171089,53206,S,,20180502,650.15,93047910,500,325075.0
2018-05-02 09:30:47.910,171089,261,S,,20180502,650.1,93047910,100,65010.0
2018-05-02 09:30:47.910,171089,71940,S,,20180502,650.1,93047910,100,65010.0
2018-05-02 09:30:47.910,171089,72376,S,,20180502,650.1,93047910,100,65010.0
2018-05-02 09:30:47.910,171089,96001,S,,20180502,650.1,93047910,100,65010.0
2018-05-02 09:30:47.910,171089,151137,S,,20180502,650.08,93047910,100,65008.00000000001
2018-05-02 09:30:47.910,171089,48353,S,,20180502,650.05,93047910,3100,2015154.9999999998
2018-05-02 09:30:47.910,171089,150193,S,,20180502,650.05,93047910,3370,2190668.5
2018-05-02 09:30:47.960,171113,150193,S,,20180502,650.05,93047960,74,48103.7
2018-05-02 09:30:48.150,170155,171209,B,,20180502,652.0,93048150,200,130400.0
2018-05-02 09:30:48.600,170155,171461,B,,20180502,652.0,93048600,700,456400.0
2018-05-02 09:30:49.060,170155,171723,B,,20180502,652.0,93049060,100,65200.0
2018-05-02 09:30:49.110,170155,171748,B,,20180502,652.0,93049110,200,130400.0
2018-05-02 09:30:49.210,170155,171807,B,,20180502,652.0,93049210,100,65200.0
2018-05-02 09:30:49.470,171925,171744,S,,20180502,650.1,93049470,100,65010.0
2018-05-02 09:30:49.470,171926,150193,S,,20180502,650.05,93049470,300,195015.0
2018-05-02 09:30:49.470,171927,150193,S,,20180502,650.05,93049470,500,325025.0
2018-05-02 09:30:49.470,171928,150193,S,,20180502,650.05,93049470,200,130009.99999999999
2018-05-02 09:30:49.540,171955,150193,S,,20180502,650.05,93049540,100,65004.99999999999
2018-05-02 09:30:49.540,171956,150193,S,,20180502,650.05,93049540,100,65004.99999999999
2018-05-02 09:30:49.540,171957,150193,S,,20180502,650.05,93049540,100,65004.99999999999
2018-05-02 09:30:49.540,171958,150193,S,,20180502,650.05,93049540,100,65004.99999999999
2018-05-02 09:30:49.540,171959,150193,S,,20180502,650.05,93049540,100,65004.99999999999
2018-05-02 09:30:49.900,170155,172124,B,,20180502,652.0,93049900,100,65200.0
2018-05-02 09:30:50.040,170155,172194,B,,20180502,652.0,93050040,700,456400.0
2018-05-02 09:30:50.230,170155,172287,B,,20180502,652.0,93050230,100,65200.0
2018-05-02 09:30:50.450,170155,172414,B,,20180502,652.0,93050450,600,391200.0
2018-05-02 09:30:50.450,170155,172415,B,,20180502,652.0,93050450,800,521600.0
2018-05-02 09:30:50.450,170155,172416,B,,20180502,652.0,93050450,2000,1304000.0
2018-05-02 09:30:50.450,170183,172417,B,,20180502,652.0,93050450,200,130400.0
2018-05-02 09:30:50.710,170183,172544,B,,20180502,652.0,93050710,100,65200.0
2018-05-02 09:30:51.320,172666,172857,B,,20180502,651.0,93051320,100,65100.0
2018-05-02 09:30:51.320,172859,150193,S,,20180502,650.05,93051320,300,195015.0
2018-05-02 09:30:51.420,172666,172912,B,,20180502,651.0,93051420,400,260400.0
2018-05-02 09:30:51.550,172876,172985,B,,20180502,651.97,93051550,100,65197.0
2018-05-02 09:30:51.600,173030,150193,S,,20180502,650.05,93051600,3100,2015154.9999999998
2018-05-02 09:30:51.600,173031,150193,S,,20180502,650.05,93051600,5656,3676682.8
2018-05-02 09:30:51.600,173031,107428,S,,20180502,650.04,93051600,100,65004.0
2018-05-02 09:30:51.600,173031,12932,S,,20180502,650.01,93051600,100,65001.0
2018-05-02 09:30:51.600,173031,16542,S,,20180502,650.01,93051600,100,65001.0
2018-05-02 09:30:51.600,173031,69725,S,,20180502,650.01,93051600,444,288604.44
2018-05-02 09:30:52.020,172876,173286,B,,20180502,651.97,93052020,500,325985.0
2018-05-02 09:30:52.020,170183,173286,B,,20180502,652.0,93052020,500,326000.0
2018-05-02 09:30:52.020,170476,173286,B,,20180502,652.01,93052020,100,65201.0
2018-05-02 09:30:52.020,169126,173286,B,,20180502,653.0,93052020,1900,1240700.0
2018-05-02 09:30:52.160,173373,173087,S,,20180502,651.0,93052160,100,65100.0
2018-05-02 09:30:52.160,173373,173139,S,,20180502,651.0,93052160,100,65100.0
2018-05-02 09:30:52.160,173373,69725,S,,20180502,650.01,93052160,56,36400.56
2018-05-02 09:30:52.160,173373,166752,S,,20180502,650.01,93052160,100,65001.0
2018-05-02 09:30:52.160,173373,523,S,,20180502,650.0,93052160,600,390000.0
2018-05-02 09:30:52.160,173373,8856,S,,20180502,650.0,93052160,100,65000.0
2018-05-02 09:30:52.160,173373,9229,S,,20180502,650.0,93052160,400,260000.0
2018-05-02 09:30:52.160,173373,15894,S,,20180502,650.0,93052160,600,390000.0
2018-05-02 09:30:52.160,173373,17108,S,,20180502,650.0,93052160,100,65000.0
2018-05-02 09:30:52.160,173373,17928,S,,20180502,650.0,93052160,100,65000.0
2018-05-02 09:30:52.160,173373,18783,S,,20180502,650.0,93052160,100,65000.0
2018-05-02 09:30:52.160,173373,23305,S,,20180502,650.0,93052160,100,65000.0
2018-05-02 09:30:52.160,173373,23427,S,,20180502,650.0,93052160,100,65000.0
2018-05-02 09:30:52.160,173373,24938,S,,20180502,650.0,93052160,100,65000.0
2018-05-02 09:30:52.160,173373,25678,S,,20180502,650.0,93052160,100,65000.0
2018-05-02 09:30:52.160,173373,25792,S,,20180502,650.0,93052160,400,260000.0
2018-05-02 09:30:52.160,173373,28835,S,,20180502,650.0,93052160,100,65000.0
2018-05-02 09:30:52.160,173373,32543,S,,20180502,650.0,93052160,100,65000.0
2018-05-02 09:30:52.160,173373,32569,S,,20180502,650.0,93052160,100,65000.0
2018-05-02 09:30:52.160,173373,33725,S,,20180502,650.0,93052160,200,130000.0
2018-05-02 09:30:52.160,173373,34833,S,,20180502,650.0,93052160,100,65000.0
2018-05-02 09:30:52.160,173373,36588,S,,20180502,650.0,93052160,200,130000.0
2018-05-02 09:30:52.160,173373,39543,S,,20180502,650.0,93052160,100,65000.0
2018-05-02 09:30:52.160,173373,46492,S,,20180502,650.0,93052160,100,65000.0
2018-05-02 09:30:52.160,173373,56881,S,,20180502,650.0,93052160,100,65000.0
2018-05-02 09:30:52.160,173373,59608,S,,20180502,650.0,93052160,100,65000.0
2018-05-02 09:30:52.160,173373,70922,S,,20180502,650.0,93052160,100,65000.0
2018-05-02 09:30:52.160,173373,71487,S,,20180502,650.0,93052160,1000,650000.0
2018-05-02 09:30:52.160,173373,73172,S,,20180502,650.0,93052160,100,65000.0
2018-05-02 09:30:52.160,173373,76247,S,,20180502,650.0,93052160,100,65000.0
2018-05-02 09:30:52.160,173373,95456,S,,20180502,650.0,93052160,300,195000.0
2018-05-02 09:30:52.160,173373,96638,S,,20180502,650.0,93052160,100,65000.0
2018-05-02 09:30:52.160,173373,102191,S,,20180502,650.0,93052160,100,65000.0
2018-05-02 09:30:52.160,173373,102605,S,,20180502,650.0,93052160,100,65000.0
2018-05-02 09:30:52.160,173373,103264,S,,20180502,650.0,93052160,100,65000.0
2018-05-02 09:30:52.160,173373,109194,S,,20180502,650.0,93052160,500,325000.0
2018-05-02 09:30:52.160,173373,110216,S,,20180502,650.0,93052160,500,325000.0
2018-05-02 09:30:52.160,173373,110721,S,,20180502,650.0,93052160,100,65000.0
2018-05-02 09:30:52.160,173373,114852,S,,20180502,650.0,93052160,100,65000.0
2018-05-02 09:30:52.160,173373,114979,S,,20180502,650.0,93052160,100,65000.0
2018-05-02 09:30:52.160,173373,115872,S,,20180502,650.0,93052160,300,195000.0
2018-05-02 09:30:52.160,173373,115881,S,,20180502,650.0,93052160,300,195000.0
2018-05-02 09:30:52.160,173373,123532,S,,20180502,650.0,93052160,100,65000.0
2018-05-02 09:30:52.160,173373,124550,S,,20180502,650.0,93052160,100,65000.0
2018-05-02 09:30:52.160,173373,125548,S,,20180502,650.0,93052160,100,65000.0
2018-05-02 09:30:52.160,173373,125579,S,,20180502,650.0,93052160,1000,650000.0
2018-05-02 09:30:52.160,173373,126736,S,,20180502,650.0,93052160,100,65000.0
2018-05-02 09:30:52.160,173373,136739,S,,20180502,650.0,93052160,100,65000.0
2018-05-02 09:30:52.160,173373,137440,S,,20180502,650.0,93052160,100,65000.0
2018-05-02 09:30:52.160,173373,138264,S,,20180502,650.0,93052160,100,65000.0
2018-05-02 09:30:52.160,173373,139723,S,,20180502,650.0,93052160,100,65000.0
2018-05-02 09:30:52.160,173373,142793,S,,20180502,650.0,93052160,100,65000.0
2018-05-02 09:30:52.160,173373,143410,S,,20180502,650.0,93052160,100,65000.0
2018-05-02 09:30:52.160,173373,147489,S,,20180502,650.0,93052160,100,65000.0
2018-05-02 09:30:52.160,173373,156405,S,,20180502,650.0,93052160,100,65000.0
2018-05-02 09:30:52.160,173373,160761,S,,20180502,650.0,93052160,100,65000.0
2018-05-02 09:30:52.160,173373,168177,S,,20180502,650.0,93052160,100,65000.0
2018-05-02 09:30:52.160,173373,173369,S,,20180502,650.0,93052160,100,65000.0
2018-05-02 09:30:52.220,173373,173405,B,,20180502,650.0,93052220,100,65000.0
2018-05-02 09:30:52.280,173373,173437,B,,20180502,650.0,93052280,100,65000.0
2018-05-02 09:30:52.420,173373,173492,B,,20180502,650.0,93052420,300,195000.0
2018-05-02 09:30:52.500,173373,173531,B,,20180502,650.0,93052500,400,260000.0
2018-05-02 09:30:52.780,173373,173676,B,,20180502,650.0,93052780,200,130000.0
2018-05-02 09:30:52.780,173373,173677,B,,20180502,650.0,93052780,400,260000.0
2018-05-02 09:30:52.780,173373,173678,B,,20180502,650.0,93052780,700,455000.0
2018-05-02 09:30:52.850,173373,173728,B,,20180502,650.0,93052850,100,65000.0
2018-05-02 09:30:52.900,173373,173745,B,,20180502,650.0,93052900,100,65000.0
2018-05-02 09:30:52.920,173373,173761,B,,20180502,650.0,93052920,100,65000.0
2018-05-02 09:30:53.160,173373,173897,B,,20180502,650.0,93053160,100,65000.0
2018-05-02 09:30:53.310,173373,173973,B,,20180502,650.0,93053310,300,195000.0
2018-05-02 09:30:53.310,173373,173983,B,,20180502,650.0,93053310,500,325000.0
2018-05-02 09:30:53.580,173373,174126,B,,20180502,650.0,93053580,100,65000.0
2018-05-02 09:30:54.270,173373,174471,B,,20180502,650.0,93054270,500,325000.0
2018-05-02 09:30:54.410,174476,174536,B,,20180502,649.88,93054410,100,64988.0
2018-05-02 09:30:54.410,173373,174536,B,,20180502,650.0,93054410,1100,715000.0
2018-05-02 09:30:54.840,173373,174814,B,,20180502,650.0,93054840,200,130000.0
2018-05-02 09:30:54.990,173373,174897,B,,20180502,650.0,93054990,100,65000.0
2018-05-02 09:30:55.080,173373,174938,B,,20180502,650.0,93055080,3000,1950000.0
2018-05-02 09:30:55.180,173373,174994,B,,20180502,650.0,93055180,4544,2953600.0
2018-05-02 09:30:55.180,174642,174994,B,,20180502,650.0,93055180,100,65000.0
2018-05-02 09:30:55.180,174808,174994,B,,20180502,650.05,93055180,300,195015.0
2018-05-02 09:30:55.180,174238,174994,B,,20180502,651.0,93055180,200,130200.0
2018-05-02 09:30:55.180,174607,174994,B,,20180502,651.2,93055180,200,130240.00000000001
2018-05-02 09:30:55.180,169126,174994,B,,20180502,653.0,93055180,2756,1799668.0
2018-05-02 09:30:55.310,175081,175019,S,,20180502,652.01,93055310,100,65201.0
2018-05-02 09:30:55.310,175081,175052,S,,20180502,652.01,93055310,100,65201.0
2018-05-02 09:30:55.570,175177,175197,B,,20180502,650.0,93055570,100,65000.0
2018-05-02 09:30:55.970,175395,175286,S,,20180502,650.65,93055970,100,65065.0
2018-05-02 09:30:56.540,175451,175714,B,,20180502,650.0,93056540,100,65000.0
2018-05-02 09:30:56.670,175451,175785,B,,20180502,650.0,93056670,100,65000.0
2018-05-02 09:30:56.750,175840,175139,S,,20180502,649.88,93056750,100,64988.0
2018-05-02 09:30:56.910,175452,175912,B,,20180502,650.0,93056910,100,65000.0
2018-05-02 09:30:57.070,175453,175995,B,,20180502,650.0,93057070,100,65000.0
2018-05-02 09:30:57.250,175454,176093,B,,20180502,650.0,93057250,100,65000.0
2018-05-02 09:30:57.340,176146,175139,S,,20180502,649.88,93057340,100,64988.0
2018-05-02 09:30:57.970,175455,176492,B,,20180502,650.0,93057970,100,65000.0
2018-05-02 09:30:58.060,175455,176542,B,,20180502,650.0,93058060,200,130000.0
2018-05-02 09:30:58.500,175455,176751,B,,20180502,650.0,93058500,100,65000.0
2018-05-02 09:30:58.500,175480,176751,B,,20180502,650.0,93058500,100,65000.0
2018-05-02 09:30:58.500,175481,176751,B,,20180502,650.0,93058500,100,65000.0
2018-05-02 09:30:58.500,175482,176751,B,,20180502,650.0,93058500,200,130000.0
2018-05-02 09:30:58.500,175483,176751,B,,20180502,650.0,93058500,100,65000.0
2018-05-02 09:30:58.500,176077,176751,B,,20180502,650.0,93058500,100,65000.0
2018-05-02 09:30:58.500,176655,176751,B,,20180502,650.0,93058500,200,130000.0
2018-05-02 09:30:58.550,176655,176788,B,,20180502,650.0,93058550,100,65000.0
2018-05-02 09:30:58.820,176655,176918,B,,20180502,650.0,93058820,100,65000.0
2018-05-02 09:30:58.910,176655,176981,B,,20180502,650.0,93058910,100,65000.0
2018-05-02 09:30:58.940,176655,176988,B,,20180502,650.0,93058940,100,65000.0
2018-05-02 09:30:58.960,176655,177000,B,,20180502,650.0,93058960,200,130000.0
2018-05-02 09:30:59.160,176655,177107,B,,20180502,650.0,93059160,100,65000.0
2018-05-02 09:30:59.580,176655,177332,B,,20180502,650.0,93059580,500,325000.0
2018-05-02 09:30:59.580,176655,177333,B,,20180502,650.0,93059580,300,195000.0
2018-05-02 09:30:59.580,176800,177333,B,,20180502,650.0,93059580,400,260000.0
2018-05-02 09:30:59.580,176800,177334,B,,20180502,650.0,93059580,100,65000.0
2018-05-02 09:30:59.580,177086,177334,B,,20180502,650.0,93059580,100,65000.0
2018-05-02 09:30:59.630,177362,177334,S,,20180502,650.0,93059630,100,65000.0
2018-05-02 09:30:59.700,177397,177334,S,,20180502,650.0,93059700,200,130000.0
2018-05-02 09:30:59.730,175950,177403,B,,20180502,650.05,93059730,100,65004.99999999999
2018-05-02 09:30:59.750,177417,177334,S,,20180502,650.0,93059750,100,65000.0
2018-05-02 09:31:00.190,177653,177670,B,,20180502,650.01,93100190,100,65001.0
2018-05-02 09:31:00.210,177676,177334,S,,20180502,650.0,93100210,200,130000.0
2018-05-02 09:31:00.520,177653,177842,B,,20180502,650.01,93100520,100,65001.0
2018-05-02 09:31:00.570,177653,177867,B,,20180502,650.01,93100570,100,65001.0
2018-05-02 09:31:00.640,177907,177334,S,,20180502,650.0,93100640,500,325000.0
2018-05-02 09:31:00.640,177907,177335,S,,20180502,650.0,93100640,100,65000.0
2018-05-02 09:31:00.640,177907,177357,S,,20180502,650.0,93100640,700,455000.0
2018-05-02 09:31:00.640,177907,177358,S,,20180502,650.0,93100640,300,195000.0
2018-05-02 09:31:00.640,177907,177359,S,,20180502,650.0,93100640,400,260000.0
2018-05-02 09:31:00.660,177932,177359,S,,20180502,650.0,93100660,200,130000.0
2018-05-02 09:31:00.720,177653,177988,B,,20180502,650.01,93100720,100,65001.0
2018-05-02 09:31:00.780,177653,178031,B,,20180502,650.01,93100780,400,260004.0
2018-05-02 09:31:00.780,176334,178031,B,,20180502,650.05,93100780,100,65004.99999999999
2018-05-02 09:31:00.780,176499,178031,B,,20180502,650.05,93100780,300,195015.0
2018-05-02 09:31:00.830,176499,178080,B,,20180502,650.05,93100830,100,65004.99999999999
2018-05-02 09:31:00.860,176499,178107,B,,20180502,650.05,93100860,100,65004.99999999999
2018-05-02 09:31:00.880,178116,177359,S,,20180502,650.0,93100880,100,65000.0
2018-05-02 09:31:00.940,176499,178167,B,,20180502,650.05,93100940,100,65004.99999999999
2018-05-02 09:31:01.080,178225,177359,S,,20180502,650.0,93101080,100,65000.0
2018-05-02 09:31:01.250,178344,178341,S,,20180502,650.01,93101250,100,65001.0
2018-05-02 09:31:01.330,178376,178341,S,,20180502,650.01,93101330,700,455007.0
2018-05-02 09:31:01.330,178376,177359,S,,20180502,650.0,93101330,400,260000.0
2018-05-02 09:31:01.330,178377,177359,S,,20180502,650.0,93101330,100,65000.0
2018-05-02 09:31:01.810,178630,177360,S,,20180502,650.0,93101810,100,65000.0
2018-05-02 09:31:02.080,178795,178789,S,,20180502,650.01,93102080,100,65001.0
2018-05-02 09:31:02.080,178795,178790,S,,20180502,650.01,93102080,1100,715011.0
2018-05-02 09:31:02.080,178796,178790,S,,20180502,650.01,93102080,3000,1950030.0
2018-05-02 09:31:02.080,178796,178791,S,,20180502,650.01,93102080,100,65001.0
2018-05-02 09:31:02.080,178796,177360,S,,20180502,650.0,93102080,1200,780000.0
2018-05-02 09:31:02.130,178832,177360,S,,20180502,650.0,93102130,2000,1300000.0
2018-05-02 09:31:02.130,178832,177551,S,,20180502,650.0,93102130,100,65000.0
2018-05-02 09:31:02.130,178832,177652,S,,20180502,650.0,93102130,100,65000.0
2018-05-02 09:31:02.130,178832,177655,S,,20180502,650.0,93102130,100,65000.0
2018-05-02 09:31:02.130,178832,177656,S,,20180502,650.0,93102130,100,65000.0
2018-05-02 09:31:02.130,178832,177657,S,,20180502,650.0,93102130,100,65000.0
2018-05-02 09:31:02.130,178832,177658,S,,20180502,650.0,93102130,100,65000.0
2018-05-02 09:31:02.130,178832,177659,S,,20180502,650.0,93102130,100,65000.0
2018-05-02 09:31:02.130,178832,177738,S,,20180502,650.0,93102130,100,65000.0
2018-05-02 09:31:02.130,178832,177859,S,,20180502,650.0,93102130,300,195000.0
2018-05-02 09:31:02.130,178832,178261,S,,20180502,650.0,93102130,1000,650000.0
2018-05-02 09:31:02.130,178832,178674,S,,20180502,650.0,93102130,100,65000.0
2018-05-02 09:31:02.200,178832,178877,B,,20180502,650.0,93102200,100,65000.0
2018-05-02 09:31:02.250,176499,178899,B,,20180502,650.05,93102250,100,65004.99999999999
2018-05-02 09:31:02.850,176499,179232,B,,20180502,650.05,93102850,200,130009.99999999999
2018-05-02 09:31:02.970,179298,178877,S,,20180502,650.01,93102970,200,130002.0
2018-05-02 09:31:02.970,179298,178945,S,,20180502,650.01,93102970,100,65001.0
2018-05-02 09:31:02.970,179298,178949,S,,20180502,650.01,93102970,100,65001.0
2018-05-02 09:31:02.970,179298,178978,S,,20180502,650.01,93102970,100,65001.0
2018-05-02 09:31:02.970,179298,178915,S,,20180502,650.0,93102970,100,65000.0
2018-05-02 09:31:02.970,179298,179311,B,,20180502,650.0,93102970,100,65000.0
2018-05-02 09:31:03.040,179298,179338,B,,20180502,650.0,93103040,300,195000.0
2018-05-02 09:31:03.040,179344,177114,S,,20180502,649.89,93103040,100,64989.0
2018-05-02 09:31:03.040,179345,177114,S,,20180502,649.89,93103040,100,64989.0
2018-05-02 09:31:03.040,179346,177114,S,,20180502,649.89,93103040,100,64989.0
2018-05-02 09:31:03.040,179347,177114,S,,20180502,649.89,93103040,100,64989.0
2018-05-02 09:31:03.040,179348,177114,S,,20180502,649.89,93103040,300,194967.0
2018-05-02 09:31:03.040,179349,177114,S,,20180502,649.89,93103040,100,64989.0
2018-05-02 09:31:03.040,179350,177114,S,,20180502,649.89,93103040,500,324945.0
2018-05-02 09:31:03.120,179385,177114,S,,20180502,649.89,93103120,100,64989.0
2018-05-02 09:31:03.120,179386,177114,S,,20180502,649.89,93103120,200,129978.0
2018-05-02 09:31:03.260,179298,179454,B,,20180502,650.0,93103260,600,390000.0
2018-05-02 09:31:03.330,179504,178048,S,,20180502,649.88,93103330,100,64988.0
2018-05-02 09:31:03.350,179531,178048,S,,20180502,649.88,93103350,100,64988.0
2018-05-02 09:31:03.350,179531,39712,S,,20180502,649.4,93103350,100,64940.0
2018-05-02 09:31:03.350,179531,123982,S,,20180502,649.3,93103350,100,64929.99999999999
2018-05-02 09:31:03.400,179531,179570,B,,20180502,649.3,93103400,300,194790.0
2018-05-02 09:31:03.500,179532,179621,B,,20180502,649.3,93103500,100,64929.99999999999
2018-05-02 09:31:03.670,179532,179711,B,,20180502,649.3,93103670,200,129859.99999999999
2018-05-02 09:31:03.970,179532,179911,B,,20180502,649.3,93103970,100,64929.99999999999
2018-05-02 09:31:04.120,179532,179984,B,,20180502,649.3,93104120,100,64929.99999999999
2018-05-02 09:31:04.290,179532,180131,B,,20180502,649.3,93104290,100,64929.99999999999
2018-05-02 09:31:04.350,180147,13709,S,,20180502,649.25,93104350,100,64925.0
2018-05-02 09:31:04.420,179874,180201,B,,20180502,649.4,93104420,100,64940.0
2018-05-02 09:31:04.420,179525,180201,B,,20180502,649.99,93104420,100,64999.0
2018-05-02 09:31:04.420,179298,180201,B,,20180502,650.0,93104420,300,195000.0
2018-05-02 09:31:04.520,179298,180254,B,,20180502,650.0,93104520,100,65000.0
2018-05-02 09:31:04.690,180359,13709,S,,20180502,649.25,93104690,200,129850.0
2018-05-02 09:31:04.780,180359,180421,B,,20180502,649.25,93104780,100,64925.0
2018-05-02 09:31:05.130,179298,180621,B,,20180502,650.0,93105130,100,65000.0
2018-05-02 09:31:05.190,180646,138330,S,,20180502,649.05,93105190,500,324525.0
2018-05-02 09:31:05.190,180646,14685,S,,20180502,649.0,93105190,500,324500.0
2018-05-02 09:31:05.190,180646,21682,S,,20180502,649.0,93105190,1000,649000.0
2018-05-02 09:31:05.190,180646,26480,S,,20180502,649.0,93105190,100,64900.0
2018-05-02 09:31:05.190,180646,33693,S,,20180502,649.0,93105190,100,64900.0
