,AskOrder,BidOrder,BSFlags,FunctionCode,Date,Price,Time,Volume,Amount
2018-05-18 09:25:01.170,26592,56921,B,,20180518,723.99,92501170,200,144798.0
2018-05-18 09:25:01.170,26592,66317,B,,20180518,723.99,92501170,100,72399.0
2018-05-18 09:25:01.170,26592,66591,B,,20180518,723.99,92501170,100,72399.0
2018-05-18 09:25:01.170,26592,70368,B,,20180518,723.99,92501170,100,72399.0
2018-05-18 09:25:01.170,26592,77464,B,,20180518,723.99,92501170,100,72399.0
2018-05-18 09:25:01.170,26592,85313,B,,20180518,723.99,92501170,100,72399.0
2018-05-18 09:25:01.170,9413,86520,B,,20180518,723.99,92501170,100,72399.0
2018-05-18 09:25:01.170,9413,89199,B,,20180518,723.99,92501170,600,434394.0
2018-05-18 09:25:01.170,69021,93996,B,,20180518,723.99,92501170,300,217197.0
2018-05-18 09:25:01.170,69879,93996,B,,20180518,723.99,92501170,600,434394.0
2018-05-18 09:25:01.170,72093,93996,B,,20180518,723.99,92501170,100,72399.0
2018-05-18 09:25:01.170,77700,93996,B,,20180518,723.99,92501170,100,72399.0
2018-05-18 09:25:01.170,79984,93996,B,,20180518,723.99,92501170,100,72399.0
2018-05-18 09:25:01.170,85738,93996,B,,20180518,723.99,92501170,100,72399.0
2018-05-18 09:25:01.170,86496,93996,B,,20180518,723.99,92501170,200,144798.0
2018-05-18 09:25:01.170,89941,93996,B,,20180518,723.99,92501170,4100,2968359.0
2018-05-18 09:25:01.170,93980,93996,B,,20180518,723.99,92501170,1300,941187.0
2018-05-18 09:25:01.170,95491,93996,S,,20180518,723.99,92501170,1100,796389.0
2018-05-18 09:25:01.170,71535,26590,S,,20180518,723.99,92501170,100,72399.0
2018-05-18 09:25:01.170,91715,67438,S,,20180518,723.99,92501170,100,72399.0
2018-05-18 09:25:01.170,95027,67439,S,,20180518,723.99,92501170,100,72399.0
2018-05-18 09:25:01.170,95027,28359,S,,20180518,723.99,92501170,100,72399.0
2018-05-18 09:25:01.170,95027,92665,S,,20180518,723.99,92501170,300,217197.0
2018-05-18 09:25:01.170,95027,88951,S,,20180518,723.99,92501170,300,217197.0
2018-05-18 09:25:01.170,86027,81417,S,,20180518,723.99,92501170,100,72399.0
2018-05-18 09:25:01.170,86027,59639,S,,20180518,723.99,92501170,200,144798.0
2018-05-18 09:25:01.170,84841,62216,S,,20180518,723.99,92501170,100,72399.0
2018-05-18 09:25:01.170,92382,5720,S,,20180518,723.99,92501170,100,72399.0
2018-05-18 09:25:01.170,92382,91850,S,,20180518,723.99,92501170,100,72399.0
2018-05-18 09:25:01.170,92382,89910,S,,20180518,723.99,92501170,100,72399.0
2018-05-18 09:25:01.170,92382,83315,S,,20180518,723.99,92501170,100,72399.0
2018-05-18 09:25:01.170,92382,85610,S,,20180518,723.99,92501170,100,72399.0
2018-05-18 09:25:01.170,93973,86945,S,,20180518,723.99,92501170,100,72399.0
2018-05-18 09:25:01.170,94994,88068,S,,20180518,723.99,92501170,100,72399.0
2018-05-18 09:25:01.170,95418,88241,S,,20180518,723.99,92501170,100,72399.0
2018-05-18 09:25:01.170,93870,91159,S,,20180518,723.99,92501170,400,289596.0
2018-05-18 09:25:01.170,93870,87672,S,,20180518,723.99,92501170,300,217197.0
2018-05-18 09:25:01.170,93870,94888,B,,20180518,723.99,92501170,3500,2533965.0
2018-05-18 09:25:01.170,94322,94888,B,,20180518,723.99,92501170,3500,2533965.0
2018-05-18 09:25:01.170,94322,52257,S,,20180518,723.99,92501170,500,361995.0
2018-05-18 09:25:01.170,94322,58794,S,,20180518,723.99,92501170,100,72399.0
2018-05-18 09:25:01.170,94322,70171,S,,20180518,723.99,92501170,100,72399.0
2018-05-18 09:25:01.170,88796,70171,S,,20180518,723.99,92501170,100,72399.0
2018-05-18 09:25:01.170,88796,72378,S,,20180518,723.99,92501170,100,72399.0
2018-05-18 09:25:01.170,88796,79170,S,,20180518,723.99,92501170,100,72399.0
2018-05-18 09:25:01.170,88796,85181,S,,20180518,723.99,92501170,100,72399.0
2018-05-18 09:25:01.170,88796,86328,S,,20180518,723.99,92501170,100,72399.0
2018-05-18 09:25:01.170,88796,87535,S,,20180518,723.99,92501170,100,72399.0
2018-05-18 09:25:01.170,88796,86276,S,,20180518,723.99,92501170,1300,941187.0
2018-05-18 09:25:01.170,88796,87771,S,,20180518,723.99,92501170,100,72399.0
2018-05-18 09:25:01.170,88796,84344,S,,20180518,723.99,92501170,100,72399.0
2018-05-18 09:25:01.170,88796,85405,S,,20180518,723.99,92501170,100,72399.0
2018-05-18 09:25:01.170,88796,57344,S,,20180518,723.99,92501170,100,72399.0
2018-05-18 09:25:01.170,88796,60190,S,,20180518,723.99,92501170,100,72399.0
2018-05-18 09:25:01.170,88796,70164,S,,20180518,723.99,92501170,300,217197.0
2018-05-18 09:25:01.170,88796,85107,S,,20180518,723.99,92501170,100,72399.0
2018-05-18 09:25:01.170,88796,92005,B,,20180518,723.99,92501170,100,72399.0
2018-05-18 09:25:01.170,88796,86124,S,,20180518,723.99,92501170,100,72399.0
2018-05-18 09:25:01.170,88796,88254,S,,20180518,723.99,92501170,100,72399.0
2018-05-18 09:25:01.170,88796,80394,S,,20180518,723.99,92501170,100,72399.0
2018-05-18 09:25:01.170,88796,82996,S,,20180518,723.99,92501170,1000,723990.0
2018-05-18 09:25:01.170,88796,86394,S,,20180518,723.99,92501170,100,72399.0
2018-05-18 09:25:01.170,88796,88919,B,,20180518,723.99,92501170,100,72399.0
2018-05-18 09:25:01.170,88796,93926,B,,20180518,723.99,92501170,3000,2171970.0
2018-05-18 09:25:01.170,88796,92699,B,,20180518,723.99,92501170,300,217197.0
2018-05-18 09:25:01.170,88796,26405,S,,20180518,723.99,92501170,100,72399.0
2018-05-18 09:25:01.170,88796,63125,S,,20180518,723.99,92501170,100,72399.0
2018-05-18 09:25:01.170,88796,75722,S,,20180518,723.99,92501170,200,144798.0
2018-05-18 09:25:01.170,88796,77302,S,,20180518,723.99,92501170,100,72399.0
2018-05-18 09:25:01.170,88796,79933,S,,20180518,723.99,92501170,200,144798.0
2018-05-18 09:25:01.170,88796,81702,S,,20180518,723.99,92501170,200,144798.0
2018-05-18 09:25:01.170,88796,83519,S,,20180518,723.99,92501170,500,361995.0
2018-05-18 09:25:01.170,88796,84005,S,,20180518,723.99,92501170,100,72399.0
2018-05-18 09:25:01.170,88796,84211,S,,20180518,723.99,92501170,100,72399.0
2018-05-18 09:25:01.170,88796,93367,B,,20180518,723.99,92501170,2000,1447980.0
2018-05-18 09:25:01.170,88796,94944,B,,20180518,723.99,92501170,100,72399.0
2018-05-18 09:25:01.170,88796,92911,B,,20180518,723.99,92501170,100,72399.0
2018-05-18 09:25:01.170,88796,4826,S,,20180518,723.99,92501170,1000,723990.0
2018-05-18 09:25:01.170,88796,6132,S,,20180518,723.99,92501170,100,72399.0
2018-05-18 09:25:01.170,88796,64588,S,,20180518,723.99,92501170,100,72399.0
2018-05-18 09:25:01.170,88796,66766,S,,20180518,723.99,92501170,400,289596.0
2018-05-18 09:25:01.170,88796,70500,S,,20180518,723.99,92501170,100,72399.0
2018-05-18 09:25:01.170,88796,71229,S,,20180518,723.99,92501170,200,144798.0
2018-05-18 09:25:01.170,88796,90844,B,,20180518,723.99,92501170,300,217197.0
2018-05-18 09:25:01.170,88796,91116,B,,20180518,723.99,92501170,200,144798.0
2018-05-18 09:25:01.170,88796,91457,B,,20180518,723.99,92501170,100,72399.0
2018-05-18 09:25:01.170,88796,91468,B,,20180518,723.99,92501170,100,72399.0
2018-05-18 09:25:01.170,88796,91908,B,,20180518,723.99,92501170,2000,1447980.0
2018-05-18 09:25:01.170,88796,93229,B,,20180518,723.99,92501170,500,361995.0
2018-05-18 09:25:01.170,88796,94089,B,,20180518,723.99,92501170,100,72399.0
2018-05-18 09:25:01.170,88796,94403,B,,20180518,723.99,92501170,2800,2027172.0
2018-05-18 09:30:00.090,95694,93256,S,,20180518,723.63,93000090,100,72363.0
2018-05-18 09:30:00.110,88796,95733,B,,20180518,723.99,93000110,300,217197.0
2018-05-18 09:30:00.150,88796,95784,B,,20180518,723.99,93000150,100,72399.0
2018-05-18 09:30:00.320,96202,94443,S,,20180518,723.55,93000320,100,72355.0
2018-05-18 09:30:00.380,88796,96772,B,,20180518,723.99,93000380,300,217197.0
2018-05-18 09:30:00.540,98446,80653,S,,20180518,723.21,93000540,100,72321.0
2018-05-18 09:30:00.580,97860,98862,B,,20180518,723.98,93000580,100,72398.0
2018-05-18 09:30:00.580,88796,98862,B,,20180518,723.99,93000580,100,72399.0
2018-05-18 09:30:00.710,88796,100607,B,,20180518,723.99,93000710,100,72399.0
2018-05-18 09:30:00.790,88796,101234,B,,20180518,723.99,93000790,100,72399.0
2018-05-18 09:30:00.860,88796,102234,B,,20180518,723.99,93000860,100,72399.0
2018-05-18 09:30:01.080,104660,80653,S,,20180518,723.21,93001080,100,72321.0
2018-05-18 09:30:01.160,88796,105897,B,,20180518,723.99,93001160,2000,1447980.0
2018-05-18 09:30:01.240,106943,106181,S,,20180518,723.68,93001240,100,72368.0
2018-05-18 09:30:01.350,107565,108167,B,,20180518,723.98,93001350,100,72398.0
2018-05-18 09:30:01.420,107565,109034,B,,20180518,723.98,93001420,100,72398.0
2018-05-18 09:30:01.420,108943,109034,B,,20180518,723.98,93001420,100,72398.0
2018-05-18 09:30:01.730,108943,112229,B,,20180518,723.98,93001730,100,72398.0
2018-05-18 09:30:01.800,112885,109978,S,,20180518,723.63,93001800,200,144726.0
2018-05-18 09:30:01.800,112885,80653,S,,20180518,723.21,93001800,100,72321.0
2018-05-18 09:30:01.800,112885,95814,S,,20180518,723.18,93001800,700,506225.99999999994
2018-05-18 09:30:01.830,91290,113228,B,,20180518,723.99,93001830,100,72399.0
2018-05-18 09:30:01.830,91297,113228,B,,20180518,723.99,93001830,100,72399.0
2018-05-18 09:30:01.830,92269,113228,B,,20180518,723.99,93001830,100,72399.0
2018-05-18 09:30:01.830,94185,113228,B,,20180518,723.99,93001830,200,144798.0
2018-05-18 09:30:01.830,103336,113228,B,,20180518,723.99,93001830,100,72399.0
2018-05-18 09:30:01.830,104869,113228,B,,20180518,723.99,93001830,600,434394.0
2018-05-18 09:30:01.860,113455,113228,S,,20180518,723.99,93001860,200,144798.0
2018-05-18 09:30:02.070,66950,114625,B,,20180518,724.08,93002070,100,72408.0
2018-05-18 09:30:02.150,112345,116145,B,,20180518,724.08,93002150,100,72408.0
2018-05-18 09:30:02.150,116174,114161,S,,20180518,724.0,93002150,100,72400.0
2018-05-18 09:30:02.220,63443,116822,B,,20180518,724.1,93002220,100,72410.0
2018-05-18 09:30:02.220,117869,115200,S,,20180518,724.0,93002220,200,144800.0
2018-05-18 09:30:02.220,117903,115200,S,,20180518,724.0,93002220,100,72400.0
2018-05-18 09:30:02.310,75239,118805,B,,20180518,724.1,93002310,100,72410.0
2018-05-18 09:30:02.420,120435,115200,S,,20180518,724.0,93002420,200,144800.0
2018-05-18 09:30:02.420,121697,116186,S,,20180518,724.0,93002420,900,651600.0
2018-05-18 09:30:02.610,123115,123097,S,,20180518,724.01,93002610,100,72401.0
2018-05-18 09:30:02.610,123115,116186,S,,20180518,724.0,93002610,100,72400.0
2018-05-18 09:30:02.610,123416,116186,S,,20180518,724.0,93002610,300,217200.0
2018-05-18 09:30:02.670,124599,116186,S,,20180518,724.0,93002670,100,72400.0
2018-05-18 09:30:02.720,125029,116186,S,,20180518,724.0,93002720,100,72400.0
2018-05-18 09:30:02.720,125150,116186,S,,20180518,724.0,93002720,100,72400.0
2018-05-18 09:30:02.840,126463,116186,S,,20180518,724.0,93002840,100,72400.0
2018-05-18 09:30:03.120,129177,126489,S,,20180518,724.01,93003120,100,72401.0
2018-05-18 09:30:03.250,130196,116186,S,,20180518,724.0,93003250,100,72400.0
2018-05-18 09:30:03.470,131513,116186,S,,20180518,724.0,93003470,100,72400.0
2018-05-18 09:30:03.550,131895,116186,S,,20180518,724.0,93003550,100,72400.0
2018-05-18 09:30:03.700,132474,116186,S,,20180518,724.0,93003700,100,72400.0
2018-05-18 09:30:03.930,77019,133310,B,,20180518,724.1,93003930,100,72410.0
2018-05-18 09:30:03.930,78288,133310,B,,20180518,724.1,93003930,100,72410.0
2018-05-18 09:30:03.930,79741,133310,B,,20180518,724.1,93003930,100,72410.0
2018-05-18 09:30:03.990,132473,133422,B,,20180518,724.1,93003990,100,72410.0
2018-05-18 09:30:04.760,135547,133422,S,,20180518,724.1,93004760,100,72410.0
2018-05-18 09:30:04.910,136048,134202,S,,20180518,724.1,93004910,100,72410.0
2018-05-18 09:30:04.940,136086,134202,S,,20180518,724.1,93004940,100,72410.0
2018-05-18 09:30:05.440,137300,135140,S,,20180518,724.1,93005440,200,144820.0
2018-05-18 09:30:05.440,137300,135519,S,,20180518,724.1,93005440,400,289640.0
2018-05-18 09:30:05.440,137300,136150,S,,20180518,724.1,93005440,300,217230.0
2018-05-18 09:30:05.950,137877,116186,S,,20180518,724.0,93005950,100,72400.0
2018-05-18 09:30:06.080,137995,116186,S,,20180518,724.0,93006080,100,72400.0
2018-05-18 09:30:06.290,85439,138185,B,,20180518,724.2,93006290,100,72420.0
2018-05-18 09:30:07.630,139239,138739,S,,20180518,724.1,93007630,100,72410.0
2018-05-18 09:30:08.060,85439,139491,B,,20180518,724.2,93008060,100,72420.0
2018-05-18 09:30:08.660,139690,139616,S,,20180518,724.1,93008660,100,72410.0
2018-05-18 09:30:12.320,98958,140643,B,,20180518,725.9,93012320,100,72590.0
2018-05-18 09:30:12.320,124585,140643,B,,20180518,725.9,93012320,200,145180.0
2018-05-18 09:30:19.610,142872,142074,S,,20180518,724.2,93019610,100,72420.0
2018-05-18 09:30:27.150,145219,145321,B,,20180518,726.0,93027150,200,145200.0
2018-05-18 09:30:28.920,107013,146015,B,,20180518,726.5,93028920,100,72650.0
2018-05-18 09:30:34.950,107013,148253,B,,20180518,726.5,93034950,100,72650.0
2018-05-18 09:30:34.950,146354,148253,B,,20180518,726.5,93034950,200,145300.0
2018-05-18 09:30:34.950,147942,148253,B,,20180518,726.5,93034950,100,72650.0
2018-05-18 09:30:36.830,73116,148949,B,,20180518,726.77,93036830,100,72677.0
2018-05-18 09:30:36.980,149023,148253,S,,20180518,726.5,93036980,200,145300.0
2018-05-18 09:30:40.860,150473,149415,S,,20180518,726.5,93040860,100,72650.0
2018-05-18 09:30:42.010,150897,150265,S,,20180518,726.5,93042010,100,72650.0
2018-05-18 09:30:43.520,151487,150802,S,,20180518,726.48,93043520,100,72648.0
2018-05-18 09:30:43.520,151487,144398,S,,20180518,725.9,93043520,100,72590.0
2018-05-18 09:30:46.360,152509,152325,S,,20180518,726.5,93046360,100,72650.0
2018-05-18 09:30:47.450,152957,152325,S,,20180518,726.5,93047450,100,72650.0
2018-05-18 09:30:48.510,153342,152325,S,,20180518,726.5,93048510,100,72650.0
2018-05-18 09:30:49.440,153007,153692,B,,20180518,726.88,93049440,100,72688.0
2018-05-18 09:30:52.350,148393,154689,B,,20180518,726.98,93052350,100,72698.0
2018-05-18 09:30:52.590,154765,154689,S,,20180518,726.98,93052590,100,72698.0
2018-05-18 09:30:53.490,141762,155110,B,,20180518,727.0,93053490,100,72700.0
2018-05-18 09:30:53.490,150403,155110,B,,20180518,727.0,93053490,400,290800.0
2018-05-18 09:30:54.340,150403,155406,B,,20180518,727.0,93054340,100,72700.0
2018-05-18 09:30:55.070,155671,155406,S,,20180518,727.0,93055070,100,72700.0
2018-05-18 09:30:55.460,155825,155406,S,,20180518,727.0,93055460,100,72700.0
2018-05-18 09:30:55.590,155876,154689,S,,20180518,726.98,93055590,100,72698.0
2018-05-18 09:30:56.310,156131,156171,B,,20180518,727.0,93056310,100,72700.0
2018-05-18 09:30:56.360,156186,155453,S,,20180518,726.98,93056360,100,72698.0
2018-05-18 09:30:56.360,156186,152325,S,,20180518,726.5,93056360,800,581200.0
2018-05-18 09:30:56.710,42503,156325,B,,20180518,727.01,93056710,100,72701.0
2018-05-18 09:30:56.710,2765,156325,B,,20180518,727.2,93056710,100,72720.0
2018-05-18 09:30:56.710,12744,156325,B,,20180518,727.2,93056710,700,509040.00000000006
2018-05-18 09:30:56.710,19110,156325,B,,20180518,727.2,93056710,100,72720.0
2018-05-18 09:30:56.710,148732,156325,B,,20180518,727.2,93056710,100,72720.0
2018-05-18 09:30:57.840,57722,156708,B,,20180518,727.38,93057840,100,72738.0
2018-05-18 09:30:58.350,156883,156325,S,,20180518,727.2,93058350,300,218160.0
2018-05-18 09:31:00.650,97674,157704,B,,20180518,727.72,93100650,100,72772.0
2018-05-18 09:31:00.650,124921,157704,B,,20180518,727.8,93100650,200,145560.0
2018-05-18 09:31:02.480,124921,158395,B,,20180518,727.8,93102480,500,363900.0
2018-05-18 09:31:03.850,124921,158929,B,,20180518,727.8,93103850,100,72780.0
2018-05-18 09:31:04.630,159237,158267,S,,20180518,727.72,93104630,100,72772.0
2018-05-18 09:31:05.530,159605,159581,S,,20180518,727.8,93105530,100,72780.0
2018-05-18 09:31:06.480,159605,159961,B,,20180518,727.8,93106480,400,291120.0
2018-05-18 09:31:06.480,95989,159961,B,,20180518,727.82,93106480,500,363910.0
2018-05-18 09:31:07.570,160436,159507,S,,20180518,727.72,93107570,100,72772.0
2018-05-18 09:31:08.280,160436,160697,B,,20180518,727.72,93108280,100,72772.0
2018-05-18 09:31:08.390,160755,159681,S,,20180518,727.38,93108390,100,72738.0
2018-05-18 09:31:08.390,160755,158535,S,,20180518,727.33,93108390,100,72733.0
2018-05-18 09:31:08.580,160436,160817,B,,20180518,727.72,93108580,300,218316.0
2018-05-18 09:31:09.060,160974,160817,S,,20180518,727.8,93109060,100,72780.0
2018-05-18 09:31:10.480,161373,161492,B,,20180518,727.72,93110480,100,72772.0
2018-05-18 09:31:11.700,161417,161963,B,,20180518,727.8,93111700,100,72780.0
2018-05-18 09:31:11.700,95989,161963,B,,20180518,727.82,93111700,400,291128.0
2018-05-18 09:31:12.390,162026,162206,B,,20180518,727.71,93112390,100,72771.0
2018-05-18 09:31:13.210,162481,162546,B,,20180518,727.7,93113210,100,72770.0
2018-05-18 09:31:13.210,162181,162546,B,,20180518,727.8,93113210,300,218340.0
2018-05-18 09:31:13.210,162498,162546,B,,20180518,727.8,93113210,100,72780.0
2018-05-18 09:31:13.550,162665,162676,B,,20180518,727.75,93113550,200,145550.0
2018-05-18 09:31:14.400,162143,163027,B,,20180518,727.81,93114400,100,72781.0
2018-05-18 09:31:15.080,163265,162676,S,,20180518,727.8,93115080,100,72780.0
2018-05-18 09:31:15.270,163333,162920,S,,20180518,727.8,93115270,100,72780.0
2018-05-18 09:31:17.270,163333,164218,B,,20180518,727.74,93117270,100,72774.0
2018-05-18 09:31:17.340,164268,163442,S,,20180518,727.72,93117340,100,72772.0
2018-05-18 09:31:18.820,164852,164113,S,,20180518,727.72,93118820,100,72772.0
2018-05-18 09:31:18.820,164852,164139,S,,20180518,727.72,93118820,100,72772.0
2018-05-18 09:31:19.580,165160,164115,S,,20180518,727.54,93119580,100,72754.0
2018-05-18 09:31:19.600,164940,165169,B,,20180518,727.72,93119600,100,72772.0
2018-05-18 09:31:21.780,165196,166098,B,,20180518,727.72,93121780,100,72772.0
2018-05-18 09:31:21.780,166088,166098,B,,20180518,727.72,93121780,100,72772.0
2018-05-18 09:31:21.850,166130,166098,S,,20180518,727.72,93121850,100,72772.0
2018-05-18 09:31:22.150,166248,166098,S,,20180518,727.72,93122150,100,72772.0
2018-05-18 09:31:22.890,166560,166098,S,,20180518,727.72,93122890,100,72772.0
2018-05-18 09:31:22.910,166564,166098,S,,20180518,727.72,93122910,100,72772.0
2018-05-18 09:31:22.940,166571,166098,S,,20180518,727.72,93122940,100,72772.0
2018-05-18 09:31:22.940,166594,166098,S,,20180518,727.72,93122940,100,72772.0
2018-05-18 09:31:22.960,166601,166098,S,,20180518,727.72,93122960,100,72772.0
2018-05-18 09:31:23.090,166668,166098,S,,20180518,727.72,93123090,100,72772.0
2018-05-18 09:31:23.200,166711,158535,S,,20180518,727.33,93123200,100,72733.0
2018-05-18 09:31:23.510,166866,158890,S,,20180518,726.98,93123510,100,72698.0
2018-05-18 09:31:23.740,166707,166971,B,,20180518,727.72,93123740,100,72772.0
2018-05-18 09:31:26.030,167573,167875,B,,20180518,727.72,93126030,100,72772.0
2018-05-18 09:31:26.140,167573,167905,B,,20180518,727.72,93126140,300,218316.0
2018-05-18 09:31:26.550,167573,168094,B,,20180518,727.72,93126550,200,145544.0
2018-05-18 09:31:27.840,168387,168637,B,,20180518,727.54,93127840,100,72754.0
2018-05-18 09:31:29.300,168763,169246,B,,20180518,727.66,93129300,100,72766.0
2018-05-18 09:31:29.300,168995,169246,B,,20180518,727.66,93129300,100,72766.0
2018-05-18 09:31:29.300,167573,169246,B,,20180518,727.72,93129300,300,218316.0
2018-05-18 09:31:29.610,169380,158890,S,,20180518,726.98,93129610,100,72698.0
2018-05-18 09:31:29.910,169498,158890,S,,20180518,726.98,93129910,100,72698.0
2018-05-18 09:31:30.560,167573,169742,B,,20180518,727.72,93130560,100,72772.0
2018-05-18 09:31:32.490,170569,159085,S,,20180518,726.98,93132490,100,72698.0
2018-05-18 09:31:33.250,170894,159085,S,,20180518,726.98,93133250,100,72698.0
2018-05-18 09:31:33.930,169858,171161,B,,20180518,727.7,93133930,100,72770.0
2018-05-18 09:31:34.630,171433,159085,S,,20180518,726.98,93134630,100,72698.0
2018-05-18 09:31:34.630,171433,161203,S,,20180518,726.98,93134630,100,72698.0
2018-05-18 09:31:35.390,171756,161203,S,,20180518,726.98,93135390,100,72698.0
2018-05-18 09:31:35.390,171756,162395,S,,20180518,726.98,93135390,700,508886.0
2018-05-18 09:31:35.680,171756,171862,B,,20180518,726.98,93135680,91,66155.18000000001
2018-05-18 09:31:35.680,171350,171862,B,,20180518,727.33,93135680,9,6545.97
2018-05-18 09:31:35.920,171350,171974,B,,20180518,727.33,93135920,91,66187.03
2018-05-18 09:31:35.920,171467,171974,B,,20180518,727.33,93135920,9,6545.97
2018-05-18 09:31:35.990,171467,171999,B,,20180518,727.33,93135990,91,66187.03
2018-05-18 09:31:35.990,171469,171999,B,,20180518,727.33,93135990,9,6545.97
2018-05-18 09:31:36.040,171469,172016,B,,20180518,727.33,93136040,91,66187.03
2018-05-18 09:31:36.040,171468,172016,B,,20180518,727.53,93136040,9,6547.7699999999995
2018-05-18 09:31:36.060,171468,172031,B,,20180518,727.53,93136060,91,66205.23
2018-05-18 09:31:36.060,171470,172031,B,,20180518,727.53,93136060,9,6547.7699999999995
2018-05-18 09:31:37.300,172554,157409,S,,20180518,726.88,93137300,100,72688.0
2018-05-18 09:31:37.300,172554,152325,S,,20180518,726.5,93137300,700,508550.0
2018-05-18 09:31:38.080,172713,172862,B,,20180518,727.16,93138080,100,72716.0
2018-05-18 09:31:38.740,172489,173099,B,,20180518,727.27,93138740,100,72727.0
2018-05-18 09:31:40.730,172489,173794,B,,20180518,727.27,93140730,200,145454.0
2018-05-18 09:31:40.810,173838,152325,S,,20180518,726.5,93140810,100,72650.0
2018-05-18 09:31:40.840,173856,152325,S,,20180518,726.5,93140840,100,72650.0
2018-05-18 09:31:42.230,174370,153183,S,,20180518,726.5,93142230,100,72650.0
2018-05-18 09:31:42.230,174370,157542,S,,20180518,725.48,93142230,100,72548.0
2018-05-18 09:31:42.400,174370,174426,B,,20180518,725.48,93142400,300,217644.0
2018-05-18 09:31:42.400,173814,174426,B,,20180518,727.0,93142400,100,72700.0
2018-05-18 09:31:42.400,172489,174426,B,,20180518,727.27,93142400,800,581816.0
2018-05-18 09:31:42.400,172707,174426,B,,20180518,727.27,93142400,100,72727.0
2018-05-18 09:31:42.400,173762,174426,B,,20180518,727.27,93142400,100,72727.0
2018-05-18 09:31:42.920,174594,174426,S,,20180518,727.27,93142920,200,145454.0
2018-05-18 09:31:43.210,172708,174699,B,,20180518,727.47,93143210,100,72747.0
2018-05-18 09:31:43.240,173763,174715,B,,20180518,727.47,93143240,100,72747.0
2018-05-18 09:31:43.240,172288,174715,B,,20180518,727.5,93143240,100,72750.0
2018-05-18 09:31:43.240,172415,174715,B,,20180518,727.5,93143240,200,145500.0
2018-05-18 09:31:43.660,174867,174426,S,,20180518,727.27,93143660,400,290908.0
2018-05-18 09:31:43.860,174939,174426,S,,20180518,727.27,93143860,100,72727.0
2018-05-18 09:31:43.860,174943,174426,S,,20180518,727.27,93143860,100,72727.0
2018-05-18 09:31:44.000,175000,174426,S,,20180518,727.27,93144000,400,290908.0
2018-05-18 09:31:44.060,175002,175021,B,,20180518,727.33,93144060,100,72733.0
2018-05-18 09:31:44.060,172415,175021,B,,20180518,727.5,93144060,200,145500.0
2018-05-18 09:31:44.060,173492,175021,B,,20180518,727.5,93144060,100,72750.0
2018-05-18 09:31:44.060,175022,174426,S,,20180518,727.27,93144060,200,145454.0
2018-05-18 09:31:44.060,175028,174426,S,,20180518,727.27,93144060,400,290908.0
2018-05-18 09:31:44.160,175059,174426,S,,20180518,727.27,93144160,300,218181.0
2018-05-18 09:31:45.210,175457,174426,S,,20180518,727.27,93145210,200,145454.0
2018-05-18 09:31:45.860,175691,174426,S,,20180518,727.27,93145860,100,72727.0
2018-05-18 09:31:45.890,175700,174426,S,,20180518,727.27,93145890,300,218181.0
2018-05-18 09:31:46.310,175846,174426,S,,20180518,727.27,93146310,100,72727.0
2018-05-18 09:31:46.800,176023,174426,S,,20180518,727.27,93146800,100,72727.0
2018-05-18 09:31:47.490,173492,176291,B,,20180518,727.5,93147490,400,291000.0
2018-05-18 09:31:47.780,174855,176372,B,,20180518,727.5,93147780,100,72750.0
2018-05-18 09:31:48.860,176758,174426,S,,20180518,727.27,93148860,100,72727.0
2018-05-18 09:31:50.620,177389,177261,S,,20180518,727.28,93150620,100,72728.0
2018-05-18 09:31:50.620,177389,174426,S,,20180518,727.27,93150620,600,436362.0
2018-05-18 09:31:50.620,177389,174764,S,,20180518,727.27,93150620,200,145454.0
2018-05-18 09:31:50.920,177485,174764,S,,20180518,727.27,93150920,300,218181.0
2018-05-18 09:31:50.950,177506,174764,S,,20180518,727.27,93150950,400,290908.0
2018-05-18 09:31:51.720,177800,174677,S,,20180518,727.0,93151720,200,145400.0
2018-05-18 09:31:53.060,178302,177959,S,,20180518,726.88,93153060,200,145376.0
2018-05-18 09:31:54.230,178178,178742,B,,20180518,726.98,93154230,100,72698.0
2018-05-18 09:31:55.960,177506,179455,B,,20180518,727.27,93155960,3800,2763626.0
2018-05-18 09:31:55.960,178145,179455,B,,20180518,727.27,93155960,100,72727.0
2018-05-18 09:31:55.960,178492,179455,B,,20180518,727.43,93155960,100,72743.0
2018-05-18 09:31:57.620,180090,177959,S,,20180518,726.88,93157620,200,145376.0
2018-05-18 09:31:57.760,180141,177959,S,,20180518,726.88,93157760,100,72688.0
2018-05-18 09:31:58.510,180141,180432,B,,20180518,726.88,93158510,400,290752.0
2018-05-18 09:31:58.510,180046,180432,B,,20180518,727.0,93158510,200,145400.0
2018-05-18 09:31:58.510,180085,180432,B,,20180518,727.1,93158510,300,218130.0
2018-05-18 09:31:58.750,180510,180432,S,,20180518,727.27,93158750,100,72727.0
2018-05-18 09:31:58.750,180511,180432,S,,20180518,727.27,93158750,100,72727.0
2018-05-18 09:32:00.610,181254,180432,S,,20180518,727.27,93200610,100,72727.0
2018-05-18 09:32:01.360,179302,181576,B,,20180518,727.45,93201360,100,72745.0
2018-05-18 09:32:01.360,180869,181576,B,,20180518,727.45,93201360,100,72745.0
2018-05-18 09:32:01.530,181642,180432,S,,20180518,727.27,93201530,100,72727.0
2018-05-18 09:32:02.460,179192,182030,B,,20180518,727.49,93202460,300,218247.0
2018-05-18 09:32:04.050,182604,180432,S,,20180518,727.27,93204050,500,363635.0
2018-05-18 09:32:04.240,182142,182684,B,,20180518,727.48,93204240,100,72748.0
2018-05-18 09:32:06.140,183449,183209,S,,20180518,727.46,93206140,100,72746.0
2018-05-18 09:32:06.140,183449,180432,S,,20180518,727.27,93206140,200,145454.0
2018-05-18 09:32:06.240,183493,180432,S,,20180518,727.27,93206240,500,363635.0
2018-05-18 09:32:07.580,184021,180432,S,,20180518,727.27,93207580,100,72727.0
2018-05-18 09:32:07.860,184163,180432,S,,20180518,727.27,93207860,100,72727.0
2018-05-18 09:32:08.870,184565,180432,S,,20180518,727.27,93208870,100,72727.0
2018-05-18 09:32:09.010,184634,180432,S,,20180518,727.27,93209010,800,581816.0
2018-05-18 09:32:09.030,184648,180432,S,,20180518,727.27,93209030,100,72727.0
2018-05-18 09:32:09.030,184648,182048,S,,20180518,727.27,93209030,1000,727270.0
2018-05-18 09:32:09.030,184648,183056,S,,20180518,727.27,93209030,200,145454.0
2018-05-18 09:32:09.030,184648,183457,S,,20180518,727.27,93209030,200,145454.0
2018-05-18 09:32:09.730,184871,184098,S,,20180518,727.27,93209730,100,72727.0
2018-05-18 09:32:09.810,184900,184099,S,,20180518,727.09,93209810,100,72709.0
2018-05-18 09:32:09.810,184871,184905,B,,20180518,727.27,93209810,100,72727.0
2018-05-18 09:32:10.070,184871,185011,B,,20180518,727.27,93210070,100,72727.0
2018-05-18 09:32:11.020,184871,185406,B,,20180518,727.27,93211020,500,363635.0
2018-05-18 09:32:11.780,184871,185663,B,,20180518,727.27,93211780,200,145454.0
2018-05-18 09:32:11.980,184871,185741,B,,20180518,727.27,93211980,100,72727.0
2018-05-18 09:32:13.610,186355,185836,S,,20180518,727.0,93213610,100,72700.0
2018-05-18 09:32:13.680,186355,186400,B,,20180518,727.0,93213680,100,72700.0
2018-05-18 09:32:13.680,186365,186405,B,,20180518,727.0,93213680,100,72700.0
2018-05-18 09:32:13.850,184871,186487,B,,20180518,727.27,93213850,100,72727.0
2018-05-18 09:32:13.910,184964,186508,B,,20180518,727.27,93213910,200,145454.0
2018-05-18 09:32:16.050,184964,187383,B,,20180518,727.27,93216050,300,218181.0
2018-05-18 09:32:16.050,185200,187383,B,,20180518,727.27,93216050,4200,3054534.0
2018-05-18 09:32:16.050,186251,187383,B,,20180518,727.27,93216050,100,72727.0
2018-05-18 09:32:16.050,186609,187383,B,,20180518,727.27,93216050,100,72727.0
2018-05-18 09:32:16.050,186757,187383,B,,20180518,727.27,93216050,200,145454.0
2018-05-18 09:32:16.050,184931,187383,B,,20180518,727.3,93216050,100,72730.0
2018-05-18 09:32:17.800,188156,187389,S,,20180518,727.2,93217800,200,145440.0
2018-05-18 09:32:18.830,188562,187389,S,,20180518,727.2,93218830,600,436320.0
2018-05-18 09:32:18.830,188562,187647,S,,20180518,727.2,93218830,100,72720.0
2018-05-18 09:32:19.640,188925,187684,S,,20180518,727.2,93219640,100,72720.0
2018-05-18 09:32:20.620,188192,189356,B,,20180518,727.22,93220620,100,72722.0
2018-05-18 09:32:21.880,188192,189871,B,,20180518,727.22,93221880,100,72722.0
2018-05-18 09:32:21.880,188068,189871,B,,20180518,727.27,93221880,400,290908.0
2018-05-18 09:32:22.890,190173,190273,B,,20180518,727.26,93222890,100,72726.0
2018-05-18 09:32:23.490,190173,190528,B,,20180518,727.26,93223490,1000,727260.0
2018-05-18 09:32:23.490,188068,190528,B,,20180518,727.27,93223490,100,72727.0
2018-05-18 09:32:23.490,188366,190528,B,,20180518,727.27,93223490,400,290908.0
2018-05-18 09:32:25.110,190677,191192,B,,20180518,727.2,93225110,100,72720.0
2018-05-18 09:32:25.110,188366,191192,B,,20180518,727.27,93225110,1000,727270.0
2018-05-18 09:32:25.110,189095,191192,B,,20180518,727.27,93225110,100,72727.0
2018-05-18 09:32:25.110,190133,191192,B,,20180518,727.27,93225110,100,72727.0
2018-05-18 09:32:25.110,190941,191192,B,,20180518,727.27,93225110,100,72727.0
2018-05-18 09:32:25.110,187644,191192,B,,20180518,727.4,93225110,100,72740.0
2018-05-18 09:32:25.110,187949,191192,B,,20180518,727.4,93225110,100,72740.0
2018-05-18 09:32:25.110,188972,191192,B,,20180518,727.4,93225110,2300,1673020.0
2018-05-18 09:32:25.110,185611,191192,B,,20180518,727.45,93225110,100,72745.0
2018-05-18 09:32:25.110,188693,191192,B,,20180518,727.47,93225110,100,72747.0
2018-05-18 09:32:25.110,189352,191192,B,,20180518,727.47,93225110,100,72747.0
2018-05-18 09:32:25.110,183140,191192,B,,20180518,727.48,93225110,100,72748.0
2018-05-18 09:32:25.110,186276,191192,B,,20180518,727.48,93225110,100,72748.0
2018-05-18 09:32:25.110,190884,191192,B,,20180518,727.48,93225110,100,72748.0
2018-05-18 09:32:25.110,179192,191192,B,,20180518,727.49,93225110,100,72749.0
2018-05-18 09:32:25.110,180465,191192,B,,20180518,727.5,93225110,200,145500.0
2018-05-18 09:32:25.110,182243,191192,B,,20180518,727.5,93225110,200,145500.0
2018-05-18 09:32:25.800,191193,191480,B,,20180518,727.18,93225800,100,72718.0
2018-05-18 09:32:28.260,192437,187648,S,,20180518,727.02,93228260,100,72702.0
2018-05-18 09:32:29.080,191326,192780,B,,20180518,727.2,93229080,100,72720.0
2018-05-18 09:32:29.110,192785,188948,S,,20180518,727.02,93229110,100,72702.0
2018-05-18 09:32:29.670,192810,193003,B,,20180518,727.02,93229670,100,72702.0
2018-05-18 09:32:29.670,192301,193003,B,,20180518,727.27,93229670,100,72727.0
2018-05-18 09:32:29.720,193029,188608,S,,20180518,727.0,93229720,300,218100.0
2018-05-18 09:32:29.980,193123,188608,S,,20180518,727.0,93229980,100,72700.0
2018-05-18 09:32:30.260,192301,193239,B,,20180518,727.27,93230260,400,290908.0
2018-05-18 09:32:31.980,193930,193239,S,,20180518,727.28,93231980,100,72728.0
2018-05-18 09:32:32.290,194070,193239,S,,20180518,727.28,93232290,100,72728.0
2018-05-18 09:32:32.290,194070,193787,S,,20180518,727.28,93232290,100,72728.0
2018-05-18 09:32:32.870,194268,193130,S,,20180518,727.2,93232870,100,72720.0
2018-05-18 09:32:33.310,194070,194444,B,,20180518,727.27,93233310,300,218181.0
2018-05-18 09:32:34.610,195017,193788,S,,20180518,727.1,93234610,100,72710.0
2018-05-18 09:32:34.610,195017,188608,S,,20180518,727.0,93234610,100,72700.0
2018-05-18 09:32:34.610,195017,189812,S,,20180518,727.0,93234610,5,3635.0
2018-05-18 09:32:36.360,195190,195718,B,,20180518,727.22,93236360,100,72722.0
2018-05-18 09:32:36.620,195827,189812,S,,20180518,727.0,93236620,95,69065.0
2018-05-18 09:32:36.620,195827,195090,S,,20180518,726.91,93236620,5,3634.5499999999997
2018-05-18 09:32:37.800,195746,196260,B,,20180518,727.01,93237800,100,72701.0
2018-05-18 09:32:37.800,195190,196260,B,,20180518,727.22,93237800,100,72722.0
2018-05-18 09:32:40.140,197003,197163,B,,20180518,727.02,93240140,100,72702.0
2018-05-18 09:32:40.600,197339,197163,S,,20180518,727.2,93240600,100,72720.0
2018-05-18 09:32:41.830,197856,197163,S,,20180518,727.2,93241830,100,72720.0
2018-05-18 09:32:42.680,196244,198188,B,,20180518,727.28,93242680,300,218184.0
2018-05-18 09:32:44.000,198710,198503,S,,20180518,727.28,93244000,200,145456.0
2018-05-18 09:32:44.000,198710,197163,S,,20180518,727.2,93244000,100,72720.0
2018-05-18 09:32:44.050,198735,197163,S,,20180518,727.2,93244050,200,145440.0
2018-05-18 09:32:44.180,198777,197163,S,,20180518,727.2,93244180,100,72720.0
2018-05-18 09:32:45.300,199213,199183,S,,20180518,727.27,93245300,100,72727.0
2018-05-18 09:32:47.950,200269,199183,S,,20180518,727.27,93247950,100,72727.0
2018-05-18 09:32:47.950,200269,199324,S,,20180518,727.27,93247950,100,72727.0
2018-05-18 09:32:48.060,200314,197163,S,,20180518,727.2,93248060,1300,945360.0000000001
2018-05-18 09:32:48.700,200439,200537,B,,20180518,727.22,93248700,100,72722.0
2018-05-18 09:32:51.630,201672,197416,S,,20180518,727.2,93251630,17,12362.400000000001
2018-05-18 09:32:51.680,201704,197416,S,,20180518,727.2,93251680,83,60357.600000000006
2018-05-18 09:32:55.380,203006,203123,B,,20180518,727.02,93255380,100,72702.0
2018-05-18 09:32:55.380,201704,203123,B,,20180518,727.15,93255380,100,72715.0
2018-05-18 09:32:56.070,200432,203381,B,,20180518,727.28,93256070,100,72728.0
2018-05-18 09:32:56.070,200551,203381,B,,20180518,727.28,93256070,100,72728.0
2018-05-18 09:32:56.140,203416,198571,S,,20180518,727.0,93256140,100,72700.0
2018-05-18 09:32:57.600,203947,200542,S,,20180518,727.0,93257600,100,72700.0
2018-05-18 09:33:03.250,205882,206129,B,,20180518,727.0,93303250,300,218100.0
2018-05-18 09:33:03.250,204923,206129,B,,20180518,727.22,93303250,200,145444.0
2018-05-18 09:33:05.220,204923,206941,B,,20180518,727.22,93305220,100,72722.0
2018-05-18 09:33:06.340,207341,206937,S,,20180518,727.15,93306340,100,72715.0
2018-05-18 09:33:06.370,207363,206937,S,,20180518,727.15,93306370,100,72715.0
2018-05-18 09:33:07.980,208036,207148,S,,20180518,727.15,93307980,200,145430.0
2018-05-18 09:33:09.430,207305,208566,B,,20180518,727.2,93309430,100,72720.0
2018-05-18 09:33:09.430,207655,208566,B,,20180518,727.2,93309430,200,145440.0
2018-05-18 09:33:09.430,207734,208566,B,,20180518,727.2,93309430,200,145440.0
2018-05-18 09:33:09.430,208094,208566,B,,20180518,727.22,93309430,100,72722.0
2018-05-18 09:33:09.430,203583,208566,B,,20180518,727.27,93309430,100,72727.0
2018-05-18 09:33:09.430,204273,208566,B,,20180518,727.27,93309430,500,363635.0
2018-05-18 09:33:09.430,205785,208566,B,,20180518,727.27,93309430,500,363635.0
2018-05-18 09:33:11.380,203165,209272,B,,20180518,727.49,93311380,100,72749.0
2018-05-18 09:33:11.680,209372,208566,S,,20180518,727.28,93311680,300,218184.0
2018-05-18 09:33:12.390,209636,208566,S,,20180518,727.28,93312390,400,290912.0
2018-05-18 09:33:14.180,210311,208566,S,,20180518,727.28,93314180,300,218184.0
2018-05-18 09:33:14.510,209603,210423,B,,20180518,727.4,93314510,200,145480.0
2018-05-18 09:33:15.000,210617,210605,S,,20180518,727.29,93315000,100,72729.0
2018-05-18 09:33:15.200,186434,210695,B,,20180518,727.5,93315200,100,72750.0
2018-05-18 09:33:15.200,187378,210695,B,,20180518,727.5,93315200,100,72750.0
2018-05-18 09:33:15.200,195315,210695,B,,20180518,727.5,93315200,100,72750.0
2018-05-18 09:33:15.520,210804,208566,S,,20180518,727.28,93315520,100,72728.0
2018-05-18 09:33:16.660,196579,211198,B,,20180518,727.5,93316660,100,72750.0
2018-05-18 09:33:16.760,196579,211261,B,,20180518,727.5,93316760,200,145500.0
2018-05-18 09:33:16.870,196579,211298,B,,20180518,727.5,93316870,200,145500.0
2018-05-18 09:33:16.870,199038,211298,B,,20180518,727.5,93316870,100,72750.0
2018-05-18 09:33:16.870,200079,211298,B,,20180518,727.5,93316870,100,72750.0
2018-05-18 09:33:16.890,200079,211317,B,,20180518,727.5,93316890,200,145500.0
2018-05-18 09:33:17.120,200797,211428,B,,20180518,727.5,93317120,100,72750.0
2018-05-18 09:33:17.450,200797,211556,B,,20180518,727.5,93317450,1100,800250.0
2018-05-18 09:33:17.450,209377,211556,B,,20180518,727.5,93317450,100,72750.0
2018-05-18 09:33:17.450,211557,211556,S,,20180518,727.5,93317450,200,145500.0
2018-05-18 09:33:17.660,211636,211556,S,,20180518,727.5,93317660,100,72750.0
2018-05-18 09:33:17.780,211679,211556,S,,20180518,727.5,93317780,100,72750.0
2018-05-18 09:33:18.490,211972,211556,S,,20180518,727.5,93318490,100,72750.0
2018-05-18 09:33:19.150,212230,211556,S,,20180518,727.5,93319150,100,72750.0
2018-05-18 09:33:19.580,187645,212400,B,,20180518,727.58,93319580,100,72758.0
2018-05-18 09:33:19.630,205331,212415,B,,20180518,727.58,93319630,100,72758.0
2018-05-18 09:33:19.650,212433,212415,S,,20180518,727.58,93319650,100,72758.0
2018-05-18 09:33:19.650,212433,211556,S,,20180518,727.5,93319650,400,291000.0
2018-05-18 09:33:19.650,178924,212434,B,,20180518,727.6,93319650,200,145520.0
2018-05-18 09:33:19.750,178924,212480,B,,20180518,727.6,93319750,100,72760.0
2018-05-18 09:33:19.830,178924,212504,B,,20180518,727.6,93319830,200,145520.0
2018-05-18 09:33:19.880,175223,212538,B,,20180518,727.68,93319880,100,72768.0
2018-05-18 09:33:19.960,209339,212575,B,,20180518,727.68,93319960,100,72768.0
2018-05-18 09:33:20.360,171031,212758,B,,20180518,727.7,93320360,400,291080.0
2018-05-18 09:33:20.500,212820,212674,S,,20180518,727.64,93320500,100,72764.0
2018-05-18 09:33:20.500,212820,212714,S,,20180518,727.64,93320500,100,72764.0
2018-05-18 09:33:20.950,213007,212684,S,,20180518,727.58,93320950,200,145516.0
2018-05-18 09:33:20.950,213007,212925,S,,20180518,727.58,93320950,200,145516.0
2018-05-18 09:33:20.950,213007,212973,S,,20180518,727.53,93320950,100,72753.0
2018-05-18 09:33:21.610,212820,213251,B,,20180518,727.6,93321610,500,363800.0
2018-05-18 09:33:21.940,212820,213359,B,,20180518,727.6,93321940,200,145520.0
2018-05-18 09:33:22.190,171031,213442,B,,20180518,727.7,93322190,100,72770.0
2018-05-18 09:33:22.370,213491,213359,S,,20180518,727.6,93322370,200,145520.0
2018-05-18 09:33:22.620,164401,213593,B,,20180518,727.8,93322620,100,72780.0
2018-05-18 09:33:22.620,165933,213593,B,,20180518,727.8,93322620,200,145560.0
2018-05-18 09:33:22.910,178042,213720,B,,20180518,727.82,93322910,100,72782.0
2018-05-18 09:33:23.330,213905,213787,S,,20180518,727.7,93323330,200,145540.0
2018-05-18 09:33:24.000,214140,213787,S,,20180518,727.7,93324000,100,72770.0
2018-05-18 09:33:24.320,214255,213787,S,,20180518,727.7,93324320,200,145540.0
2018-05-18 09:33:24.320,214255,214174,S,,20180518,727.7,93324320,300,218310.0
2018-05-18 09:33:24.320,214255,214187,S,,20180518,727.7,93324320,100,72770.0
2018-05-18 09:33:24.910,163487,214440,B,,20180518,728.0,93324910,100,72800.0
2018-05-18 09:33:25.270,163487,214578,B,,20180518,728.0,93325270,400,291200.0
2018-05-18 09:33:25.270,169069,214578,B,,20180518,728.0,93325270,100,72800.0
2018-05-18 09:33:25.420,178740,214627,B,,20180518,728.0,93325420,100,72800.0
2018-05-18 09:33:25.420,193429,214627,B,,20180518,728.0,93325420,100,72800.0
2018-05-18 09:33:25.630,72594,214713,B,,20180518,728.36,93325630,100,72836.0
2018-05-18 09:33:25.730,214751,214187,S,,20180518,727.7,93325730,200,145540.0
2018-05-18 09:33:26.230,215009,214825,S,,20180518,728.0,93326230,200,145600.0
2018-05-18 09:33:26.570,167572,215140,B,,20180518,728.5,93326570,100,72850.0
2018-05-18 09:33:27.180,215376,214825,S,,20180518,728.0,93327180,100,72800.0
2018-05-18 09:33:27.180,215376,214187,S,,20180518,727.7,93327180,200,145540.0
2018-05-18 09:33:27.850,130484,215653,B,,20180518,728.63,93327850,200,145726.0
2018-05-18 09:33:28.630,202456,215977,B,,20180518,728.8,93328630,100,72880.0
2018-05-18 09:33:28.700,88082,215999,B,,20180518,728.86,93328700,100,72886.0
2018-05-18 09:33:28.700,181701,215999,B,,20180518,728.88,93328700,100,72888.0
2018-05-18 09:33:28.700,168938,215999,B,,20180518,728.95,93328700,100,72895.0
2018-05-18 09:33:28.700,175589,215999,B,,20180518,728.98,93328700,100,72898.0
2018-05-18 09:33:28.700,106070,215999,B,,20180518,729.0,93328700,100,72900.0
2018-05-18 09:33:28.700,117068,215999,B,,20180518,729.0,93328700,100,72900.0
2018-05-18 09:33:28.700,146144,215999,B,,20180518,729.0,93328700,100,72900.0
2018-05-18 09:33:28.700,162647,215999,B,,20180518,729.0,93328700,100,72900.0
2018-05-18 09:33:30.050,216615,215653,S,,20180518,728.63,93330050,200,145726.0
2018-05-18 09:33:31.410,217083,216124,S,,20180518,728.63,93331410,100,72863.0
2018-05-18 09:33:31.410,217083,215794,S,,20180518,728.0,93331410,300,218400.0
2018-05-18 09:33:31.410,217083,216300,S,,20180518,728.0,93331410,100,72800.0
2018-05-18 09:33:32.730,217649,216300,S,,20180518,728.0,93332730,200,145600.0
2018-05-18 09:33:32.730,217649,216736,S,,20180518,728.0,93332730,100,72800.0
2018-05-18 09:33:32.790,217670,216736,S,,20180518,728.0,93332790,100,72800.0
2018-05-18 09:33:32.890,186002,217715,B,,20180518,729.0,93332890,100,72900.0
2018-05-18 09:33:33.850,218068,216736,S,,20180518,728.0,93333850,100,72800.0
2018-05-18 09:33:33.850,218068,217104,S,,20180518,728.0,93333850,200,145600.0
2018-05-18 09:33:35.580,193427,218746,B,,20180518,729.0,93335580,100,72900.0
2018-05-18 09:33:36.490,219061,218380,S,,20180518,728.01,93336490,100,72801.0
2018-05-18 09:33:37.770,219476,219556,B,,20180518,728.63,93337770,300,218589.0
2018-05-18 09:33:38.050,219476,219719,B,,20180518,728.63,93338050,100,72863.0
2018-05-18 09:33:38.200,219476,219796,B,,20180518,728.63,93338200,100,72863.0
2018-05-18 09:33:38.200,218713,219796,B,,20180518,729.0,93338200,100,72900.0
2018-05-18 09:33:38.670,218713,219965,B,,20180518,729.0,93338670,100,72900.0
2018-05-18 09:33:38.670,218756,219965,B,,20180518,729.0,93338670,200,145800.0
2018-05-18 09:33:38.760,218756,219996,B,,20180518,729.0,93338760,200,145800.0
2018-05-18 09:33:39.120,218756,220188,B,,20180518,729.0,93339120,100,72900.0
2018-05-18 09:33:39.120,219405,220188,B,,20180518,729.0,93339120,500,364500.0
2018-05-18 09:33:39.890,220294,220475,B,,20180518,729.0,93339890,300,218700.0
2018-05-18 09:33:40.260,220294,220604,B,,20180518,729.0,93340260,200,145800.0
2018-05-18 09:33:41.970,221334,220658,S,,20180518,729.0,93341970,300,218700.0
2018-05-18 09:33:41.970,221334,220668,S,,20180518,729.0,93341970,100,72900.0
2018-05-18 09:33:41.970,221334,220835,S,,20180518,729.0,93341970,100,72900.0
2018-05-18 09:33:44.260,163699,222274,B,,20180518,729.3,93344260,200,145860.0
2018-05-18 09:33:44.260,154884,222274,B,,20180518,729.6,93344260,100,72960.0
2018-05-18 09:33:45.470,222759,220835,S,,20180518,729.0,93345470,100,72900.0
2018-05-18 09:33:45.800,190194,222896,B,,20180518,729.68,93345800,100,72968.0
2018-05-18 09:33:45.800,183225,222896,B,,20180518,729.72,93345800,100,72972.0
2018-05-18 09:33:45.800,57288,222896,B,,20180518,729.8,93345800,100,72980.0
2018-05-18 09:33:46.980,111251,223377,B,,20180518,729.8,93346980,100,72980.0
2018-05-18 09:33:46.980,19656,223377,B,,20180518,729.89,93346980,100,72989.0
2018-05-18 09:33:46.980,23062,223377,B,,20180518,729.89,93346980,100,72989.0
2018-05-18 09:33:47.110,223438,223381,S,,20180518,729.68,93347110,100,72968.0
2018-05-18 09:33:47.820,223703,222834,S,,20180518,729.3,93347820,100,72930.0
2018-05-18 09:33:48.040,223778,223407,S,,20180518,729.3,93348040,100,72930.0
2018-05-18 09:33:48.190,223438,223860,B,,20180518,729.68,93348190,100,72968.0
2018-05-18 09:33:48.190,162851,223860,B,,20180518,729.89,93348190,200,145978.0
2018-05-18 09:33:48.430,173721,223952,B,,20180518,729.95,93348430,100,72995.0
2018-05-18 09:33:49.890,224047,224477,B,,20180518,729.68,93349890,100,72968.0
2018-05-18 09:33:50.070,224047,224538,B,,20180518,729.68,93350070,100,72968.0
2018-05-18 09:33:50.250,224047,224613,B,,20180518,729.68,93350250,100,72968.0
2018-05-18 09:33:50.400,224047,224673,B,,20180518,729.68,93350400,100,72968.0
2018-05-18 09:33:51.210,224047,224996,B,,20180518,729.68,93351210,100,72968.0
2018-05-18 09:33:51.380,225067,223725,S,,20180518,729.3,93351380,300,218790.0
2018-05-18 09:33:53.570,224047,225964,B,,20180518,729.68,93353570,100,72968.0
2018-05-18 09:33:53.570,224047,225965,B,,20180518,729.68,93353570,400,291872.0
2018-05-18 09:33:53.570,225259,225965,B,,20180518,729.68,93353570,100,72968.0
2018-05-18 09:33:53.620,121551,225977,B,,20180518,729.98,93353620,100,72998.0
2018-05-18 09:33:54.200,226214,224125,S,,20180518,729.3,93354200,100,72930.0
2018-05-18 09:33:54.250,170398,226237,B,,20180518,729.98,93354250,100,72998.0
2018-05-18 09:33:55.090,169945,226554,B,,20180518,729.99,93355090,100,72999.0
2018-05-18 09:33:55.470,226712,226517,S,,20180518,729.68,93355470,100,72968.0
2018-05-18 09:33:57.460,227465,227142,S,,20180518,729.99,93357460,200,145998.0
2018-05-18 09:33:57.480,227476,226730,S,,20180518,729.68,93357480,100,72968.0
2018-05-18 09:33:57.770,27618,227555,B,,20180518,730.0,93357770,200,146000.0
2018-05-18 09:33:57.770,47342,227555,B,,20180518,730.0,93357770,100,73000.0
2018-05-18 09:33:57.770,53808,227555,B,,20180518,730.0,93357770,500,365000.0
2018-05-18 09:33:57.770,91422,227555,B,,20180518,730.0,93357770,100,73000.0
2018-05-18 09:33:57.770,92205,227555,B,,20180518,730.0,93357770,100,73000.0
2018-05-18 09:33:57.770,117211,227555,B,,20180518,730.0,93357770,600,438000.0
2018-05-18 09:33:57.770,126390,227555,B,,20180518,730.0,93357770,100,73000.0
2018-05-18 09:33:57.770,133241,227555,B,,20180518,730.0,93357770,100,73000.0
2018-05-18 09:33:57.770,139978,227555,B,,20180518,730.0,93357770,100,73000.0
2018-05-18 09:33:57.770,151034,227555,B,,20180518,730.0,93357770,100,73000.0
2018-05-18 09:33:57.770,175249,227555,B,,20180518,730.0,93357770,800,584000.0
2018-05-18 09:33:58.830,227559,227945,B,,20180518,729.89,93358830,100,72989.0
2018-05-18 09:33:58.960,228008,228004,S,,20180518,729.94,93358960,100,72994.0
2018-05-18 09:33:59.180,228106,227154,S,,20180518,729.31,93359180,100,72931.0
2018-05-18 09:33:59.180,228106,227888,S,,20180518,729.31,93359180,100,72931.0
2018-05-18 09:33:59.180,228106,227890,S,,20180518,729.31,93359180,100,72931.0
2018-05-18 09:33:59.180,228106,224125,S,,20180518,729.3,93359180,100,72930.0
2018-05-18 09:33:59.180,228106,224467,S,,20180518,729.3,93359180,1000,729300.0
2018-05-18 09:33:59.180,228106,224700,S,,20180518,729.3,93359180,100,72930.0
2018-05-18 09:33:59.180,228106,225357,S,,20180518,729.3,93359180,100,72930.0
2018-05-18 09:33:59.510,228220,227889,S,,20180518,729.14,93359510,100,72914.0
2018-05-18 09:33:59.940,228106,228363,B,,20180518,729.3,93359940,100,72930.0
2018-05-18 09:34:00.250,228106,228484,B,,20180518,729.3,93400250,200,145860.0
2018-05-18 09:34:00.360,228106,228532,B,,20180518,729.3,93400360,300,218790.0
2018-05-18 09:34:00.360,228439,228532,B,,20180518,729.94,93400360,200,145988.0
2018-05-18 09:34:00.440,228439,228576,B,,20180518,729.94,93400440,200,145988.0
2018-05-18 09:34:00.620,228439,228637,B,,20180518,729.94,93400620,100,72994.0
2018-05-18 09:34:00.920,228439,228754,B,,20180518,729.94,93400920,100,72994.0
2018-05-18 09:34:01.000,228791,228778,S,,20180518,729.68,93401000,100,72968.0
2018-05-18 09:34:01.260,228885,228792,S,,20180518,729.94,93401260,200,145988.0
2018-05-18 09:34:01.710,228686,229057,B,,20180518,729.99,93401710,100,72999.0
2018-05-18 09:34:01.710,175249,229057,B,,20180518,730.0,93401710,400,292000.0
2018-05-18 09:34:02.570,229397,228792,S,,20180518,729.94,93402570,200,145988.0
2018-05-18 09:34:02.880,175249,229520,B,,20180518,730.0,93402880,1600,1168000.0
2018-05-18 09:34:02.880,178538,229520,B,,20180518,730.0,93402880,100,73000.0
2018-05-18 09:34:02.880,192653,229520,B,,20180518,730.0,93402880,200,146000.0
2018-05-18 09:34:02.880,207636,229520,B,,20180518,730.0,93402880,100,73000.0
2018-05-18 09:34:02.880,211051,229520,B,,20180518,730.0,93402880,2100,1533000.0
2018-05-18 09:34:02.880,226018,229520,B,,20180518,730.0,93402880,100,73000.0
2018-05-18 09:34:03.500,229751,229454,S,,20180518,729.99,93403500,100,72999.0
2018-05-18 09:34:03.500,229751,228792,S,,20180518,729.94,93403500,100,72994.0
2018-05-18 09:34:03.500,229751,228778,S,,20180518,729.68,93403500,500,364840.0
2018-05-18 09:34:03.810,229881,228778,S,,20180518,729.68,93403810,200,145936.0
2018-05-18 09:34:03.930,226018,229933,B,,20180518,730.0,93403930,400,292000.0
2018-05-18 09:34:04.060,229984,229933,S,,20180518,730.0,93404060,200,146000.0
2018-05-18 09:34:04.640,88128,230213,B,,20180518,730.1,93404640,100,73010.0
2018-05-18 09:34:04.800,230290,230289,S,,20180518,730.26,93404800,100,73026.0
2018-05-18 09:34:05.320,230504,230219,S,,20180518,730.1,93405320,200,146020.0
2018-05-18 09:34:05.460,230573,230219,S,,20180518,730.1,93405460,100,73010.0
2018-05-18 09:34:06.190,230848,229933,S,,20180518,730.0,93406190,100,73000.0
2018-05-18 09:34:06.250,230867,229933,S,,20180518,730.0,93406250,1400,1022000.0
2018-05-18 09:34:06.320,230892,229933,S,,20180518,730.0,93406320,100,73000.0
2018-05-18 09:34:07.050,7660,231191,B,,20180518,730.45,93407050,400,292180.0
2018-05-18 09:34:07.720,189088,231438,B,,20180518,730.5,93407720,600,438300.0
2018-05-18 09:34:09.020,231954,231025,S,,20180518,730.1,93409020,100,73010.0
2018-05-18 09:34:09.420,232103,231025,S,,20180518,730.1,93409420,500,365050.0
2018-05-18 09:34:09.520,232140,231500,S,,20180518,730.1,93409520,200,146020.0
2018-05-18 09:34:09.650,232184,231500,S,,20180518,730.1,93409650,100,73010.0
2018-05-18 09:34:10.000,231758,232294,B,,20180518,730.45,93410000,100,73045.0
2018-05-18 09:34:10.350,231758,232426,B,,20180518,730.45,93410350,100,73045.0
2018-05-18 09:34:10.740,232567,232426,S,,20180518,730.45,93410740,100,73045.0
2018-05-18 09:34:10.970,232680,229933,S,,20180518,730.0,93410970,100,73000.0
2018-05-18 09:34:11.280,175535,232794,B,,20180518,730.7,93411280,100,73070.0
2018-05-18 09:34:11.280,52588,232794,B,,20180518,730.74,93411280,100,73074.0
2018-05-18 09:34:11.610,232894,232869,S,,20180518,730.45,93411610,200,146090.0
2018-05-18 09:34:11.660,232914,229933,S,,20180518,730.0,93411660,200,146000.0
2018-05-18 09:34:13.530,233307,233620,B,,20180518,730.1,93413530,200,146020.0
2018-05-18 09:34:13.640,233307,233673,B,,20180518,730.1,93413640,100,73010.0
2018-05-18 09:34:13.720,233307,233700,B,,20180518,730.1,93413720,100,73010.0
2018-05-18 09:34:13.740,233710,229933,S,,20180518,730.0,93413740,400,292000.0
2018-05-18 09:34:13.800,233746,229933,S,,20180518,730.0,93413800,100,73000.0
2018-05-18 09:34:13.800,233465,233750,B,,20180518,730.44,93413800,100,73044.0
2018-05-18 09:34:15.410,234229,234347,B,,20180518,730.5,93415410,100,73050.0
2018-05-18 09:34:15.410,52588,234347,B,,20180518,730.74,93415410,100,73074.0
2018-05-18 09:34:15.580,52588,234421,B,,20180518,730.74,93415580,100,73074.0
2018-05-18 09:34:15.580,154643,234421,B,,20180518,730.78,93415580,100,73078.0
2018-05-18 09:34:15.580,227654,234421,B,,20180518,730.95,93415580,100,73095.0
2018-05-18 09:34:16.670,234734,234869,B,,20180518,730.69,93416670,100,73069.0
2018-05-18 09:34:17.250,234889,235129,B,,20180518,730.7,93417250,100,73070.0
2018-05-18 09:34:17.790,234889,235352,B,,20180518,730.7,93417790,200,146140.0
2018-05-18 09:34:18.450,235028,235606,B,,20180518,730.7,93418450,100,73070.0
2018-05-18 09:34:18.450,48512,235606,B,,20180518,731.0,93418450,100,73100.0
2018-05-18 09:34:18.580,235653,229933,S,,20180518,730.0,93418580,100,73000.0
2018-05-18 09:34:19.790,235617,236145,B,,20180518,730.5,93419790,100,73050.0
2018-05-18 09:34:19.850,235709,236157,B,,20180518,730.68,93419850,100,73068.0
2018-05-18 09:34:20.520,236431,229933,S,,20180518,730.0,93420520,1100,803000.0
2018-05-18 09:34:20.520,236431,230773,S,,20180518,730.0,93420520,100,73000.0
2018-05-18 09:34:20.520,236431,230809,S,,20180518,730.0,93420520,100,73000.0
2018-05-18 09:34:20.520,236431,231117,S,,20180518,730.0,93420520,100,73000.0
2018-05-18 09:34:20.520,236431,232536,S,,20180518,730.0,93420520,100,73000.0
2018-05-18 09:34:20.520,236431,232719,S,,20180518,730.0,93420520,100,73000.0
2018-05-18 09:34:20.520,236431,234365,S,,20180518,730.0,93420520,100,73000.0
2018-05-18 09:34:20.520,236431,234681,S,,20180518,730.0,93420520,100,73000.0
2018-05-18 09:34:20.520,236431,236249,S,,20180518,730.0,93420520,100,73000.0
2018-05-18 09:34:20.520,236431,235072,S,,20180518,729.99,93420520,100,72999.0
2018-05-18 09:34:20.740,235709,236513,B,,20180518,730.68,93420740,100,73068.0
2018-05-18 09:34:20.840,235709,236544,B,,20180518,730.68,93420840,100,73068.0
2018-05-18 09:34:21.270,236707,236541,S,,20180518,730.45,93421270,100,73045.0
2018-05-18 09:34:21.790,236924,236870,S,,20180518,730.45,93421790,100,73045.0
2018-05-18 09:34:21.820,236932,236820,S,,20180518,730.0,93421820,100,73000.0
2018-05-18 09:34:23.090,236967,237486,B,,20180518,730.66,93423090,100,73066.0
2018-05-18 09:34:23.090,235709,237486,B,,20180518,730.68,93423090,300,219203.99999999997
2018-05-18 09:34:23.700,237699,237433,S,,20180518,730.5,93423700,400,292200.0
2018-05-18 09:34:24.150,237867,237433,S,,20180518,730.5,93424150,100,73050.0
2018-05-18 09:34:24.150,237867,237073,S,,20180518,730.45,93424150,100,73045.0
2018-05-18 09:34:24.150,237867,236820,S,,20180518,730.0,93424150,400,292000.0
2018-05-18 09:34:24.150,237867,237251,S,,20180518,730.0,93424150,100,73000.0
2018-05-18 09:34:24.870,235709,238133,B,,20180518,730.68,93424870,200,146136.0
2018-05-18 09:34:24.980,238160,237651,S,,20180518,730.0,93424980,100,73000.0
2018-05-18 09:34:25.260,238262,238272,B,,20180518,730.66,93425260,100,73066.0
2018-05-18 09:34:25.260,238262,238279,B,,20180518,730.66,93425260,100,73066.0
2018-05-18 09:34:25.990,238262,238546,B,,20180518,730.66,93425990,1100,803726.0
2018-05-18 09:34:25.990,235709,238546,B,,20180518,730.68,93425990,200,146136.0
2018-05-18 09:34:25.990,237521,238546,B,,20180518,730.68,93425990,200,146136.0
2018-05-18 09:34:25.990,237690,238546,B,,20180518,730.7,93425990,100,73070.0
2018-05-18 09:34:25.990,237838,238546,B,,20180518,730.7,93425990,300,219210.0
2018-05-18 09:34:26.290,237838,238675,B,,20180518,730.7,93426290,100,73070.0
2018-05-18 09:34:27.260,239049,238645,S,,20180518,730.68,93427260,100,73068.0
2018-05-18 09:34:27.260,239049,238893,S,,20180518,730.68,93427260,200,146136.0
2018-05-18 09:34:27.660,239176,238893,S,,20180518,730.68,93427660,100,73068.0
2018-05-18 09:34:27.720,239201,238893,S,,20180518,730.68,93427720,100,73068.0
2018-05-18 09:34:28.080,237838,239343,B,,20180518,730.7,93428080,100,73070.0
2018-05-18 09:34:28.540,239498,238893,S,,20180518,730.68,93428540,200,146136.0
2018-05-18 09:34:28.640,239544,238893,S,,20180518,730.68,93428640,100,73068.0
2018-05-18 09:34:29.160,239544,239794,B,,20180518,730.68,93429160,100,73068.0
2018-05-18 09:34:29.370,239544,239896,B,,20180518,730.68,93429370,100,73068.0
2018-05-18 09:34:29.570,239979,238990,S,,20180518,730.1,93429570,100,73010.0
2018-05-18 09:34:29.900,240114,238990,S,,20180518,730.1,93429900,100,73010.0
2018-05-18 09:34:29.900,240114,238993,S,,20180518,730.0,93429900,100,73000.0
2018-05-18 09:34:30.520,240114,240349,B,,20180518,729.99,93430520,100,72999.0
2018-05-18 09:34:30.940,240507,231045,S,,20180518,729.98,93430940,100,72998.0
2018-05-18 09:34:32.680,240801,241216,B,,20180518,729.98,93432680,200,145996.0
2018-05-18 09:34:35.070,242182,236418,S,,20180518,729.3,93435070,100,72930.0
2018-05-18 09:34:36.630,242182,242767,B,,20180518,729.3,93436630,100,72930.0
2018-05-18 09:34:36.770,242182,242801,B,,20180518,729.3,93436770,100,72930.0
2018-05-18 09:34:37.130,242938,227891,S,,20180518,729.14,93437130,100,72914.0
2018-05-18 09:34:37.610,243085,221363,S,,20180518,729.0,93437610,100,72900.0
2018-05-18 09:34:37.610,243085,225821,S,,20180518,729.0,93437610,300,218700.0
2018-05-18 09:34:37.610,243085,239416,S,,20180518,729.0,93437610,100,72900.0
2018-05-18 09:34:38.870,242938,243617,B,,20180518,729.14,93438870,100,72914.0
2018-05-18 09:34:39.750,242938,243931,B,,20180518,729.14,93439750,100,72914.0
2018-05-18 09:34:39.880,242938,243980,B,,20180518,729.14,93439880,100,72914.0
2018-05-18 09:34:40.260,244113,220480,S,,20180518,728.8,93440260,100,72880.0
2018-05-18 09:34:40.590,244229,222756,S,,20180518,728.63,93440590,100,72863.0
2018-05-18 09:34:40.880,244113,244363,B,,20180518,728.8,93440880,100,72880.0
2018-05-18 09:34:41.570,244342,244629,B,,20180518,728.8,93441570,100,72880.0
2018-05-18 09:34:42.600,244068,245008,B,,20180518,728.97,93442600,200,145794.0
2018-05-18 09:34:42.600,244155,245008,B,,20180518,728.97,93442600,200,145794.0
2018-05-18 09:34:42.600,244064,245008,B,,20180518,729.14,93442600,100,72914.0
2018-05-18 09:34:42.600,244288,245008,B,,20180518,729.14,93442600,100,72914.0
2018-05-18 09:34:42.600,244931,245008,B,,20180518,729.14,93442600,100,72914.0
2018-05-18 09:34:42.600,244586,245008,B,,20180518,729.47,93442600,400,291788.0
2018-05-18 09:34:42.600,240801,245008,B,,20180518,729.98,93442600,1000,729980.0
2018-05-18 09:34:42.600,243136,245008,B,,20180518,729.98,93442600,100,72998.0
2018-05-18 09:34:42.600,240114,245008,B,,20180518,729.99,93442600,1800,1313982.0
2018-05-18 09:34:42.850,240114,245103,B,,20180518,729.99,93442850,1100,802989.0
2018-05-18 09:34:43.270,242151,245268,B,,20180518,730.44,93443270,100,73044.0
2018-05-18 09:34:44.140,245631,245103,S,,20180518,730.0,93444140,200,146000.0
2018-05-18 09:34:44.390,245723,245103,S,,20180518,730.0,93444390,200,146000.0
2018-05-18 09:34:44.540,245770,245103,S,,20180518,730.0,93444540,100,73000.0
2018-05-18 09:34:45.120,246006,245103,S,,20180518,730.0,93445120,1300,949000.0
2018-05-18 09:34:45.180,241765,246017,B,,20180518,730.45,93445180,100,73045.0
2018-05-18 09:34:45.350,246065,245103,S,,20180518,730.0,93445350,100,73000.0
2018-05-18 09:34:48.250,247223,245103,S,,20180518,730.0,93448250,200,146000.0
2018-05-18 09:34:48.800,246799,247449,B,,20180518,730.1,93448800,100,73010.0
2018-05-18 09:34:51.060,248413,245103,S,,20180518,730.0,93451060,100,73000.0
2018-05-18 09:34:51.890,248748,245103,S,,20180518,730.0,93451890,200,146000.0
2018-05-18 09:34:52.070,248805,245103,S,,20180518,730.0,93452070,500,365000.0
2018-05-18 09:34:52.150,248850,245103,S,,20180518,730.0,93452150,100,73000.0
2018-05-18 09:34:52.350,248922,245103,S,,20180518,730.0,93452350,500,365000.0
2018-05-18 09:34:53.330,249351,245103,S,,20180518,730.0,93453330,100,73000.0
2018-05-18 09:34:53.350,249354,245103,S,,20180518,730.0,93453350,100,73000.0
2018-05-18 09:34:53.760,249506,245103,S,,20180518,730.0,93453760,500,365000.0
2018-05-18 09:34:54.170,249656,245103,S,,20180518,730.0,93454170,300,219000.0
2018-05-18 09:34:54.220,246799,249673,B,,20180518,730.1,93454220,100,73010.0
2018-05-18 09:34:54.910,249954,245103,S,,20180518,730.0,93454910,100,73000.0
2018-05-18 09:34:55.300,250092,245103,S,,20180518,730.0,93455300,100,73000.0
2018-05-18 09:34:57.110,250766,245103,S,,20180518,730.0,93457110,200,146000.0
2018-05-18 09:34:57.260,250801,245103,S,,20180518,730.0,93457260,500,365000.0
2018-05-18 09:34:57.410,250856,245103,S,,20180518,730.0,93457410,200,146000.0
2018-05-18 09:34:57.680,250943,245103,S,,20180518,730.0,93457680,100,73000.0
2018-05-18 09:34:57.760,250977,245103,S,,20180518,730.0,93457760,100,73000.0
2018-05-18 09:34:58.270,251169,245103,S,,20180518,730.0,93458270,1200,876000.0
2018-05-18 09:34:58.520,251169,251267,B,,20180518,730.0,93458520,700,511000.0
2018-05-18 09:34:58.680,251169,251313,B,,20180518,730.0,93458680,100,73000.0
2018-05-18 09:34:59.350,251431,251570,B,,20180518,730.05,93459350,100,73005.0
2018-05-18 09:34:59.490,251627,247805,S,,20180518,729.98,93459490,100,72998.0
2018-05-18 09:34:59.570,251431,251654,B,,20180518,730.05,93459570,100,73005.0
2018-05-18 09:35:00.180,251876,249515,S,,20180518,729.34,93500180,100,72934.0
2018-05-18 09:35:00.180,251876,245096,S,,20180518,729.14,93500180,100,72914.0
2018-05-18 09:35:01.730,252428,245096,S,,20180518,729.14,93501730,100,72914.0
2018-05-18 09:35:01.760,252449,245096,S,,20180518,729.14,93501760,300,218742.0
2018-05-18 09:35:01.760,252449,245605,S,,20180518,729.14,93501760,200,145828.0
2018-05-18 09:35:01.910,252449,252500,B,,20180518,729.14,93501910,200,145828.0
2018-05-18 09:35:01.910,252469,252500,B,,20180518,729.14,93501910,100,72914.0
2018-05-18 09:35:01.910,251769,252500,B,,20180518,730.0,93501910,200,146000.0
2018-05-18 09:35:01.960,251769,252538,B,,20180518,730.0,93501960,300,219000.0
2018-05-18 09:35:02.720,252756,252806,B,,20180518,729.14,93502720,100,72914.0
2018-05-18 09:35:03.190,252973,246234,S,,20180518,728.97,93503190,100,72897.0
2018-05-18 09:35:03.420,251801,253069,B,,20180518,730.0,93503420,200,146000.0
2018-05-18 09:35:03.420,252009,253069,B,,20180518,730.0,93503420,1000,730000.0
2018-05-18 09:35:03.420,252219,253069,B,,20180518,730.0,93503420,200,146000.0
2018-05-18 09:35:03.420,252409,253069,B,,20180518,730.0,93503420,100,73000.0
2018-05-18 09:35:03.420,252517,253069,B,,20180518,730.0,93503420,100,73000.0
2018-05-18 09:35:03.420,252558,253069,B,,20180518,730.0,93503420,100,73000.0
2018-05-18 09:35:03.420,252908,253069,B,,20180518,730.0,93503420,1000,730000.0
2018-05-18 09:35:03.420,253044,253069,B,,20180518,730.0,93503420,100,73000.0
2018-05-18 09:35:03.520,253107,253069,S,,20180518,730.0,93503520,100,73000.0
2018-05-18 09:35:03.620,253144,253069,S,,20180518,730.0,93503620,100,73000.0
2018-05-18 09:35:04.300,246799,253397,B,,20180518,730.1,93504300,100,73010.0
2018-05-18 09:35:04.480,246799,253474,B,,20180518,730.1,93504480,100,73010.0
2018-05-18 09:35:04.910,253647,253069,S,,20180518,730.0,93504910,100,73000.0
2018-05-18 09:35:05.460,253858,253069,S,,20180518,730.0,93505460,500,365000.0
2018-05-18 09:35:06.290,254157,253069,S,,20180518,730.0,93506290,1000,730000.0
2018-05-18 09:35:06.680,246799,254291,B,,20180518,730.1,93506680,700,511070.0
2018-05-18 09:35:06.680,249336,254291,B,,20180518,730.1,93506680,100,73010.0
2018-05-18 09:35:06.680,253805,254291,B,,20180518,730.1,93506680,200,146020.0
2018-05-18 09:35:07.740,254724,253069,S,,20180518,730.0,93507740,100,73000.0
2018-05-18 09:35:08.050,254870,253069,S,,20180518,730.0,93508050,100,73000.0
2018-05-18 09:35:08.160,254906,253069,S,,20180518,730.0,93508160,500,365000.0
2018-05-18 09:35:08.710,255117,253069,S,,20180518,730.0,93508710,100,73000.0
2018-05-18 09:35:08.710,255122,253069,S,,20180518,730.0,93508710,1000,730000.0
2018-05-18 09:35:09.360,254536,255349,B,,20180518,730.1,93509360,100,73010.0
2018-05-18 09:35:09.410,255363,253069,S,,20180518,730.0,93509410,400,292000.0
2018-05-18 09:35:09.850,255557,253069,S,,20180518,730.0,93509850,100,73000.0
2018-05-18 09:35:11.460,256154,253069,S,,20180518,730.0,93511460,500,365000.0
2018-05-18 09:35:12.310,256484,253069,S,,20180518,730.0,93512310,100,73000.0
2018-05-18 09:35:12.580,256577,253069,S,,20180518,730.0,93512580,200,146000.0
2018-05-18 09:35:12.630,256599,253069,S,,20180518,730.0,93512630,300,219000.0
2018-05-18 09:35:12.630,256599,255406,S,,20180518,730.0,93512630,100,73000.0
2018-05-18 09:35:13.080,256770,256370,S,,20180518,730.0,93513080,100,73000.0
2018-05-18 09:35:13.080,256770,256726,S,,20180518,730.0,93513080,100,73000.0
2018-05-18 09:35:15.290,256800,257676,B,,20180518,729.8,93515290,100,72980.0
2018-05-18 09:35:16.600,258001,258204,B,,20180518,729.39,93516600,100,72939.0
2018-05-18 09:35:16.600,258206,246234,S,,20180518,728.97,93516600,200,145794.0
2018-05-18 09:35:16.970,258320,258384,B,,20180518,728.97,93516970,100,72897.0
2018-05-18 09:35:19.060,258320,259240,B,,20180518,728.97,93519060,200,145794.0
2018-05-18 09:35:19.060,258001,259240,B,,20180518,729.39,93519060,100,72939.0
2018-05-18 09:35:19.060,258105,259240,B,,20180518,729.39,93519060,200,145878.0
2018-05-18 09:35:19.060,256770,259240,B,,20180518,730.0,93519060,2500,1825000.0
2018-05-18 09:35:20.560,256770,259818,B,,20180518,730.0,93520560,200,146000.0
2018-05-18 09:35:21.510,260185,248833,S,,20180518,728.8,93521510,100,72880.0
2018-05-18 09:35:21.830,260185,260314,B,,20180518,728.8,93521830,100,72880.0
2018-05-18 09:35:22.530,260185,260549,B,,20180518,728.8,93522530,100,72880.0
2018-05-18 09:35:22.660,260603,228892,S,,20180518,728.11,93522660,100,72811.0
2018-05-18 09:35:23.400,260603,260906,B,,20180518,728.11,93523400,100,72811.0
2018-05-18 09:35:25.340,260185,261648,B,,20180518,728.8,93525340,100,72880.0
2018-05-18 09:35:25.650,260185,261765,B,,20180518,728.8,93525650,200,145760.0
2018-05-18 09:35:25.750,261803,261656,S,,20180518,728.15,93525750,300,218445.0
2018-05-18 09:35:26.840,261613,262202,B,,20180518,728.8,93526840,100,72880.0
2018-05-18 09:35:27.670,261613,262512,B,,20180518,728.8,93527670,100,72880.0
2018-05-18 09:35:27.670,260413,262512,B,,20180518,729.36,93527670,1100,802296.0
2018-05-18 09:35:27.670,256770,262512,B,,20180518,730.0,93527670,100,73000.0
2018-05-18 09:35:27.670,257025,262512,B,,20180518,730.0,93527670,100,73000.0
2018-05-18 09:35:27.670,257327,262512,B,,20180518,730.0,93527670,100,73000.0
2018-05-18 09:35:27.670,258321,262512,B,,20180518,730.0,93527670,100,73000.0
2018-05-18 09:35:27.670,258625,262512,B,,20180518,730.0,93527670,100,73000.0
2018-05-18 09:35:27.670,258644,262512,B,,20180518,730.0,93527670,100,73000.0
2018-05-18 09:35:27.670,258705,262512,B,,20180518,730.0,93527670,100,73000.0
2018-05-18 09:35:27.670,258753,262512,B,,20180518,730.0,93527670,100,73000.0
2018-05-18 09:35:27.920,258753,262614,B,,20180518,730.0,93527920,200,146000.0
2018-05-18 09:35:29.050,263036,262907,S,,20180518,728.97,93529050,100,72897.0
2018-05-18 09:35:29.980,263379,261656,S,,20180518,728.15,93529980,200,145630.0
2018-05-18 09:35:29.980,263379,220361,S,,20180518,728.05,93529980,87,63340.35
2018-05-18 09:35:30.810,263400,263673,B,,20180518,728.15,93530810,400,291260.0
2018-05-18 09:35:32.540,264313,220361,S,,20180518,728.05,93532540,200,145610.0
2018-05-18 09:35:32.540,264318,220361,S,,20180518,728.05,93532540,13,9464.65
2018-05-18 09:35:34.890,264318,265199,B,,20180518,728.05,93534890,87,63340.35
2018-05-18 09:35:34.890,263036,265199,B,,20180518,728.8,93534890,13,9474.4
2018-05-18 09:35:35.190,265262,265336,B,,20180518,728.05,93535190,200,145610.0
2018-05-18 09:35:35.190,264176,265336,B,,20180518,729.99,93535190,100,72999.0
2018-05-18 09:35:35.190,264829,265336,B,,20180518,729.99,93535190,600,437994.0
2018-05-18 09:35:35.190,265178,265336,B,,20180518,729.99,93535190,100,72999.0
2018-05-18 09:35:35.190,258753,265336,B,,20180518,730.0,93535190,700,511000.0
2018-05-18 09:35:35.190,259337,265336,B,,20180518,730.0,93535190,200,146000.0
2018-05-18 09:35:35.190,259434,265336,B,,20180518,730.0,93535190,5100,3723000.0
2018-05-18 09:35:35.190,259813,265336,B,,20180518,730.0,93535190,100,73000.0
2018-05-18 09:35:35.190,260567,265336,B,,20180518,730.0,93535190,100,73000.0
2018-05-18 09:35:35.190,260646,265336,B,,20180518,730.0,93535190,300,219000.0
2018-05-18 09:35:35.190,261027,265336,B,,20180518,730.0,93535190,100,73000.0
2018-05-18 09:35:35.190,261329,265336,B,,20180518,730.0,93535190,100,73000.0
2018-05-18 09:35:35.190,262082,265336,B,,20180518,730.0,93535190,100,73000.0
2018-05-18 09:35:35.190,262429,265336,B,,20180518,730.0,93535190,200,146000.0
2018-05-18 09:35:36.420,265813,265550,S,,20180518,728.8,93536420,100,72880.0
2018-05-18 09:35:38.320,266479,220238,S,,20180518,728.03,93538320,100,72803.0
2018-05-18 09:35:38.320,266479,219403,S,,20180518,728.0,93538320,100,72800.0
2018-05-18 09:35:38.320,266479,223097,S,,20180518,728.0,93538320,100,72800.0
2018-05-18 09:35:39.020,266479,266752,B,,20180518,728.0,93539020,100,72800.0
2018-05-18 09:35:39.260,266479,266859,B,,20180518,728.0,93539260,500,364000.0
2018-05-18 09:35:39.880,266479,267068,B,,20180518,728.0,93539880,100,72800.0
2018-05-18 09:35:40.110,267148,267101,S,,20180518,728.0,93540110,100,72800.0
2018-05-18 09:35:40.130,267148,267157,B,,20180518,727.79,93540130,100,72779.0
2018-05-18 09:35:40.850,267443,217520,S,,20180518,727.58,93540850,100,72758.0
2018-05-18 09:35:40.850,267443,218775,S,,20180518,727.58,93540850,200,145516.0
2018-05-18 09:35:41.540,267443,267686,B,,20180518,727.58,93541540,500,363790.0
2018-05-18 09:35:42.860,267443,268155,B,,20180518,727.58,93542860,100,72758.0
2018-05-18 09:35:42.880,267443,268167,B,,20180518,727.58,93542880,500,363790.0
2018-05-18 09:35:42.880,267443,268168,B,,20180518,727.58,93542880,200,145516.0
2018-05-18 09:35:43.140,268259,268222,S,,20180518,727.82,93543140,200,145564.0
2018-05-18 09:35:43.220,268283,268222,S,,20180518,727.82,93543220,100,72782.0
2018-05-18 09:35:43.220,268283,268168,S,,20180518,727.58,93543220,600,436548.0
2018-05-18 09:35:44.430,267497,268705,B,,20180518,728.0,93544430,100,72800.0
2018-05-18 09:35:45.440,267497,269074,B,,20180518,728.0,93545440,100,72800.0
2018-05-18 09:35:47.250,269734,269249,S,,20180518,728.0,93547250,100,72800.0
2018-05-18 09:35:47.250,269734,269276,S,,20180518,728.0,93547250,100,72800.0
2018-05-18 09:35:48.700,266037,270216,B,,20180518,728.05,93548700,100,72805.0
2018-05-18 09:35:51.270,271181,270279,S,,20180518,728.05,93551270,100,72805.0
2018-05-18 09:35:51.400,271221,268699,S,,20180518,727.6,93551400,100,72760.0
2018-05-18 09:35:51.910,271412,268699,S,,20180518,727.6,93551910,100,72760.0
2018-05-18 09:35:53.080,271181,271860,B,,20180518,728.0,93553080,500,364000.0
2018-05-18 09:35:54.090,271181,272204,B,,20180518,728.0,93554090,100,72800.0
2018-05-18 09:35:54.590,271181,272351,B,,20180518,728.0,93554590,300,218400.0
2018-05-18 09:35:57.160,273413,272491,S,,20180518,728.39,93557160,100,72839.0
2018-05-18 09:35:57.830,270889,273652,B,,20180518,728.8,93557830,100,72880.0
2018-05-18 09:35:57.830,269166,273652,B,,20180518,729.8,93557830,100,72980.0
2018-05-18 09:35:57.910,273693,272491,S,,20180518,728.39,93557910,100,72839.0
2018-05-18 09:36:01.470,274660,275032,B,,20180518,729.9,93601470,100,72990.0
2018-05-18 09:36:01.860,275160,273720,S,,20180518,728.05,93601860,100,72805.0
2018-05-18 09:36:09.340,278044,277293,S,,20180518,728.1,93609340,100,72810.0
2018-05-18 09:36:12.100,278081,279089,B,,20180518,729.77,93612100,500,364885.0
2018-05-18 09:36:14.850,280106,278468,S,,20180518,728.39,93614850,100,72839.0
2018-05-18 09:36:15.160,280156,280216,B,,20180518,729.66,93615160,100,72966.0
2018-05-18 09:36:15.160,275451,280216,B,,20180518,729.88,93615160,100,72988.0
2018-05-18 09:36:19.760,281996,281541,S,,20180518,729.77,93619760,100,72977.0
2018-05-18 09:36:20.040,282095,281541,S,,20180518,729.77,93620040,100,72977.0
2018-05-18 09:36:23.460,283270,281541,S,,20180518,729.77,93623460,100,72977.0
2018-05-18 09:36:23.650,283319,281541,S,,20180518,729.77,93623650,100,72977.0
2018-05-18 09:36:23.960,283424,281541,S,,20180518,729.77,93623960,100,72977.0
2018-05-18 09:36:27.700,281497,284822,B,,20180518,729.85,93627700,200,145970.0
2018-05-18 09:36:27.970,281497,284893,B,,20180518,729.85,93627970,100,72985.0
2018-05-18 09:36:30.090,285719,285281,S,,20180518,729.8,93630090,100,72980.0
2018-05-18 09:36:30.260,281497,285785,B,,20180518,729.85,93630260,200,145970.0
2018-05-18 09:36:30.260,278738,285785,B,,20180518,729.88,93630260,100,72988.0
2018-05-18 09:36:33.700,287153,285281,S,,20180518,729.8,93633700,100,72980.0
2018-05-18 09:36:34.870,283980,287632,B,,20180518,729.88,93634870,100,72988.0
2018-05-18 09:36:34.870,286627,287632,B,,20180518,729.88,93634870,200,145976.0
2018-05-18 09:36:34.870,287598,287632,B,,20180518,729.88,93634870,100,72988.0
2018-05-18 09:36:34.870,275125,287632,B,,20180518,729.9,93634870,100,72990.0
2018-05-18 09:36:34.870,275176,287632,B,,20180518,729.9,93634870,100,72990.0
2018-05-18 09:36:34.870,279093,287632,B,,20180518,729.9,93634870,200,145980.0
2018-05-18 09:36:34.870,276265,287632,B,,20180518,729.94,93634870,600,437964.00000000006
2018-05-18 09:36:34.870,274467,287632,B,,20180518,729.95,93634870,100,72995.0
2018-05-18 09:36:36.380,288263,287632,S,,20180518,729.95,93636380,100,72995.0
2018-05-18 09:36:37.750,288763,287632,S,,20180518,729.95,93637750,400,291980.0
2018-05-18 09:36:37.750,288763,287856,S,,20180518,729.88,93637750,100,72988.0
2018-05-18 09:36:37.750,288763,288016,S,,20180518,729.88,93637750,100,72988.0
2018-05-18 09:36:37.750,288763,288290,S,,20180518,729.88,93637750,200,145976.0
2018-05-18 09:36:38.350,288763,288988,B,,20180518,729.88,93638350,200,145976.0
2018-05-18 09:36:39.570,289400,288988,S,,20180518,729.94,93639570,200,145988.0
2018-05-18 09:36:39.570,289247,289402,B,,20180518,729.95,93639570,300,218985.0
2018-05-18 09:36:39.570,265461,289402,B,,20180518,729.96,93639570,300,218988.0
2018-05-18 09:36:39.570,266694,289402,B,,20180518,729.99,93639570,100,72999.0
2018-05-18 09:36:39.570,273192,289402,B,,20180518,729.99,93639570,500,364995.0
2018-05-18 09:36:39.570,262429,289402,B,,20180518,730.0,93639570,100,73000.0
2018-05-18 09:36:39.570,262729,289402,B,,20180518,730.0,93639570,600,438000.0
2018-05-18 09:36:39.570,264172,289402,B,,20180518,730.0,93639570,100,73000.0
2018-05-18 09:36:40.560,289782,288988,S,,20180518,729.94,93640560,100,72994.0
2018-05-18 09:36:41.070,289980,289955,S,,20180518,729.96,93641070,100,72996.0
2018-05-18 09:36:42.720,290406,290601,B,,20180518,729.94,93642720,100,72994.0
2018-05-18 09:36:42.740,290406,290616,B,,20180518,729.94,93642740,300,218982.00000000003
2018-05-18 09:36:43.180,290792,287366,S,,20180518,729.85,93643180,100,72985.0
2018-05-18 09:36:43.180,290792,289501,S,,20180518,729.85,93643180,200,145970.0
2018-05-18 09:36:44.490,290792,291301,B,,20180518,729.85,93644490,200,145970.0
2018-05-18 09:36:44.490,290793,291301,B,,20180518,729.94,93644490,200,145988.0
2018-05-18 09:36:44.490,267736,291301,B,,20180518,730.0,93644490,100,73000.0
2018-05-18 09:36:44.490,268307,291301,B,,20180518,730.0,93644490,200,146000.0
2018-05-18 09:36:44.490,270882,291301,B,,20180518,730.0,93644490,100,73000.0
2018-05-18 09:36:44.490,273557,291301,B,,20180518,730.0,93644490,100,73000.0
2018-05-18 09:36:44.490,275928,291301,B,,20180518,730.0,93644490,100,73000.0
2018-05-18 09:36:44.490,279218,291301,B,,20180518,730.0,93644490,100,73000.0
2018-05-18 09:36:44.490,280044,291301,B,,20180518,730.0,93644490,100,73000.0
2018-05-18 09:36:44.490,281991,291301,B,,20180518,730.0,93644490,100,73000.0
2018-05-18 09:36:44.490,282935,291301,B,,20180518,730.0,93644490,300,219000.0
2018-05-18 09:36:46.010,259906,291862,B,,20180518,730.03,93646010,100,73003.0
2018-05-18 09:36:46.460,292000,291301,S,,20180518,730.0,93646460,100,73000.0
2018-05-18 09:36:47.100,259906,292250,B,,20180518,730.03,93647100,100,73003.0
2018-05-18 09:36:47.220,282975,292302,B,,20180518,730.05,93647220,100,73005.0
2018-05-18 09:36:47.220,275177,292302,B,,20180518,730.07,93647220,100,73007.0
2018-05-18 09:36:48.310,292675,292322,S,,20180518,730.03,93648310,100,73003.0
2018-05-18 09:36:48.640,270453,292781,B,,20180518,730.1,93648640,100,73010.0
2018-05-18 09:36:48.850,292865,292781,S,,20180518,730.12,93648850,100,73012.0
2018-05-18 09:36:48.850,292865,292072,S,,20180518,730.01,93648850,800,584008.0
2018-05-18 09:36:48.850,292865,291301,S,,20180518,730.0,93648850,100,73000.0
2018-05-18 09:36:49.490,293092,291301,S,,20180518,730.0,93649490,100,73000.0
2018-05-18 09:36:49.640,262602,293160,B,,20180518,730.5,93649640,100,73050.0
2018-05-18 09:36:49.640,263702,293160,B,,20180518,730.5,93649640,100,73050.0
2018-05-18 09:36:49.640,271036,293160,B,,20180518,730.5,93649640,100,73050.0
2018-05-18 09:36:50.240,293391,293160,S,,20180518,730.5,93650240,100,73050.0
2018-05-18 09:36:50.370,293391,293429,B,,20180518,730.1,93650370,100,73010.0
2018-05-18 09:36:50.770,293570,291301,S,,20180518,730.0,93650770,200,146000.0
2018-05-18 09:36:51.370,293721,293767,B,,20180518,730.01,93651370,100,73001.0
2018-05-18 09:36:51.650,293721,293874,B,,20180518,730.01,93651650,200,146002.0
2018-05-18 09:36:51.790,293927,293874,S,,20180518,730.01,93651790,200,146002.0
2018-05-18 09:36:52.670,252508,294214,B,,20180518,730.52,93652670,300,219156.0
2018-05-18 09:36:53.030,294373,294214,S,,20180518,730.52,93653030,100,73052.0
2018-05-18 09:36:53.610,294572,293874,S,,20180518,730.01,93653610,100,73001.0
2018-05-18 09:36:55.040,240760,295053,B,,20180518,730.6,93655040,100,73060.0
2018-05-18 09:36:55.040,263086,295053,B,,20180518,730.6,93655040,100,73060.0
2018-05-18 09:36:55.040,239544,295053,B,,20180518,730.68,93655040,100,73068.0
2018-05-18 09:36:55.040,242463,295053,B,,20180518,730.68,93655040,200,146136.0
2018-05-18 09:36:55.660,244635,295247,B,,20180518,730.68,93655660,100,73068.0
2018-05-18 09:36:56.200,295458,295247,S,,20180518,730.68,93656200,100,73068.0
2018-05-18 09:36:57.240,295834,295525,S,,20180518,730.6,93657240,100,73060.0
2018-05-18 09:36:57.340,295874,295106,S,,20180518,730.03,93657340,100,73003.0
2018-05-18 09:36:57.340,295874,295217,S,,20180518,730.02,93657340,100,73002.0
2018-05-18 09:36:57.570,295834,295950,B,,20180518,730.5,93657570,100,73050.0
2018-05-18 09:36:57.570,239990,295950,B,,20180518,730.7,93657570,200,146140.0
2018-05-18 09:36:57.570,288651,295950,B,,20180518,730.99,93657570,2000,1461980.0
2018-05-18 09:36:57.570,57988,295950,B,,20180518,731.0,93657570,100,73100.0
2018-05-18 09:36:57.570,97730,295950,B,,20180518,731.0,93657570,200,146200.0
2018-05-18 09:36:57.570,189760,295950,B,,20180518,731.0,93657570,100,73100.0
2018-05-18 09:36:57.570,216918,295950,B,,20180518,731.0,93657570,500,365500.0
2018-05-18 09:36:57.570,234348,295950,B,,20180518,731.0,93657570,100,73100.0
2018-05-18 09:36:57.570,235411,295950,B,,20180518,731.0,93657570,500,365500.0
2018-05-18 09:36:57.570,236594,295950,B,,20180518,731.0,93657570,200,146200.0
2018-05-18 09:36:57.570,237017,295950,B,,20180518,731.0,93657570,100,73100.0
2018-05-18 09:36:57.570,237559,295950,B,,20180518,731.0,93657570,100,73100.0
2018-05-18 09:36:57.570,242687,295950,B,,20180518,731.0,93657570,100,73100.0
2018-05-18 09:36:57.570,243118,295950,B,,20180518,731.0,93657570,100,73100.0
2018-05-18 09:36:57.570,244911,295950,B,,20180518,731.0,93657570,100,73100.0
2018-05-18 09:36:57.570,248177,295950,B,,20180518,731.0,93657570,100,73100.0
2018-05-18 09:36:57.570,249837,295950,B,,20180518,731.0,93657570,100,73100.0
2018-05-18 09:36:57.570,253013,295950,B,,20180518,731.0,93657570,100,73100.0
2018-05-18 09:36:57.570,262812,295950,B,,20180518,731.0,93657570,100,73100.0
2018-05-18 09:36:57.570,263390,295950,B,,20180518,731.0,93657570,100,73100.0
2018-05-18 09:36:57.570,264309,295950,B,,20180518,731.0,93657570,600,438600.0
2018-05-18 09:36:57.570,267241,295950,B,,20180518,731.0,93657570,100,73100.0
2018-05-18 09:36:57.570,270486,295950,B,,20180518,731.0,93657570,100,73100.0
2018-05-18 09:36:57.980,296095,295950,S,,20180518,731.0,93657980,100,73100.0
2018-05-18 09:36:58.650,252114,296321,B,,20180518,731.01,93658650,100,73101.0
2018-05-18 09:36:58.990,296485,296342,S,,20180518,731.01,93658990,200,146202.0
2018-05-18 09:36:58.990,296486,296342,S,,20180518,731.01,93658990,200,146202.0
2018-05-18 09:36:59.120,296518,296342,S,,20180518,731.01,93659120,100,73101.0
2018-05-18 09:36:59.910,296783,296342,S,,20180518,731.01,93659910,100,73101.0
2018-05-18 09:36:59.910,296783,295950,S,,20180518,731.0,93659910,100,73100.0
2018-05-18 09:36:59.910,296783,296375,S,,20180518,730.52,93659910,200,146104.0
2018-05-18 09:36:59.910,296783,296107,S,,20180518,730.5,93659910,100,73050.0
2018-05-18 09:36:59.910,296783,296653,S,,20180518,730.5,93659910,100,73050.0
2018-05-18 09:36:59.910,296783,296505,S,,20180518,730.1,93659910,500,365050.0
2018-05-18 09:36:59.910,296783,295217,S,,20180518,730.02,93659910,200,146004.0
2018-05-18 09:37:00.940,283971,297139,B,,20180518,731.06,93700940,500,365530.0
2018-05-18 09:37:01.090,283971,297183,B,,20180518,731.06,93701090,100,73106.0
2018-05-18 09:37:02.030,297545,295217,S,,20180518,730.02,93702030,300,219006.0
2018-05-18 09:37:03.760,283971,298151,B,,20180518,731.06,93703760,300,219317.99999999997
2018-05-18 09:37:05.740,283971,298910,B,,20180518,731.06,93705740,100,73106.0
2018-05-18 09:37:05.740,297493,298910,B,,20180518,731.06,93705740,200,146212.0
2018-05-18 09:37:05.740,298687,298910,B,,20180518,731.2,93705740,200,146240.0
2018-05-18 09:37:05.740,73076,298910,B,,20180518,731.34,93705740,100,73134.0
2018-05-18 09:37:05.900,298960,297833,S,,20180518,730.6,93705900,100,73060.0
2018-05-18 09:37:07.900,298961,299715,B,,20180518,731.32,93707900,100,73132.0
2018-05-18 09:37:08.900,300079,299605,S,,20180518,731.06,93708900,100,73106.0
2018-05-18 09:37:09.350,300226,299605,S,,20180518,731.06,93709350,100,73106.0
2018-05-18 09:37:09.350,300226,299250,S,,20180518,731.01,93709350,100,73101.0
2018-05-18 09:37:09.350,300226,299662,S,,20180518,731.01,93709350,100,73101.0
2018-05-18 09:37:09.350,300226,299021,S,,20180518,731.0,93709350,200,146200.0
2018-05-18 09:37:09.820,300380,299663,S,,20180518,730.9,93709820,100,73090.0
2018-05-18 09:37:09.820,300380,297833,S,,20180518,730.6,93709820,100,73060.0
2018-05-18 09:37:09.820,300380,298557,S,,20180518,730.6,93709820,100,73060.0
2018-05-18 09:37:09.820,300380,299062,S,,20180518,730.6,93709820,100,73060.0
2018-05-18 09:37:09.820,300380,300269,S,,20180518,730.5,93709820,100,73050.0
2018-05-18 09:37:11.160,300921,300581,S,,20180518,731.06,93711160,100,73106.0
2018-05-18 09:37:11.900,298961,301151,B,,20180518,731.32,93711900,200,146264.0
2018-05-18 09:37:12.080,301229,300581,S,,20180518,731.06,93712080,300,219317.99999999997
2018-05-18 09:37:12.540,301439,300581,S,,20180518,731.06,93712540,100,73106.0
2018-05-18 09:37:14.000,300777,301945,B,,20180518,731.32,93714000,100,73132.0
2018-05-18 09:37:14.450,196304,302098,B,,20180518,731.39,93714450,100,73139.0
2018-05-18 09:37:14.450,241171,302098,B,,20180518,731.39,93714450,100,73139.0
2018-05-18 09:37:14.450,244118,302098,B,,20180518,731.43,93714450,100,73143.0
2018-05-18 09:37:14.450,300806,302098,B,,20180518,731.43,93714450,100,73143.0
2018-05-18 09:37:14.450,270915,302098,B,,20180518,731.5,93714450,100,73150.0
2018-05-18 09:37:14.450,237329,302098,B,,20180518,731.58,93714450,100,73158.0
2018-05-18 09:37:16.860,302183,303005,B,,20180518,731.76,93716860,300,219528.0
2018-05-18 09:37:17.140,303108,301945,S,,20180518,731.32,93717140,200,146264.0
2018-05-18 09:37:17.220,303140,301945,S,,20180518,731.32,93717220,100,73132.0
2018-05-18 09:37:17.220,303140,302114,S,,20180518,731.32,93717220,200,146264.0
2018-05-18 09:37:17.220,303140,302936,S,,20180518,731.32,93717220,100,73132.0
2018-05-18 09:37:18.300,303504,302936,S,,20180518,731.32,93718300,100,73132.0
2018-05-18 09:37:18.760,302183,303648,B,,20180518,731.76,93718760,100,73176.0
2018-05-18 09:37:18.990,303715,302936,S,,20180518,731.32,93718990,100,73132.0
2018-05-18 09:37:19.560,303905,302936,S,,20180518,731.32,93719560,100,73132.0
2018-05-18 09:37:20.310,302183,304204,B,,20180518,731.76,93720310,100,73176.0
2018-05-18 09:37:20.310,303075,304204,B,,20180518,731.76,93720310,200,146352.0
2018-05-18 09:37:20.310,297880,304204,B,,20180518,731.8,93720310,100,73180.0
2018-05-18 09:37:20.310,79470,304204,B,,20180518,731.86,93720310,100,73186.0
2018-05-18 09:37:20.440,304256,302990,S,,20180518,731.32,93720440,1000,731320.0
2018-05-18 09:37:20.440,304256,303522,S,,20180518,731.32,93720440,200,146264.0
2018-05-18 09:37:20.440,304256,300581,S,,20180518,731.06,93720440,100,73106.0
2018-05-18 09:37:20.440,304256,302487,S,,20180518,731.05,93720440,200,146210.0
2018-05-18 09:37:20.440,304256,303128,S,,20180518,731.0,93720440,100,73100.0
2018-05-18 09:37:20.990,304256,304490,B,,20180518,731.0,93720990,100,73100.0
2018-05-18 09:37:21.140,304256,304542,B,,20180518,731.0,93721140,100,73100.0
2018-05-18 09:37:21.340,304256,304607,B,,20180518,731.0,93721340,200,146200.0
2018-05-18 09:37:21.790,304256,304742,B,,20180518,731.0,93721790,100,73100.0
2018-05-18 09:37:22.880,305156,297995,S,,20180518,730.1,93722880,100,73010.0
2018-05-18 09:37:22.930,305156,305169,B,,20180518,730.1,93722930,100,73010.0
2018-05-18 09:37:24.950,305156,305907,B,,20180518,730.1,93724950,100,73010.0
2018-05-18 09:37:25.360,305266,306071,B,,20180518,730.1,93725360,100,73010.0
2018-05-18 09:37:25.410,306091,300580,S,,20180518,730.04,93725410,500,365020.0
2018-05-18 09:37:25.710,306092,306189,B,,20180518,730.1,93725710,200,146020.0
2018-05-18 09:37:26.880,304754,306640,B,,20180518,730.6,93726880,200,146120.0
2018-05-18 09:37:27.420,306551,306824,B,,20180518,731.32,93727420,100,73132.0
2018-05-18 09:37:29.470,306612,307575,B,,20180518,731.32,93729470,100,73132.0
2018-05-18 09:37:31.920,308472,307360,S,,20180518,731.1,93731920,100,73110.0
2018-05-18 09:37:33.680,309072,307360,S,,20180518,731.1,93733680,100,73110.0
2018-05-18 09:37:37.280,310354,307360,S,,20180518,731.1,93737280,100,73110.0
2018-05-18 09:37:37.810,310531,307360,S,,20180518,731.1,93737810,100,73110.0
2018-05-18 09:37:38.030,308401,310614,B,,20180518,731.3,93738030,100,73130.0
2018-05-18 09:37:39.400,308613,311113,B,,20180518,731.31,93739400,200,146262.0
2018-05-18 09:37:39.400,311120,310347,S,,20180518,731.1,93739400,100,73110.0
2018-05-18 09:37:40.110,311352,311127,S,,20180518,731.29,93740110,100,73129.0
2018-05-18 09:37:40.110,311352,311168,S,,20180518,731.2,93740110,100,73120.0
2018-05-18 09:37:40.110,311352,307200,S,,20180518,731.0,93740110,100,73100.0
2018-05-18 09:37:40.700,311553,309983,S,,20180518,731.0,93740700,100,73100.0
2018-05-18 09:37:41.790,311837,311978,B,,20180518,731.29,93741790,200,146258.0
2018-05-18 09:37:41.890,312017,311978,S,,20180518,731.3,93741890,200,146260.0
2018-05-18 09:37:42.370,312190,311978,S,,20180518,731.3,93742370,100,73130.0
2018-05-18 09:37:43.050,312443,311978,S,,20180518,731.3,93743050,200,146260.0
2018-05-18 09:37:43.960,312739,311978,S,,20180518,731.3,93743960,100,73130.0
2018-05-18 09:37:44.160,312814,311978,S,,20180518,731.3,93744160,200,146260.0
2018-05-18 09:37:44.590,308613,312961,B,,20180518,731.31,93744590,100,73131.0
2018-05-18 09:37:44.590,310608,312961,B,,20180518,731.32,93744590,100,73132.0
2018-05-18 09:37:45.950,313204,313466,B,,20180518,731.1,93745950,200,146220.0
2018-05-18 09:37:46.160,313263,313576,B,,20180518,731.1,93746160,100,73110.0
2018-05-18 09:37:46.910,313924,312429,S,,20180518,731.06,93746910,100,73106.0
2018-05-18 09:37:48.000,314021,314362,B,,20180518,730.6,93748000,100,73060.0
2018-05-18 09:37:48.280,314021,314481,B,,20180518,730.6,93748280,100,73060.0
2018-05-18 09:37:48.280,314101,314481,B,,20180518,731.06,93748280,200,146212.0
2018-05-18 09:37:48.280,313926,314481,B,,20180518,731.1,93748280,200,146220.0
2018-05-18 09:37:48.510,314222,314566,B,,20180518,731.1,93748510,100,73110.0
2018-05-18 09:37:48.910,314706,314566,S,,20180518,731.3,93748910,500,365650.0
2018-05-18 09:37:48.910,314706,312145,S,,20180518,730.16,93748910,100,73016.0
2018-05-18 09:37:49.040,314706,314750,B,,20180518,730.16,93749040,100,73016.0
2018-05-18 09:37:49.420,314706,314891,B,,20180518,730.16,93749420,1400,1022224.0
2018-05-18 09:37:49.620,314796,314958,B,,20180518,731.29,93749620,100,73129.0
2018-05-18 09:37:49.620,314874,314958,B,,20180518,731.3,93749620,100,73130.0
2018-05-18 09:37:49.620,314928,314958,B,,20180518,731.3,93749620,100,73130.0
2018-05-18 09:37:49.620,313676,314958,B,,20180518,731.31,93749620,100,73131.0
2018-05-18 09:37:49.620,310608,314958,B,,20180518,731.32,93749620,100,73132.0
2018-05-18 09:37:49.640,314969,314958,S,,20180518,731.36,93749640,100,73136.0
2018-05-18 09:37:51.150,315521,314958,S,,20180518,731.36,93751150,500,365680.0
2018-05-18 09:37:51.330,315584,314958,S,,20180518,731.36,93751330,100,73136.0
2018-05-18 09:37:51.620,315683,314958,S,,20180518,731.36,93751620,200,146272.0
2018-05-18 09:37:51.710,315714,314958,S,,20180518,731.36,93751710,100,73136.0
2018-05-18 09:37:52.410,315967,314958,S,,20180518,731.36,93752410,100,73136.0
2018-05-18 09:37:52.410,315967,315935,S,,20180518,731.31,93752410,300,219392.99999999997
2018-05-18 09:37:53.770,316478,315935,S,,20180518,731.31,93753770,200,146262.0
2018-05-18 09:37:53.770,316478,316023,S,,20180518,731.3,93753770,100,73130.0
2018-05-18 09:37:54.500,316478,316718,B,,20180518,731.1,93754500,200,146220.0
2018-05-18 09:37:55.620,316478,317074,B,,20180518,731.1,93755620,300,219330.0
2018-05-18 09:37:55.820,317147,314891,S,,20180518,731.0,93755820,400,292400.0
2018-05-18 09:37:56.220,316478,317308,B,,20180518,731.1,93756220,200,146220.0
2018-05-18 09:37:56.710,316478,317501,B,,20180518,731.1,93756710,100,73110.0
2018-05-18 09:37:58.760,316923,318231,B,,20180518,731.1,93758760,100,73110.0
2018-05-18 09:37:59.870,318639,314891,S,,20180518,731.0,93759870,200,146200.0
2018-05-18 09:38:00.730,318973,314891,S,,20180518,731.0,93800730,100,73100.0
2018-05-18 09:38:00.940,316923,319036,B,,20180518,731.1,93800940,100,73110.0
2018-05-18 09:38:01.810,317260,319355,B,,20180518,731.1,93801810,200,146220.0
2018-05-18 09:38:02.140,317260,319503,B,,20180518,731.1,93802140,100,73110.0
2018-05-18 09:38:03.760,320101,314891,S,,20180518,731.0,93803760,100,73100.0
2018-05-18 09:38:04.160,320039,320250,B,,20180518,731.08,93804160,200,146216.0
2018-05-18 09:38:04.160,317260,320250,B,,20180518,731.1,93804160,100,73110.0
2018-05-18 09:38:04.180,317260,320253,B,,20180518,731.1,93804180,100,73110.0
2018-05-18 09:38:04.180,317414,320253,B,,20180518,731.1,93804180,200,146220.0
2018-05-18 09:38:04.180,318979,320253,B,,20180518,731.1,93804180,300,219330.0
2018-05-18 09:38:04.180,319197,320253,B,,20180518,731.1,93804180,300,219330.0
2018-05-18 09:38:04.180,318886,320253,B,,20180518,731.2,93804180,100,73120.0
2018-05-18 09:38:04.180,318248,320253,B,,20180518,731.26,93804180,100,73126.0
2018-05-18 09:38:04.180,317026,320253,B,,20180518,731.3,93804180,200,146260.0
2018-05-18 09:38:04.180,317821,320253,B,,20180518,731.3,93804180,700,511909.99999999994
2018-05-18 09:38:05.240,320676,314891,S,,20180518,731.0,93805240,100,73100.0
2018-05-18 09:38:05.710,320855,314891,S,,20180518,731.0,93805710,400,292400.0
2018-05-18 09:38:05.710,320855,319858,S,,20180518,731.0,93805710,100,73100.0
2018-05-18 09:38:05.910,320918,320119,S,,20180518,731.0,93805910,1000,731000.0
2018-05-18 09:38:05.910,320918,320832,S,,20180518,731.0,93805910,100,73100.0
2018-05-18 09:38:06.520,320539,321137,B,,20180518,731.1,93806520,100,73110.0
2018-05-18 09:38:06.950,321211,321267,B,,20180518,731.0,93806950,200,146200.0
2018-05-18 09:38:06.950,320539,321267,B,,20180518,731.1,93806950,100,73110.0
2018-05-18 09:38:06.950,320563,321267,B,,20180518,731.1,93806950,100,73110.0
2018-05-18 09:38:07.930,321635,321267,S,,20180518,731.1,93807930,200,146220.0
2018-05-18 09:38:08.130,321718,321267,S,,20180518,731.1,93808130,100,73110.0
2018-05-18 09:38:08.920,321988,321267,S,,20180518,731.1,93808920,300,219330.0
2018-05-18 09:38:08.920,321988,321446,S,,20180518,731.1,93808920,100,73110.0
2018-05-18 09:38:10.400,322053,322549,B,,20180518,731.0,93810400,100,73100.0
2018-05-18 09:38:10.400,322146,322549,B,,20180518,731.0,93810400,100,73100.0
2018-05-18 09:38:10.400,322387,322549,B,,20180518,731.0,93810400,100,73100.0
2018-05-18 09:38:10.400,322414,322549,B,,20180518,731.0,93810400,100,73100.0
2018-05-18 09:38:10.400,317821,322549,B,,20180518,731.3,93810400,400,292520.0
2018-05-18 09:38:10.400,318012,322549,B,,20180518,731.3,93810400,100,73130.0
2018-05-18 09:38:10.400,319721,322549,B,,20180518,731.3,93810400,300,219390.0
2018-05-18 09:38:10.400,321374,322549,B,,20180518,731.3,93810400,100,73130.0
2018-05-18 09:38:10.400,317272,322549,B,,20180518,731.31,93810400,100,73131.0
2018-05-18 09:38:10.400,316235,322549,B,,20180518,731.32,93810400,100,73132.0
2018-05-18 09:38:10.400,320057,322549,B,,20180518,731.36,93810400,1000,731360.0
2018-05-18 09:38:10.910,322793,319717,S,,20180518,730.17,93810910,100,73017.0
2018-05-18 09:38:10.910,322793,317005,S,,20180518,730.16,93810910,100,73016.0
2018-05-18 09:38:10.910,322793,316171,S,,20180518,730.15,93810910,100,73015.0
2018-05-18 09:38:11.650,322793,323051,B,,20180518,730.12,93811650,200,146024.0
2018-05-18 09:38:13.790,323816,315468,S,,20180518,730.05,93813790,200,146010.0
2018-05-18 09:38:13.840,323816,323840,B,,20180518,730.05,93813840,100,73005.0
2018-05-18 09:38:13.860,323816,323856,B,,20180518,730.05,93813860,300,219015.0
2018-05-18 09:38:13.860,322793,323856,B,,20180518,730.12,93813860,200,146024.0
2018-05-18 09:38:13.860,322793,323857,B,,20180518,730.12,93813860,100,73012.0
2018-05-18 09:38:13.890,322793,323871,B,,20180518,730.12,93813890,100,73012.0
2018-05-18 09:38:13.890,322793,323877,B,,20180518,730.12,93813890,100,73012.0
2018-05-18 09:38:13.990,322793,323928,B,,20180518,730.12,93813990,100,73012.0
2018-05-18 09:38:14.070,322793,323950,B,,20180518,730.12,93814070,100,73012.0
2018-05-18 09:38:14.210,322793,324002,B,,20180518,730.12,93814210,100,73012.0
2018-05-18 09:38:14.210,323810,324002,B,,20180518,730.12,93814210,100,73012.0
2018-05-18 09:38:15.130,324312,324002,S,,20180518,730.12,93815130,100,73012.0
2018-05-18 09:38:15.130,324313,324002,S,,20180518,730.12,93815130,100,73012.0
2018-05-18 09:38:15.340,324423,324005,S,,20180518,730.12,93815340,100,73012.0
2018-05-18 09:38:15.860,324315,324608,B,,20180518,730.22,93815860,100,73022.0
2018-05-18 09:38:16.090,324348,324676,B,,20180518,730.22,93816090,100,73022.0
2018-05-18 09:38:16.470,322606,324803,B,,20180518,731.0,93816470,100,73100.0
2018-05-18 09:38:16.470,322680,324803,B,,20180518,731.0,93816470,100,73100.0
2018-05-18 09:38:16.470,322697,324803,B,,20180518,731.0,93816470,1100,804100.0
2018-05-18 09:38:16.470,323161,324803,B,,20180518,731.0,93816470,100,73100.0
2018-05-18 09:38:16.470,323184,324803,B,,20180518,731.0,93816470,600,438600.0
2018-05-18 09:38:16.850,323184,324918,B,,20180518,731.0,93816850,100,73100.0
2018-05-18 09:38:17.900,325306,300580,S,,20180518,730.04,93817900,500,365020.0
2018-05-18 09:38:19.490,324986,325876,B,,20180518,730.13,93819490,100,73013.0
2018-05-18 09:38:19.900,326066,325741,S,,20180518,730.12,93819900,100,73012.0
2018-05-18 09:38:20.840,326431,300580,S,,20180518,730.04,93820840,100,73004.0
2018-05-18 09:38:22.420,326066,327024,B,,20180518,730.09,93822420,100,73009.0
2018-05-18 09:38:22.420,324920,327024,B,,20180518,730.17,93822420,100,73017.0
2018-05-18 09:38:22.420,325846,327024,B,,20180518,730.17,93822420,100,73017.0
2018-05-18 09:38:22.420,325905,327024,B,,20180518,730.17,93822420,100,73017.0
2018-05-18 09:38:22.420,326316,327024,B,,20180518,730.87,93822420,100,73087.0
2018-05-18 09:38:22.420,326782,327024,B,,20180518,730.98,93822420,500,365490.0
2018-05-18 09:38:22.420,323184,327024,B,,20180518,731.0,93822420,400,292400.0
2018-05-18 09:38:22.420,323934,327024,B,,20180518,731.0,93822420,100,73100.0
2018-05-18 09:38:22.870,324339,327177,B,,20180518,731.0,93822870,100,73100.0
2018-05-18 09:38:22.870,324581,327177,B,,20180518,731.0,93822870,1100,804100.0
2018-05-18 09:38:22.870,325885,327177,B,,20180518,731.0,93822870,100,73100.0
2018-05-18 09:38:22.870,325897,327177,B,,20180518,731.0,93822870,100,73100.0
2018-05-18 09:38:22.870,326757,327177,B,,20180518,731.0,93822870,100,73100.0
2018-05-18 09:38:22.870,327176,327177,B,,20180518,731.0,93822870,500,365500.0
2018-05-18 09:38:23.880,327509,300580,S,,20180518,730.04,93823880,700,511028.0
2018-05-18 09:38:24.430,327703,300580,S,,20180518,730.04,93824430,100,73004.0
2018-05-18 09:38:25.180,327180,327966,B,,20180518,730.09,93825180,100,73009.0
2018-05-18 09:38:26.330,328392,300580,S,,20180518,730.04,93826330,600,438024.0
2018-05-18 09:38:26.420,328420,300580,S,,20180518,730.04,93826420,100,73004.0
2018-05-18 09:38:26.950,328608,300580,S,,20180518,730.04,93826950,900,657036.0
2018-05-18 09:38:27.230,327180,328736,B,,20180518,730.09,93827230,100,73009.0
2018-05-18 09:38:27.230,328069,328736,B,,20180518,730.42,93827230,800,584336.0
2018-05-18 09:38:27.230,327176,328736,B,,20180518,731.0,93827230,4100,2997100.0
2018-05-18 09:38:29.880,329586,328924,S,,20180518,730.11,93829880,100,73011.0
2018-05-18 09:38:29.880,329586,300580,S,,20180518,730.04,93829880,700,511028.0
2018-05-18 09:38:29.880,329586,325256,S,,20180518,730.04,93829880,200,146008.0
2018-05-18 09:38:29.880,329586,297372,S,,20180518,730.02,93829880,100,73002.0
2018-05-18 09:38:29.880,329586,294806,S,,20180518,730.01,93829880,700,511007.0
2018-05-18 09:38:29.880,329586,297987,S,,20180518,730.01,93829880,100,73001.0
2018-05-18 09:38:29.880,329586,295695,S,,20180518,730.0,93829880,100,73000.0
2018-05-18 09:38:29.880,329586,306522,S,,20180518,730.0,93829880,300,219000.0
2018-05-18 09:38:29.880,329586,309472,S,,20180518,730.0,93829880,100,73000.0
2018-05-18 09:38:31.650,330147,315813,S,,20180518,730.0,93831650,100,73000.0
2018-05-18 09:38:32.040,330272,321093,S,,20180518,730.0,93832040,100,73000.0
2018-05-18 09:38:32.640,330282,330485,B,,20180518,730.0,93832640,400,292000.0
2018-05-18 09:38:33.880,330093,330863,B,,20180518,730.04,93833880,100,73004.0
2018-05-18 09:38:33.880,330645,330863,B,,20180518,730.04,93833880,100,73004.0
2018-05-18 09:38:35.790,330645,331492,B,,20180518,730.04,93835790,100,73004.0
2018-05-18 09:38:36.370,331669,330485,S,,20180518,730.0,93836370,300,219000.0
2018-05-18 09:38:36.610,331763,330485,S,,20180518,730.0,93836610,1300,949000.0
2018-05-18 09:38:36.610,331763,331771,B,,20180518,730.0,93836610,500,365000.0
2018-05-18 09:38:37.700,332135,300020,S,,20180518,729.99,93837700,100,72999.0
2018-05-18 09:38:38.980,332553,293852,S,,20180518,729.95,93838980,100,72995.0
2018-05-18 09:38:40.190,332935,297373,S,,20180518,729.91,93840190,100,72991.0
2018-05-18 09:38:40.540,332951,333072,B,,20180518,729.91,93840540,100,72991.0
2018-05-18 09:38:40.540,332553,333072,B,,20180518,729.95,93840540,700,510965.00000000006
2018-05-18 09:38:40.640,333098,299041,S,,20180518,729.88,93840640,100,72988.0
2018-05-18 09:38:41.890,333114,333505,B,,20180518,729.88,93841890,100,72988.0
2018-05-18 09:38:42.390,333675,292086,S,,20180518,729.85,93842390,100,72985.0
2018-05-18 09:38:42.900,333133,333834,B,,20180518,729.91,93842900,100,72991.0
2018-05-18 09:38:43.910,334169,285479,S,,20180518,729.0,93843910,100,72900.0
2018-05-18 09:38:44.310,334287,334086,S,,20180518,729.0,93844310,200,145800.0
2018-05-18 09:38:46.370,333939,334995,B,,20180518,729.46,93846370,200,145892.0
2018-05-18 09:38:46.370,334081,334995,B,,20180518,729.46,93846370,200,145892.0
2018-05-18 09:38:48.160,335633,335606,S,,20180518,729.95,93848160,200,145990.0
2018-05-18 09:38:48.440,335718,334995,S,,20180518,729.91,93848440,100,72991.0
2018-05-18 09:38:48.690,335718,335796,B,,20180518,729.85,93848690,300,218955.0
2018-05-18 09:38:48.800,332144,335821,B,,20180518,729.99,93848800,100,72999.0
2018-05-18 09:38:48.800,334012,335821,B,,20180518,729.99,93848800,100,72999.0
2018-05-18 09:38:48.800,331763,335821,B,,20180518,730.0,93848800,200,146000.0
2018-05-18 09:38:48.910,335866,335796,S,,20180518,729.9,93848910,200,145980.0
2018-05-18 09:38:49.090,335902,335935,B,,20180518,729.88,93849090,100,72988.0
2018-05-18 09:38:49.090,335822,335935,B,,20180518,729.91,93849090,100,72991.0
2018-05-18 09:38:49.090,331763,335935,B,,20180518,730.0,93849090,3000,2190000.0
2018-05-18 09:38:49.090,331788,335935,B,,20180518,730.0,93849090,100,73000.0
2018-05-18 09:38:49.090,333367,335935,B,,20180518,730.0,93849090,100,73000.0
2018-05-18 09:38:49.090,333825,335935,B,,20180518,730.0,93849090,100,73000.0
2018-05-18 09:38:49.090,333840,335935,B,,20180518,730.0,93849090,100,73000.0
2018-05-18 09:38:49.920,336213,335935,S,,20180518,730.0,93849920,200,146000.0
2018-05-18 09:38:51.000,336600,335935,S,,20180518,730.0,93851000,200,146000.0
2018-05-18 09:38:52.460,336992,334086,S,,20180518,729.0,93852460,1800,1312200.0
2018-05-18 09:38:52.870,337130,290754,S,,20180518,728.97,93852870,100,72897.0
2018-05-18 09:38:53.860,337130,337430,B,,20180518,728.95,93853860,1500,1093425.0
2018-05-18 09:38:53.860,337351,337430,B,,20180518,728.95,93853860,200,145790.0
2018-05-18 09:38:53.860,336992,337430,B,,20180518,729.0,93853860,600,437400.0
2018-05-18 09:38:53.860,337231,337430,B,,20180518,729.0,93853860,100,72900.0
2018-05-18 09:38:53.860,337364,337430,B,,20180518,729.85,93853860,100,72985.0
2018-05-18 09:38:53.860,337131,337430,B,,20180518,729.86,93853860,200,145972.0
2018-05-18 09:38:54.170,337462,337511,B,,20180518,729.0,93854170,100,72900.0
2018-05-18 09:38:56.890,338296,337547,S,,20180518,729.0,93856890,100,72900.0
2018-05-18 09:38:57.250,338296,338395,B,,20180518,729.0,93857250,100,72900.0
2018-05-18 09:38:57.980,338296,338640,B,,20180518,729.0,93857980,500,364500.0
2018-05-18 09:38:58.030,338649,319240,S,,20180518,728.2,93858030,200,145640.0
2018-05-18 09:38:59.000,338649,339026,B,,20180518,728.2,93859000,100,72820.0
2018-05-18 09:38:59.590,339196,336354,S,,20180518,728.12,93859590,100,72812.0
2018-05-18 09:38:59.890,338649,339294,B,,20180518,728.2,93859890,500,364100.0
2018-05-18 09:39:03.210,338917,340343,B,,20180518,729.0,93903210,100,72900.0
2018-05-18 09:39:03.660,338987,340487,B,,20180518,729.0,93903660,100,72900.0
2018-05-18 09:39:03.890,338987,340551,B,,20180518,729.0,93903890,100,72900.0
2018-05-18 09:39:07.150,341585,340625,S,,20180518,729.0,93907150,100,72900.0
2018-05-18 09:39:07.250,339765,341624,B,,20180518,729.85,93907250,100,72985.0
2018-05-18 09:39:10.690,342614,342116,S,,20180518,729.46,93910690,300,218838.0
2018-05-18 09:39:10.690,342614,341235,S,,20180518,729.0,93910690,100,72900.0
