,AskOrder,BidOrder,BSFlags,FunctionCode,Date,Price,Time,Volume,Amount
2018-05-17 09:24:59.870,70651,96229,B,,20180517,735.12,92459870,5000,3675600.0
2018-05-17 09:24:59.870,76429,96229,B,,20180517,735.12,92459870,3000,2205360.0
2018-05-17 09:24:59.870,76429,62297,S,,20180517,735.12,92459870,100,73512.0
2018-05-17 09:24:59.870,76429,62298,S,,20180517,735.12,92459870,100,73512.0
2018-05-17 09:24:59.870,76429,62299,S,,20180517,735.12,92459870,100,73512.0
2018-05-17 09:24:59.870,76429,27070,S,,20180517,735.12,92459870,100,73512.0
2018-05-17 09:24:59.870,76429,27071,S,,20180517,735.12,92459870,100,73512.0
2018-05-17 09:24:59.870,76429,65466,S,,20180517,735.12,92459870,1500,1102680.0
2018-05-17 09:24:59.870,76429,77976,B,,20180517,735.12,92459870,600,441072.0
2018-05-17 09:24:59.870,76429,82884,B,,20180517,735.12,92459870,100,73512.0
2018-05-17 09:24:59.870,75069,82884,B,,20180517,735.12,92459870,200,147024.0
2018-05-17 09:24:59.870,75069,88461,B,,20180517,735.12,92459870,200,147024.0
2018-05-17 09:24:59.870,88947,91979,B,,20180517,735.12,92459870,300,220536.0
2018-05-17 09:24:59.870,88947,95217,B,,20180517,735.12,92459870,300,220536.0
2018-05-17 09:24:59.870,88947,96411,B,,20180517,735.12,92459870,100,73512.0
2018-05-17 09:24:59.870,91525,96411,B,,20180517,735.12,92459870,100,73512.0
2018-05-17 09:24:59.870,92382,96411,B,,20180517,735.12,92459870,100,73512.0
2018-05-17 09:24:59.870,93166,97948,B,,20180517,735.12,92459870,200,147024.0
2018-05-17 09:24:59.870,95460,97948,B,,20180517,735.12,92459870,100,73512.0
2018-05-17 09:24:59.870,95460,95186,S,,20180517,735.12,92459870,300,220536.0
2018-05-17 09:24:59.870,95460,71697,S,,20180517,735.12,92459870,100,73512.0
2018-05-17 09:24:59.870,26136,75068,B,,20180517,735.12,92459870,100,73512.0
2018-05-17 09:24:59.870,96944,75068,S,,20180517,735.12,92459870,700,514584.0
2018-05-17 09:24:59.870,26127,49015,B,,20180517,735.12,92459870,200,147024.0
2018-05-17 09:24:59.870,26129,88264,B,,20180517,735.12,92459870,100,73512.0
2018-05-17 09:24:59.870,26129,98591,B,,20180517,735.12,92459870,100,73512.0
2018-05-17 09:24:59.870,82577,26137,S,,20180517,735.12,92459870,800,588096.0
2018-05-17 09:24:59.870,82577,26138,S,,20180517,735.12,92459870,200,147024.0
2018-05-17 09:24:59.870,20058,26138,B,,20180517,735.12,92459870,100,73512.0
2018-05-17 09:24:59.870,67253,26138,S,,20180517,735.12,92459870,100,73512.0
2018-05-17 09:24:59.870,78839,26138,S,,20180517,735.12,92459870,400,294048.0
2018-05-17 09:24:59.870,78839,75911,S,,20180517,735.12,92459870,400,294048.0
2018-05-17 09:24:59.870,93772,76212,S,,20180517,735.12,92459870,200,147024.0
2018-05-17 09:24:59.870,96007,77820,S,,20180517,735.12,92459870,200,147024.0
2018-05-17 09:24:59.870,85750,77820,S,,20180517,735.12,92459870,100,73512.0
2018-05-17 09:24:59.870,76331,77820,B,,20180517,735.12,92459870,100,73512.0
2018-05-17 09:24:59.870,77623,77820,B,,20180517,735.12,92459870,300,220536.0
2018-05-17 09:24:59.870,77623,82889,B,,20180517,735.12,92459870,400,294048.0
2018-05-17 09:24:59.870,77623,86658,B,,20180517,735.12,92459870,200,147024.0
2018-05-17 09:24:59.870,77623,88474,B,,20180517,735.12,92459870,300,220536.0
2018-05-17 09:24:59.870,77623,92273,B,,20180517,735.12,92459870,300,220536.0
2018-05-17 09:24:59.870,77623,95236,B,,20180517,735.12,92459870,400,294048.0
2018-05-17 09:24:59.870,77623,96425,B,,20180517,735.12,92459870,400,294048.0
2018-05-17 09:24:59.870,77623,83474,B,,20180517,735.12,92459870,100,73512.0
2018-05-17 09:24:59.870,77623,82778,B,,20180517,735.12,92459870,400,294048.0
2018-05-17 09:24:59.870,77623,81314,B,,20180517,735.12,92459870,200,147024.0
2018-05-17 09:24:59.870,83088,66320,S,,20180517,735.12,92459870,100,73512.0
2018-05-17 09:24:59.870,84329,66320,S,,20180517,735.12,92459870,100,73512.0
2018-05-17 09:24:59.870,89695,66320,S,,20180517,735.12,92459870,200,147024.0
2018-05-17 09:24:59.870,73368,66320,S,,20180517,735.12,92459870,400,294048.0
2018-05-17 09:24:59.870,73368,89323,B,,20180517,735.12,92459870,300,220536.0
2018-05-17 09:24:59.870,33248,89323,B,,20180517,735.12,92459870,200,147024.0
2018-05-17 09:24:59.870,33248,40118,B,,20180517,735.12,92459870,100,73512.0
2018-05-17 09:24:59.870,33248,51311,B,,20180517,735.12,92459870,100,73512.0
2018-05-17 09:24:59.870,33248,78222,B,,20180517,735.12,92459870,200,147024.0
2018-05-17 09:24:59.870,91811,78222,S,,20180517,735.12,92459870,100,73512.0
2018-05-17 09:24:59.870,91811,73112,S,,20180517,735.12,92459870,100,73512.0
2018-05-17 09:24:59.870,94345,95335,B,,20180517,735.12,92459870,100,73512.0
2018-05-17 09:24:59.870,94345,98569,B,,20180517,735.12,92459870,100,73512.0
2018-05-17 09:24:59.870,94345,98136,B,,20180517,735.12,92459870,100,73512.0
2018-05-17 09:24:59.870,94345,98182,B,,20180517,735.12,92459870,100,73512.0
2018-05-17 09:24:59.870,94345,98519,B,,20180517,735.12,92459870,200,147024.0
2018-05-17 09:24:59.870,94345,95999,B,,20180517,735.12,92459870,100,73512.0
2018-05-17 09:24:59.870,94345,94688,B,,20180517,735.12,92459870,100,73512.0
2018-05-17 09:24:59.870,94345,99261,B,,20180517,735.12,92459870,100,73512.0
2018-05-17 09:24:59.870,94345,99160,B,,20180517,735.12,92459870,600,441072.0
2018-05-17 09:24:59.870,93350,99160,B,,20180517,735.12,92459870,400,294048.0
2018-05-17 09:24:59.870,93350,98260,B,,20180517,735.12,92459870,100,73512.0
2018-05-17 09:24:59.870,97466,98260,B,,20180517,735.12,92459870,100,73512.0
2018-05-17 09:24:59.870,97466,99101,B,,20180517,735.12,92459870,400,294048.0
2018-05-17 09:24:59.870,99300,99101,S,,20180517,735.12,92459870,500,367560.0
2018-05-17 09:24:59.870,48149,99101,B,,20180517,735.12,92459870,100,73512.0
2018-05-17 09:24:59.870,26181,99101,B,,20180517,735.12,92459870,250,183780.0
2018-05-17 09:24:59.870,47445,99101,B,,20180517,735.12,92459870,100,73512.0
2018-05-17 09:24:59.870,50221,99101,B,,20180517,735.12,92459870,600,441072.0
2018-05-17 09:24:59.870,33247,99101,B,,20180517,735.12,92459870,400,294048.0
2018-05-17 09:29:59.210,38873,100434,B,,20180517,735.77,92959210,100,73577.0
2018-05-17 09:29:59.350,101156,100159,S,,20180517,735.15,92959350,100,73515.0
2018-05-17 09:29:59.350,101156,99101,S,,20180517,735.12,92959350,100,73512.0
2018-05-17 09:29:59.430,101730,99101,S,,20180517,735.12,92959430,100,73512.0
2018-05-17 09:29:59.430,38873,101749,B,,20180517,735.77,92959430,100,73577.0
2018-05-17 09:29:59.580,38873,103109,B,,20180517,735.77,92959580,100,73577.0
2018-05-17 09:29:59.620,103899,103109,S,,20180517,735.77,92959620,100,73577.0
2018-05-17 09:30:00.060,109558,104624,S,,20180517,736.0,93000060,300,220800.0
2018-05-17 09:30:00.060,109558,103109,S,,20180517,735.77,93000060,300,220731.0
2018-05-17 09:30:00.060,109558,103317,S,,20180517,735.77,93000060,100,73577.0
2018-05-17 09:30:00.060,109558,104865,S,,20180517,735.77,93000060,500,367885.0
2018-05-17 09:30:00.060,109558,106626,S,,20180517,735.77,93000060,200,147154.0
2018-05-17 09:30:00.060,109558,107907,S,,20180517,735.77,93000060,100,73577.0
2018-05-17 09:30:00.060,109558,104236,S,,20180517,735.5,93000060,200,147100.0
2018-05-17 09:30:00.060,109558,102889,S,,20180517,735.2,93000060,100,73520.0
2018-05-17 09:30:00.060,109558,104781,S,,20180517,735.13,93000060,100,73513.0
2018-05-17 09:30:00.060,109558,99101,S,,20180517,735.12,93000060,1200,882144.0
2018-05-17 09:30:00.170,111068,110611,S,,20180517,735.77,93000170,100,73577.0
2018-05-17 09:30:00.170,111068,111026,S,,20180517,735.77,93000170,100,73577.0
2018-05-17 09:30:00.210,111958,110315,S,,20180517,735.2,93000210,200,147040.0
2018-05-17 09:30:00.260,111744,112037,B,,20180517,735.5,93000260,100,73550.0
2018-05-17 09:30:00.290,111744,112419,B,,20180517,735.5,93000290,100,73550.0
2018-05-17 09:30:00.290,112608,99101,S,,20180517,735.12,93000290,400,294048.0
2018-05-17 09:30:00.320,111744,112653,B,,20180517,735.5,93000320,100,73550.0
2018-05-17 09:30:00.390,113844,112879,S,,20180517,735.27,93000390,100,73527.0
2018-05-17 09:30:00.390,111744,113879,B,,20180517,735.5,93000390,600,441300.0
2018-05-17 09:30:00.540,111744,115432,B,,20180517,735.5,93000540,200,147100.0
2018-05-17 09:30:00.810,111744,117397,B,,20180517,735.5,93000810,100,73550.0
2018-05-17 09:30:00.870,113498,117704,B,,20180517,735.75,93000870,100,73575.0
2018-05-17 09:30:01.060,113498,118977,B,,20180517,735.75,93001060,100,73575.0
2018-05-17 09:30:01.090,113498,119480,B,,20180517,735.75,93001090,100,73575.0
2018-05-17 09:30:01.130,120002,119480,S,,20180517,735.77,93001130,600,441462.0
2018-05-17 09:30:01.330,121509,119480,S,,20180517,735.77,93001330,100,73577.0
2018-05-17 09:30:01.330,122540,119480,S,,20180517,735.77,93001330,300,220731.0
2018-05-17 09:30:01.330,122542,119480,S,,20180517,735.77,93001330,300,220731.0
2018-05-17 09:30:01.330,122544,119480,S,,20180517,735.77,93001330,100,73577.0
2018-05-17 09:30:01.330,122541,122546,B,,20180517,735.79,93001330,100,73579.0
2018-05-17 09:30:01.440,114608,124451,B,,20180517,736.5,93001440,100,73650.0
2018-05-17 09:30:01.660,124714,126494,B,,20180517,736.0,93001660,100,73600.0
2018-05-17 09:30:01.890,124714,129796,B,,20180517,736.0,93001890,100,73600.0
2018-05-17 09:30:01.970,130766,119480,S,,20180517,735.77,93001970,100,73577.0
2018-05-17 09:30:02.010,127094,131364,B,,20180517,736.0,93002010,100,73600.0
2018-05-17 09:30:02.080,132262,131425,S,,20180517,735.84,93002080,100,73584.0
2018-05-17 09:30:02.080,132263,119480,S,,20180517,735.77,93002080,200,147154.0
2018-05-17 09:30:02.080,132264,119480,S,,20180517,735.77,93002080,100,73577.0
2018-05-17 09:30:02.080,133682,119480,S,,20180517,735.77,93002080,100,73577.0
2018-05-17 09:30:02.080,133682,122942,S,,20180517,735.77,93002080,300,220731.0
2018-05-17 09:30:02.080,127094,133716,B,,20180517,736.0,93002080,100,73600.0
2018-05-17 09:30:02.400,137462,122942,S,,20180517,735.77,93002400,200,147154.0
2018-05-17 09:30:02.400,137462,123092,S,,20180517,735.77,93002400,200,147154.0
2018-05-17 09:30:02.400,137466,123092,S,,20180517,735.77,93002400,100,73577.0
2018-05-17 09:30:02.440,127094,137586,B,,20180517,736.0,93002440,100,73600.0
2018-05-17 09:30:02.480,127094,137955,B,,20180517,736.0,93002480,200,147200.0
2018-05-17 09:30:02.480,138109,123092,S,,20180517,735.77,93002480,100,73577.0
2018-05-17 09:30:02.930,127094,141241,B,,20180517,736.0,93002930,200,147200.0
2018-05-17 09:30:03.010,127094,141569,B,,20180517,736.0,93003010,100,73600.0
2018-05-17 09:30:03.510,143500,123162,S,,20180517,735.77,93003510,100,73577.0
2018-05-17 09:30:03.510,143500,124064,S,,20180517,735.77,93003510,200,147154.0
2018-05-17 09:30:03.510,143500,124179,S,,20180517,735.77,93003510,300,220731.0
2018-05-17 09:30:03.870,127094,144438,B,,20180517,736.0,93003870,200,147200.0
2018-05-17 09:30:04.830,145719,126560,S,,20180517,735.77,93004830,100,73577.0
2018-05-17 09:30:04.830,145719,127157,S,,20180517,735.77,93004830,100,73577.0
2018-05-17 09:30:05.110,127094,146158,B,,20180517,736.0,93005110,200,147200.0
2018-05-17 09:30:05.230,127094,146275,B,,20180517,736.0,93005230,100,73600.0
2018-05-17 09:30:05.470,127094,146406,B,,20180517,736.0,93005470,200,147200.0
2018-05-17 09:30:05.470,142350,146406,B,,20180517,736.0,93005470,100,73600.0
2018-05-17 09:30:05.470,133275,146406,B,,20180517,736.8,93005470,200,147360.0
2018-05-17 09:30:08.170,133275,147779,B,,20180517,736.8,93008170,100,73680.0
2018-05-17 09:30:10.190,148460,147319,S,,20180517,736.0,93010190,500,368000.0
2018-05-17 09:30:10.190,148460,147320,S,,20180517,736.0,93010190,600,441600.0
2018-05-17 09:30:10.190,148460,147321,S,,20180517,736.0,93010190,200,147200.0
2018-05-17 09:30:10.190,148460,147369,S,,20180517,736.0,93010190,400,294400.0
2018-05-17 09:30:10.190,148460,147638,S,,20180517,736.0,93010190,300,220800.0
2018-05-17 09:30:10.190,148460,147674,S,,20180517,736.0,93010190,300,220800.0
2018-05-17 09:30:10.190,148460,148372,S,,20180517,736.0,93010190,100,73600.0
2018-05-17 09:30:10.190,148460,146278,S,,20180517,735.88,93010190,200,147176.0
2018-05-17 09:30:10.190,148460,146792,S,,20180517,735.88,93010190,200,147176.0
2018-05-17 09:30:10.190,148460,128199,S,,20180517,735.77,93010190,100,73577.0
2018-05-17 09:30:10.190,148460,128457,S,,20180517,735.77,93010190,100,73577.0
2018-05-17 09:30:10.190,148460,128835,S,,20180517,735.77,93010190,300,220731.0
2018-05-17 09:30:10.240,148473,131055,S,,20180517,735.77,93010240,300,220731.0
2018-05-17 09:30:10.240,148473,132867,S,,20180517,735.77,93010240,100,73577.0
2018-05-17 09:30:10.240,148473,133252,S,,20180517,735.77,93010240,100,73577.0
2018-05-17 09:30:10.240,148473,136184,S,,20180517,735.77,93010240,100,73577.0
2018-05-17 09:30:10.240,148473,137548,S,,20180517,735.77,93010240,100,73577.0
2018-05-17 09:30:10.240,148473,137978,S,,20180517,735.77,93010240,100,73577.0
2018-05-17 09:30:10.240,148473,132629,S,,20180517,735.6,93010240,100,73560.0
2018-05-17 09:30:10.240,148473,125228,S,,20180517,735.5,93010240,400,294200.0
2018-05-17 09:30:10.240,148473,130017,S,,20180517,735.41,93010240,200,147082.0
2018-05-17 09:30:10.240,148473,138810,S,,20180517,735.28,93010240,100,73528.0
2018-05-17 09:30:10.240,148473,112879,S,,20180517,735.27,93010240,100,73527.0
2018-05-17 09:30:10.240,148473,115890,S,,20180517,735.22,93010240,200,147044.0
2018-05-17 09:30:10.240,148473,126060,S,,20180517,735.22,93010240,100,73522.0
2018-05-17 09:30:10.240,148473,115895,S,,20180517,735.2,93010240,100,73520.0
2018-05-17 09:30:10.240,148473,145036,S,,20180517,735.2,93010240,100,73520.0
2018-05-17 09:30:10.240,148473,146339,S,,20180517,735.2,93010240,100,73520.0
2018-05-17 09:30:10.240,148473,146365,S,,20180517,735.2,93010240,200,147040.0
2018-05-17 09:30:10.240,148473,133995,S,,20180517,735.18,93010240,100,73518.0
2018-05-17 09:30:10.240,148473,121233,S,,20180517,735.16,93010240,100,73516.0
2018-05-17 09:30:10.240,148473,131260,S,,20180517,735.16,93010240,100,73516.0
2018-05-17 09:30:10.240,148473,124103,S,,20180517,735.15,93010240,100,73515.0
2018-05-17 09:30:10.240,148473,128683,S,,20180517,735.15,93010240,100,73515.0
2018-05-17 09:30:10.240,148473,130215,S,,20180517,735.14,93010240,700,514598.0
2018-05-17 09:30:10.240,148474,115668,S,,20180517,735.13,93010240,100,73513.0
2018-05-17 09:30:10.240,148474,116560,S,,20180517,735.13,93010240,100,73513.0
2018-05-17 09:30:10.240,148474,120801,S,,20180517,735.13,93010240,100,73513.0
2018-05-17 09:30:10.240,148474,134590,S,,20180517,735.13,93010240,100,73513.0
2018-05-17 09:30:10.240,148474,138104,S,,20180517,735.13,93010240,100,73513.0
2018-05-17 09:30:10.240,148474,140861,S,,20180517,735.13,93010240,100,73513.0
2018-05-17 09:30:10.240,148474,145167,S,,20180517,735.13,93010240,200,147026.0
2018-05-17 09:30:10.240,148474,99101,S,,20180517,735.12,93010240,100,73512.0
2018-05-17 09:30:10.480,148184,148545,B,,20180517,736.8,93010480,500,368400.0
2018-05-17 09:30:10.480,137718,148545,B,,20180517,736.88,93010480,600,442128.0
2018-05-17 09:30:11.660,130799,148840,B,,20180517,736.9,93011660,400,294760.0
2018-05-17 09:30:11.880,148891,148840,S,,20180517,736.9,93011880,200,147380.0
2018-05-17 09:30:12.170,111058,148973,B,,20180517,737.0,93012170,200,147400.0
2018-05-17 09:30:12.510,149069,148840,S,,20180517,736.9,93012510,100,73690.0
2018-05-17 09:30:12.530,149072,148840,S,,20180517,736.9,93012530,100,73690.0
2018-05-17 09:30:12.560,149073,148852,S,,20180517,736.9,93012560,100,73690.0
2018-05-17 09:30:12.560,149075,148852,S,,20180517,736.9,93012560,100,73690.0
2018-05-17 09:30:12.620,149093,148852,S,,20180517,736.9,93012620,100,73690.0
2018-05-17 09:30:12.750,149134,148852,S,,20180517,736.9,93012750,100,73690.0
2018-05-17 09:30:13.120,149233,148545,S,,20180517,736.88,93013120,100,73688.0
2018-05-17 09:30:13.180,149258,148545,S,,20180517,736.88,93013180,100,73688.0
2018-05-17 09:30:14.750,118766,149764,B,,20180517,737.0,93014750,500,368500.0
2018-05-17 09:30:14.750,120103,149764,B,,20180517,737.0,93014750,100,73700.0
2018-05-17 09:30:14.750,121490,149764,B,,20180517,737.0,93014750,100,73700.0
2018-05-17 09:30:14.910,149817,149818,B,,20180517,737.0,93014910,200,147400.0
2018-05-17 09:30:16.960,150510,149818,S,,20180517,737.0,93016960,1600,1179200.0
2018-05-17 09:30:16.960,150510,150075,S,,20180517,737.0,93016960,900,663300.0
2018-05-17 09:30:17.600,103975,150719,B,,20180517,737.15,93017600,100,73715.0
2018-05-17 09:30:17.600,150418,150719,B,,20180517,737.15,93017600,100,73715.0
2018-05-17 09:30:19.400,151348,150780,S,,20180517,737.15,93019400,100,73715.0
2018-05-17 09:30:20.800,131131,151892,B,,20180517,737.18,93020800,100,73718.0
2018-05-17 09:30:20.800,151522,151892,B,,20180517,737.18,93020800,100,73718.0
2018-05-17 09:30:21.360,152055,152080,B,,20180517,737.17,93021360,100,73717.0
2018-05-17 09:30:21.620,152171,150780,S,,20180517,737.15,93021620,100,73715.0
2018-05-17 09:30:21.620,152171,150075,S,,20180517,737.0,93021620,200,147400.0
2018-05-17 09:30:22.120,152378,152198,S,,20180517,737.17,93022120,100,73717.0
2018-05-17 09:30:22.120,152378,152278,S,,20180517,737.15,93022120,100,73715.0
2018-05-17 09:30:22.120,152378,150075,S,,20180517,737.0,93022120,200,147400.0
2018-05-17 09:30:22.120,152378,150090,S,,20180517,737.0,93022120,1200,884400.0
2018-05-17 09:30:22.120,152378,150580,S,,20180517,737.0,93022120,100,73700.0
2018-05-17 09:30:22.120,152378,150756,S,,20180517,737.0,93022120,300,221100.0
2018-05-17 09:30:22.200,152402,151294,S,,20180517,737.0,93022200,100,73700.0
2018-05-17 09:30:22.760,152570,151295,S,,20180517,737.0,93022760,100,73700.0
2018-05-17 09:30:22.850,152570,152605,B,,20180517,737.0,93022850,100,73700.0
2018-05-17 09:30:23.290,152570,152763,B,,20180517,737.0,93023290,700,515900.0
2018-05-17 09:30:23.770,152570,152927,B,,20180517,737.0,93023770,100,73700.0
2018-05-17 09:30:24.030,153046,152969,S,,20180517,737.18,93024030,100,73718.0
2018-05-17 09:30:24.180,153090,152969,S,,20180517,737.18,93024180,300,221153.99999999997
2018-05-17 09:30:24.180,153090,152928,S,,20180517,737.0,93024180,200,147400.0
2018-05-17 09:30:24.520,138232,153211,B,,20180517,737.2,93024520,100,73720.0
2018-05-17 09:30:26.330,153840,153456,S,,20180517,737.15,93026330,100,73715.0
2018-05-17 09:30:26.380,153868,152928,S,,20180517,737.0,93026380,200,147400.0
2018-05-17 09:30:27.080,138232,154126,B,,20180517,737.2,93027080,100,73720.0
2018-05-17 09:30:27.080,149433,154126,B,,20180517,737.2,93027080,100,73720.0
2018-05-17 09:30:28.010,154530,154466,S,,20180517,737.2,93028010,100,73720.0
2018-05-17 09:30:28.070,154550,154466,S,,20180517,737.2,93028070,100,73720.0
2018-05-17 09:30:28.070,154550,154462,S,,20180517,737.18,93028070,100,73718.0
2018-05-17 09:30:29.240,155005,154462,S,,20180517,737.18,93029240,200,147436.0
2018-05-17 09:30:29.240,155005,152928,S,,20180517,737.0,93029240,100,73700.0
2018-05-17 09:30:29.520,155127,152928,S,,20180517,737.0,93029520,300,221100.0
2018-05-17 09:30:29.650,155178,152928,S,,20180517,737.0,93029650,500,368500.0
2018-05-17 09:30:29.650,155178,152929,S,,20180517,737.0,93029650,200,147400.0
2018-05-17 09:30:29.650,155178,152930,S,,20180517,737.0,93029650,200,147400.0
2018-05-17 09:30:29.650,155178,152931,S,,20180517,737.0,93029650,300,221100.0
2018-05-17 09:30:29.650,155178,152932,S,,20180517,737.0,93029650,100,73700.0
2018-05-17 09:30:29.650,155178,152970,S,,20180517,737.0,93029650,100,73700.0
2018-05-17 09:30:29.650,155178,153403,S,,20180517,737.0,93029650,700,515900.0
2018-05-17 09:30:29.650,155178,154230,S,,20180517,737.0,93029650,300,221100.0
2018-05-17 09:30:29.650,155178,154231,S,,20180517,737.0,93029650,100,73700.0
2018-05-17 09:30:29.830,154865,155248,B,,20180517,737.2,93029830,200,147440.0
2018-05-17 09:30:29.850,94552,155257,B,,20180517,737.29,93029850,200,147458.0
2018-05-17 09:30:30.350,155470,155463,S,,20180517,737.2,93030350,100,73720.0
2018-05-17 09:30:30.610,155569,154231,S,,20180517,737.0,93030610,200,147400.0
2018-05-17 09:30:30.760,155470,155640,B,,20180517,737.15,93030760,200,147430.0
2018-05-17 09:30:30.760,155470,155641,B,,20180517,737.15,93030760,200,147430.0
2018-05-17 09:30:30.900,131797,155686,B,,20180517,737.5,93030900,200,147500.0
2018-05-17 09:30:30.930,155715,155641,S,,20180517,737.2,93030930,200,147440.0
2018-05-17 09:30:30.980,155726,155641,S,,20180517,737.2,93030980,100,73720.0
2018-05-17 09:30:31.700,156014,155641,S,,20180517,737.2,93031700,300,221160.0
2018-05-17 09:30:31.700,156014,155989,S,,20180517,737.2,93031700,200,147440.0
2018-05-17 09:30:31.870,156014,156100,B,,20180517,737.1,93031870,100,73710.0
2018-05-17 09:30:31.880,156014,156110,B,,20180517,737.1,93031880,400,294840.0
2018-05-17 09:30:32.530,156014,156349,B,,20180517,737.1,93032530,400,294840.0
2018-05-17 09:30:32.650,156394,154231,S,,20180517,737.0,93032650,100,73700.0
2018-05-17 09:30:32.650,156394,156104,S,,20180517,737.0,93032650,100,73700.0
2018-05-17 09:30:32.800,156394,156445,B,,20180517,737.0,93032800,700,515900.0
2018-05-17 09:30:32.850,156394,156472,B,,20180517,737.0,93032850,100,73700.0
2018-05-17 09:30:32.850,156014,156472,B,,20180517,737.1,93032850,1300,958230.0
2018-05-17 09:30:33.750,156766,156844,B,,20180517,737.0,93033750,100,73700.0
2018-05-17 09:30:33.750,156766,156845,B,,20180517,737.0,93033750,100,73700.0
2018-05-17 09:30:33.840,156766,156880,B,,20180517,737.0,93033840,100,73700.0
2018-05-17 09:30:34.360,156766,157099,B,,20180517,737.0,93034360,100,73700.0
2018-05-17 09:30:35.750,157657,153312,S,,20180517,736.9,93035750,100,73690.0
2018-05-17 09:30:35.750,156766,157659,B,,20180517,737.0,93035750,500,368500.0
2018-05-17 09:30:35.750,156766,157660,B,,20180517,737.0,93035750,500,368500.0
2018-05-17 09:30:35.770,156766,157668,B,,20180517,737.0,93035770,100,73700.0
2018-05-17 09:30:35.840,157695,153312,S,,20180517,736.9,93035840,200,147380.0
2018-05-17 09:30:35.840,157695,157510,S,,20180517,736.9,93035840,100,73690.0
2018-05-17 09:30:36.760,157695,158069,B,,20180517,736.9,93036760,200,147380.0
2018-05-17 09:30:36.760,158038,158069,B,,20180517,736.9,93036760,400,294760.0
2018-05-17 09:30:36.760,157845,158069,B,,20180517,736.98,93036760,100,73698.0
2018-05-17 09:30:36.760,156766,158069,B,,20180517,737.0,93036760,200,147400.0
2018-05-17 09:30:37.240,158274,158099,S,,20180517,736.95,93037240,100,73695.0
2018-05-17 09:30:37.300,158294,158099,S,,20180517,736.95,93037300,100,73695.0
2018-05-17 09:30:37.390,156766,158321,B,,20180517,737.0,93037390,400,294800.0
2018-05-17 09:30:37.590,156766,158407,B,,20180517,737.0,93037590,100,73700.0
2018-05-17 09:30:37.740,156766,158453,B,,20180517,737.0,93037740,100,73700.0
2018-05-17 09:30:37.740,156767,158453,B,,20180517,737.0,93037740,100,73700.0
2018-05-17 09:30:37.890,156767,158522,B,,20180517,737.0,93037890,500,368500.0
2018-05-17 09:30:38.010,158566,158070,S,,20180517,736.9,93038010,100,73690.0
2018-05-17 09:30:38.010,158566,153405,S,,20180517,736.89,93038010,100,73689.0
2018-05-17 09:30:38.010,158566,154232,S,,20180517,736.89,93038010,100,73689.0
2018-05-17 09:30:38.010,158566,157479,S,,20180517,736.89,93038010,100,73689.0
2018-05-17 09:30:38.010,158566,149843,S,,20180517,736.88,93038010,500,368440.0
2018-05-17 09:30:38.010,158566,151331,S,,20180517,736.88,93038010,100,73688.0
2018-05-17 09:30:38.010,158566,151333,S,,20180517,736.88,93038010,100,73688.0
2018-05-17 09:30:38.010,158566,155010,S,,20180517,736.16,93038010,100,73616.0
2018-05-17 09:30:38.010,158566,148776,S,,20180517,736.0,93038010,400,294400.0
2018-05-17 09:30:38.190,156787,158640,B,,20180517,737.0,93038190,100,73700.0
2018-05-17 09:30:38.790,156787,158877,B,,20180517,737.0,93038790,200,147400.0
2018-05-17 09:30:39.550,158986,159207,B,,20180517,736.9,93039550,100,73690.0
2018-05-17 09:30:39.880,159315,157081,S,,20180517,735.77,93039880,100,73577.0
2018-05-17 09:30:39.900,159324,159271,S,,20180517,735.77,93039900,100,73577.0
2018-05-17 09:30:39.990,159365,159300,S,,20180517,735.77,93039990,100,73577.0
2018-05-17 09:30:40.800,159456,159675,B,,20180517,736.9,93040800,100,73690.0
2018-05-17 09:30:41.200,159845,159589,S,,20180517,736.0,93041200,100,73600.0
2018-05-17 09:30:41.200,159845,103829,S,,20180517,735.12,93041200,100,73512.0
2018-05-17 09:30:41.200,159845,121512,S,,20180517,735.12,93041200,100,73512.0
2018-05-17 09:30:41.420,156787,159947,B,,20180517,737.0,93041420,400,294800.0
2018-05-17 09:30:42.400,156787,160364,B,,20180517,737.0,93042400,200,147400.0
2018-05-17 09:30:42.420,156787,160375,B,,20180517,737.0,93042420,500,368500.0
2018-05-17 09:30:43.730,160705,160921,B,,20180517,736.8,93043730,100,73680.0
2018-05-17 09:30:45.550,160705,161674,B,,20180517,736.8,93045550,100,73680.0
2018-05-17 09:30:48.700,160705,162898,B,,20180517,736.8,93048700,100,73680.0
2018-05-17 09:30:50.550,160705,163696,B,,20180517,736.8,93050550,600,442080.0
2018-05-17 09:30:52.230,160705,164425,B,,20180517,736.8,93052230,100,73680.0
2018-05-17 09:30:53.260,164821,123097,S,,20180517,735.12,93053260,100,73512.0
2018-05-17 09:30:53.260,164821,126976,S,,20180517,735.12,93053260,100,73512.0
2018-05-17 09:30:53.260,164821,128155,S,,20180517,735.12,93053260,100,73512.0
2018-05-17 09:30:53.260,164821,128235,S,,20180517,735.12,93053260,100,73512.0
2018-05-17 09:30:53.260,164821,129017,S,,20180517,735.12,93053260,100,73512.0
2018-05-17 09:30:53.260,164821,134189,S,,20180517,735.12,93053260,100,73512.0
2018-05-17 09:30:53.260,164821,135262,S,,20180517,735.12,93053260,100,73512.0
2018-05-17 09:30:53.260,164821,144415,S,,20180517,735.12,93053260,100,73512.0
2018-05-17 09:30:53.260,164821,160512,S,,20180517,735.12,93053260,400,294048.0
2018-05-17 09:30:53.260,164821,160513,S,,20180517,735.12,93053260,100,73512.0
2018-05-17 09:30:53.260,164821,164042,S,,20180517,735.12,93053260,100,73512.0
2018-05-17 09:30:53.430,164821,164898,B,,20180517,735.12,93053430,700,514584.0
2018-05-17 09:30:53.710,164821,165036,B,,20180517,735.12,93053710,400,294048.0
2018-05-17 09:30:54.080,160705,165210,B,,20180517,736.8,93054080,1000,736800.0
2018-05-17 09:30:55.530,165820,165057,S,,20180517,735.12,93055530,100,73512.0
2018-05-17 09:30:55.570,165825,165057,S,,20180517,735.12,93055570,200,147024.0
2018-05-17 09:30:55.570,165825,165159,S,,20180517,735.12,93055570,100,73512.0
2018-05-17 09:30:56.900,165407,166317,B,,20180517,735.77,93056900,100,73577.0
2018-05-17 09:30:59.130,167180,165159,S,,20180517,735.12,93059130,200,147024.0
2018-05-17 09:30:59.250,167254,165159,S,,20180517,735.12,93059250,100,73512.0
2018-05-17 09:31:01.010,168049,167607,S,,20180517,735.13,93101010,100,73513.0
2018-05-17 09:31:01.010,168049,165231,S,,20180517,735.12,93101010,100,73512.0
2018-05-17 09:31:01.010,168049,165216,S,,20180517,735.1,93101010,100,73510.0
2018-05-17 09:31:01.010,168049,165436,S,,20180517,735.1,93101010,100,73510.0
2018-05-17 09:31:01.010,168049,94052,S,,20180517,735.05,93101010,100,73505.0
2018-05-17 09:31:01.010,168049,119080,S,,20180517,735.05,93101010,100,73505.0
2018-05-17 09:31:01.010,168049,160771,S,,20180517,735.05,93101010,100,73505.0
2018-05-17 09:31:01.010,168049,165471,S,,20180517,735.05,93101010,200,147010.0
2018-05-17 09:31:01.010,168049,165472,S,,20180517,735.05,93101010,63,46308.149999999994
2018-05-17 09:31:02.290,168623,168247,S,,20180517,735.18,93102290,100,73518.0
2018-05-17 09:31:02.290,168623,168455,S,,20180517,735.1,93102290,1600,1176160.0
2018-05-17 09:31:04.220,169561,165472,S,,20180517,735.05,93104220,37,27196.85
2018-05-17 09:31:04.220,169561,169350,S,,20180517,735.05,93104220,63,46308.149999999994
2018-05-17 09:31:05.050,169026,169902,B,,20180517,735.12,93105050,100,73512.0
2018-05-17 09:31:06.110,169026,170355,B,,20180517,735.12,93106110,200,147024.0
2018-05-17 09:31:06.560,170547,169350,S,,20180517,735.05,93106560,237,174206.84999999998
2018-05-17 09:31:06.560,170547,117760,S,,20180517,735.03,93106560,100,73503.0
2018-05-17 09:31:06.560,170547,149979,S,,20180517,735.01,93106560,200,147002.0
2018-05-17 09:31:06.560,170547,63763,S,,20180517,735.0,93106560,63,46305.0
2018-05-17 09:31:08.720,171444,63763,S,,20180517,735.0,93108720,37,27195.0
2018-05-17 09:31:08.720,171444,79269,S,,20180517,735.0,93108720,63,46305.0
2018-05-17 09:31:08.770,169361,171478,B,,20180517,735.12,93108770,300,220536.0
2018-05-17 09:31:09.880,171974,171613,S,,20180517,735.1,93109880,100,73510.0
2018-05-17 09:31:09.880,171974,171511,S,,20180517,735.01,93109880,100,73501.0
2018-05-17 09:31:11.320,169361,172542,B,,20180517,735.12,93111320,100,73512.0
2018-05-17 09:31:11.370,169742,172564,B,,20180517,735.12,93111370,100,73512.0
2018-05-17 09:31:11.560,172618,172649,B,,20180517,735.1,93111560,100,73510.0
2018-05-17 09:31:13.400,173447,171511,S,,20180517,735.01,93113400,100,73501.0
2018-05-17 09:31:13.400,173447,79269,S,,20180517,735.0,93113400,100,73500.0
2018-05-17 09:31:14.260,173798,79269,S,,20180517,735.0,93114260,100,73500.0
2018-05-17 09:31:14.370,172618,173843,B,,20180517,735.1,93114370,100,73510.0
2018-05-17 09:31:14.440,172618,173879,B,,20180517,735.1,93114440,100,73510.0
2018-05-17 09:31:16.930,172618,174992,B,,20180517,735.1,93116930,100,73510.0
2018-05-17 09:31:18.230,175566,175369,S,,20180517,735.01,93118230,100,73501.0
2018-05-17 09:31:18.230,175566,79269,S,,20180517,735.0,93118230,137,100695.0
2018-05-17 09:31:18.230,175566,97169,S,,20180517,735.0,93118230,100,73500.0
2018-05-17 09:31:18.230,175566,104003,S,,20180517,735.0,93118230,463,340305.0
2018-05-17 09:31:18.640,175717,104003,S,,20180517,735.0,93118640,837,615195.0
2018-05-17 09:31:18.640,175717,104004,S,,20180517,735.0,93118640,163,119805.0
2018-05-17 09:31:18.710,175758,104004,S,,20180517,735.0,93118710,37,27195.0
2018-05-17 09:31:18.710,175758,104005,S,,20180517,735.0,93118710,100,73500.0
2018-05-17 09:31:18.710,175758,104006,S,,20180517,735.0,93118710,100,73500.0
2018-05-17 09:31:18.710,175758,104007,S,,20180517,735.0,93118710,300,220500.0
2018-05-17 09:31:18.710,175758,104008,S,,20180517,735.0,93118710,100,73500.0
2018-05-17 09:31:18.710,175758,104165,S,,20180517,735.0,93118710,100,73500.0
2018-05-17 09:31:18.710,175758,107710,S,,20180517,735.0,93118710,100,73500.0
2018-05-17 09:31:18.710,175758,110070,S,,20180517,735.0,93118710,63,46305.0
2018-05-17 09:31:18.950,175899,110070,S,,20180517,735.0,93118950,100,73500.0
2018-05-17 09:31:19.220,175709,176028,B,,20180517,735.05,93119220,100,73505.0
2018-05-17 09:31:20.250,175709,176474,B,,20180517,735.05,93120250,100,73505.0
2018-05-17 09:31:20.560,176614,110070,S,,20180517,735.0,93120560,637,468195.0
2018-05-17 09:31:20.560,176614,113273,S,,20180517,735.0,93120560,100,73500.0
2018-05-17 09:31:20.560,176614,174532,S,,20180517,735.0,93120560,100,73500.0
2018-05-17 09:31:20.560,176614,175950,S,,20180517,735.0,93120560,500,367500.0
2018-05-17 09:31:21.330,176614,176931,B,,20180517,735.0,93121330,100,73500.0
2018-05-17 09:31:22.320,177069,177336,B,,20180517,734.87,93122320,100,73487.0
2018-05-17 09:31:22.320,177168,177337,B,,20180517,734.88,93122320,100,73488.0
2018-05-17 09:31:23.750,176614,177905,B,,20180517,735.0,93123750,100,73500.0
2018-05-17 09:31:23.900,176614,177984,B,,20180517,735.0,93123900,100,73500.0
2018-05-17 09:31:25.290,178573,41743,S,,20180517,734.55,93125290,100,73455.0
2018-05-17 09:31:25.360,178619,54385,S,,20180517,734.55,93125360,100,73455.0
2018-05-17 09:31:25.460,176614,178664,B,,20180517,735.0,93125460,100,73500.0
2018-05-17 09:31:25.540,178708,54385,S,,20180517,734.55,93125540,100,73455.0
2018-05-17 09:31:25.590,178722,120670,S,,20180517,734.55,93125590,100,73455.0
2018-05-17 09:31:26.710,179217,45780,S,,20180517,734.52,93126710,100,73452.0
2018-05-17 09:31:27.230,179466,45780,S,,20180517,734.52,93127230,100,73452.0
2018-05-17 09:31:27.230,179469,45985,S,,20180517,734.52,93127230,100,73452.0
2018-05-17 09:31:27.640,179619,45985,S,,20180517,734.52,93127640,100,73452.0
2018-05-17 09:31:27.640,179620,45985,S,,20180517,734.52,93127640,100,73452.0
2018-05-17 09:31:27.720,179659,45985,S,,20180517,734.52,93127720,100,73452.0
2018-05-17 09:31:27.980,179787,45985,S,,20180517,734.52,93127980,100,73452.0
2018-05-17 09:31:28.020,179805,62338,S,,20180517,734.52,93128020,100,73452.0
2018-05-17 09:31:28.470,180005,86166,S,,20180517,734.52,93128470,100,73452.0
2018-05-17 09:31:29.020,179242,180256,B,,20180517,734.54,93129020,100,73454.0
2018-05-17 09:31:29.820,180617,86166,S,,20180517,734.52,93129820,800,587616.0
2018-05-17 09:31:30.870,181108,86166,S,,20180517,734.52,93130870,100,73452.0
2018-05-17 09:31:30.870,181108,86703,S,,20180517,734.52,93130870,100,73452.0
2018-05-17 09:31:31.040,181199,95974,S,,20180517,734.51,93131040,100,73451.0
2018-05-17 09:31:31.040,181199,138317,S,,20180517,734.3,93131040,300,220290.0
2018-05-17 09:31:31.910,181601,138317,S,,20180517,734.3,93131910,100,73430.0
2018-05-17 09:31:32.650,181916,138317,S,,20180517,734.3,93132650,100,73430.0
2018-05-17 09:31:34.150,181108,182616,B,,20180517,734.52,93134150,400,293808.0
2018-05-17 09:31:35.290,183107,138657,S,,20180517,734.2,93135290,200,146840.0
2018-05-17 09:31:35.360,181108,183128,B,,20180517,734.52,93135360,100,73452.0
2018-05-17 09:31:35.620,183241,138657,S,,20180517,734.2,93135620,100,73420.0
2018-05-17 09:31:36.470,183647,138657,S,,20180517,734.2,93136470,300,220260.0
2018-05-17 09:31:36.470,183647,103687,S,,20180517,734.0,93136470,100,73400.0
2018-05-17 09:31:36.830,183704,183843,B,,20180517,734.2,93136830,400,293680.0
2018-05-17 09:31:36.830,183226,183843,B,,20180517,734.4,93136830,100,73440.0
2018-05-17 09:31:38.790,184680,103687,S,,20180517,734.0,93138790,200,146800.0
2018-05-17 09:31:39.410,184004,184997,B,,20180517,734.2,93139410,100,73420.0
2018-05-17 09:31:41.500,184562,185851,B,,20180517,734.2,93141500,100,73420.0
2018-05-17 09:31:41.830,185967,107196,S,,20180517,734.0,93141830,100,73400.0
2018-05-17 09:31:41.830,185967,170236,S,,20180517,734.0,93141830,100,73400.0
2018-05-17 09:31:41.830,185967,184844,S,,20180517,734.0,93141830,100,73400.0
2018-05-17 09:31:42.970,186529,184835,S,,20180517,733.87,93142970,100,73387.0
2018-05-17 09:31:45.830,187790,100050,S,,20180517,733.81,93145830,100,73381.0
2018-05-17 09:31:46.340,187992,187996,B,,20180517,733.81,93146340,100,73381.0
2018-05-17 09:31:46.950,188244,96754,S,,20180517,733.8,93146950,100,73380.0
2018-05-17 09:31:49.310,189263,184880,S,,20180517,733.74,93149310,100,73374.0
2018-05-17 09:31:49.670,187258,189406,B,,20180517,733.86,93149670,100,73386.0
2018-05-17 09:31:50.650,189756,188795,S,,20180517,733.74,93150650,100,73374.0
2018-05-17 09:31:55.720,191827,187454,S,,20180517,733.61,93155720,100,73361.0
2018-05-17 09:31:55.720,191827,188796,S,,20180517,733.61,93155720,100,73361.0
2018-05-17 09:31:56.740,192241,119208,S,,20180517,733.6,93156740,100,73360.0
2018-05-17 09:31:57.140,192288,192420,B,,20180517,733.61,93157140,100,73361.0
2018-05-17 09:31:58.580,192999,191244,S,,20180517,733.48,93158580,100,73348.0
2018-05-17 09:31:59.750,193534,191801,S,,20180517,733.48,93159750,100,73348.0
2018-05-17 09:31:59.990,193634,90497,S,,20180517,733.33,93159990,100,73333.0
2018-05-17 09:32:00.440,193797,193711,S,,20180517,733.35,93200440,100,73335.0
2018-05-17 09:32:01.300,194129,193785,S,,20180517,733.35,93201300,100,73335.0
2018-05-17 09:32:01.300,194129,1921,S,,20180517,733.27,93201300,100,73327.0
2018-05-17 09:32:01.300,194129,74208,S,,20180517,733.27,93201300,100,73327.0
2018-05-17 09:32:01.300,194129,6892,S,,20180517,733.23,93201300,100,73323.0
2018-05-17 09:32:01.300,194129,73502,S,,20180517,733.23,93201300,100,73323.0
2018-05-17 09:32:01.300,194129,64152,S,,20180517,733.2,93201300,100,73320.0
2018-05-17 09:32:01.300,194129,89671,S,,20180517,733.01,93201300,300,219903.0
2018-05-17 09:32:01.300,194129,19334,S,,20180517,733.0,93201300,200,146600.0
2018-05-17 09:32:01.300,194129,93935,S,,20180517,733.0,93201300,200,146600.0
2018-05-17 09:32:01.300,194129,143893,S,,20180517,733.0,93201300,100,73300.0
2018-05-17 09:32:01.300,194129,169231,S,,20180517,733.0,93201300,100,73300.0
2018-05-17 09:32:01.300,194129,187495,S,,20180517,733.0,93201300,300,219900.0
2018-05-17 09:32:01.300,194129,187496,S,,20180517,733.0,93201300,200,146600.0
2018-05-17 09:32:01.300,194129,187497,S,,20180517,733.0,93201300,200,146600.0
2018-05-17 09:32:01.300,194130,187497,S,,20180517,733.0,93201300,500,366500.0
2018-05-17 09:32:01.300,194131,187497,S,,20180517,733.0,93201300,600,439800.0
2018-05-17 09:32:01.300,194131,187498,S,,20180517,733.0,93201300,200,146600.0
2018-05-17 09:32:01.300,194131,187499,S,,20180517,733.0,93201300,200,146600.0
2018-05-17 09:32:01.300,194131,187500,S,,20180517,733.0,93201300,100,73300.0
2018-05-17 09:32:01.300,194131,192331,S,,20180517,733.0,93201300,100,73300.0
2018-05-17 09:32:02.770,194770,87700,S,,20180517,732.99,93202770,300,219897.0
2018-05-17 09:32:04.240,195368,195417,B,,20180517,732.96,93204240,100,73296.0
2018-05-17 09:32:05.790,196124,81529,S,,20180517,732.58,93205790,100,73258.0
2018-05-17 09:32:07.690,196125,196892,B,,20180517,732.58,93207690,100,73258.0
2018-05-17 09:32:07.690,194131,196892,B,,20180517,733.0,93207690,100,73300.0
2018-05-17 09:32:08.800,197323,87282,S,,20180517,732.55,93208800,100,73255.0
2018-05-17 09:32:12.160,198808,86763,S,,20180517,732.32,93212160,2947,2158147.04
2018-05-17 09:32:12.160,198809,86763,S,,20180517,732.32,93212160,53,38812.96
2018-05-17 09:32:12.160,198809,76536,S,,20180517,732.23,93212160,2909,2130057.07
2018-05-17 09:32:12.220,198843,76536,S,,20180517,732.23,93212220,391,286301.93
2018-05-17 09:32:12.220,198843,19458,S,,20180517,732.22,93212220,391,286298.02
2018-05-17 09:32:13.490,197324,199380,B,,20180517,732.55,93213490,100,73255.0
2018-05-17 09:32:14.230,199527,199678,B,,20180517,732.44,93214230,100,73244.0
2018-05-17 09:32:14.730,199527,199861,B,,20180517,732.44,93214730,100,73244.0
2018-05-17 09:32:14.970,200012,199919,S,,20180517,732.44,93214970,100,73244.0
2018-05-17 09:32:15.040,200066,19458,S,,20180517,732.22,93215040,100,73222.0
2018-05-17 09:32:15.180,200136,19458,S,,20180517,732.22,93215180,100,73222.0
2018-05-17 09:32:15.870,200448,200139,S,,20180517,732.44,93215870,100,73244.0
2018-05-17 09:32:15.870,200448,200141,S,,20180517,732.44,93215870,100,73244.0
2018-05-17 09:32:15.870,200448,200142,S,,20180517,732.44,93215870,100,73244.0
2018-05-17 09:32:15.870,200448,200144,S,,20180517,732.44,93215870,100,73244.0
2018-05-17 09:32:16.210,200620,200456,S,,20180517,732.44,93216210,100,73244.0
2018-05-17 09:32:17.070,200620,200974,B,,20180517,732.32,93217070,100,73232.0
2018-05-17 09:32:17.580,201164,19458,S,,20180517,732.22,93217580,100,73222.0
2018-05-17 09:32:17.700,200620,201203,B,,20180517,732.32,93217700,200,146464.0
2018-05-17 09:32:17.770,201238,19458,S,,20180517,732.22,93217770,800,585776.0
2018-05-17 09:32:17.770,201239,19458,S,,20180517,732.22,93217770,2800,2050216.0
2018-05-17 09:32:18.010,200620,201347,B,,20180517,732.32,93218010,200,146464.0
2018-05-17 09:32:18.130,200620,201431,B,,20180517,732.32,93218130,500,366160.0
2018-05-17 09:32:18.220,200620,201478,B,,20180517,732.32,93218220,100,73232.0
2018-05-17 09:32:19.370,201931,19458,S,,20180517,732.22,93219370,100,73222.0
2018-05-17 09:32:19.630,202000,19458,S,,20180517,732.22,93219630,100,73222.0
2018-05-17 09:32:20.030,200620,202162,B,,20180517,732.32,93220030,100,73232.0
2018-05-17 09:32:20.030,200620,202163,B,,20180517,732.32,93220030,100,73232.0
2018-05-17 09:32:20.900,202526,19458,S,,20180517,732.22,93220900,509,372699.98000000004
2018-05-17 09:32:20.900,202526,78693,S,,20180517,732.22,93220900,1000,732220.0
2018-05-17 09:32:20.900,202526,79298,S,,20180517,732.22,93220900,100,73222.0
2018-05-17 09:32:20.900,202526,79892,S,,20180517,732.22,93220900,100,73222.0
2018-05-17 09:32:20.900,202526,82423,S,,20180517,732.22,93220900,100,73222.0
2018-05-17 09:32:20.900,202526,83504,S,,20180517,732.22,93220900,100,73222.0
2018-05-17 09:32:20.900,202526,201747,S,,20180517,732.22,93220900,91,66632.02
2018-05-17 09:32:21.670,200620,202880,B,,20180517,732.32,93221670,100,73232.0
2018-05-17 09:32:21.840,200700,202947,B,,20180517,732.32,93221840,100,73232.0
2018-05-17 09:32:22.180,203064,201747,S,,20180517,732.22,93222180,9,6589.9800000000005
2018-05-17 09:32:23.230,203064,203545,B,,20180517,732.22,93223230,100,73222.0
2018-05-17 09:32:23.830,203793,94275,S,,20180517,732.2,93223830,100,73220.0
2018-05-17 09:32:25.280,203064,204327,B,,20180517,732.22,93225280,100,73222.0
2018-05-17 09:32:25.620,204479,204464,S,,20180517,732.2,93225620,100,73220.0
2018-05-17 09:32:26.660,204902,11877,S,,20180517,732.16,93226660,200,146432.0
2018-05-17 09:32:29.050,205916,201744,S,,20180517,732.11,93229050,100,73211.0
2018-05-17 09:32:29.050,205916,138474,S,,20180517,732.1,93229050,100,73210.0
2018-05-17 09:32:29.050,205916,204462,S,,20180517,732.08,93229050,100,73208.0
2018-05-17 09:32:29.050,205916,204255,S,,20180517,732.03,93229050,100,73203.0
2018-05-17 09:32:29.050,205916,108918,S,,20180517,732.02,93229050,100,73202.0
2018-05-17 09:32:29.230,205989,108918,S,,20180517,732.02,93229230,100,73202.0
2018-05-17 09:32:29.290,204962,206022,B,,20180517,732.16,93229290,200,146432.0
2018-05-17 09:32:29.290,204779,206022,B,,20180517,732.2,93229290,100,73220.0
2018-05-17 09:32:29.290,205956,206022,B,,20180517,732.2,93229290,100,73220.0
2018-05-17 09:32:29.760,206223,90458,S,,20180517,732.01,93229760,300,219603.0
2018-05-17 09:32:29.960,206223,206322,B,,20180517,732.01,93229960,400,292804.0
2018-05-17 09:32:30.570,206599,25434,S,,20180517,732.0,93230570,200,146400.0
2018-05-17 09:32:31.240,206223,206875,B,,20180517,732.01,93231240,100,73201.0
2018-05-17 09:32:31.330,206898,25434,S,,20180517,732.0,93231330,200,146400.0
2018-05-17 09:32:31.520,206970,25434,S,,20180517,732.0,93231520,100,73200.0
2018-05-17 09:32:31.520,206970,68135,S,,20180517,732.0,93231520,100,73200.0
2018-05-17 09:32:31.520,206970,77517,S,,20180517,732.0,93231520,200,146400.0
2018-05-17 09:32:31.590,206223,206989,B,,20180517,732.01,93231590,100,73201.0
2018-05-17 09:32:31.590,206991,77517,S,,20180517,732.0,93231590,100,73200.0
2018-05-17 09:32:31.640,207009,77517,S,,20180517,732.0,93231640,100,73200.0
2018-05-17 09:32:31.680,207027,77517,S,,20180517,732.0,93231680,100,73200.0
2018-05-17 09:32:32.170,206223,207208,B,,20180517,732.01,93232170,100,73201.0
2018-05-17 09:32:32.360,207308,77517,S,,20180517,732.0,93232360,100,73200.0
2018-05-17 09:32:33.990,208015,77517,S,,20180517,732.0,93233990,300,219600.0
2018-05-17 09:32:34.980,206223,208420,B,,20180517,732.01,93234980,100,73201.0
2018-05-17 09:32:35.750,208731,79372,S,,20180517,732.0,93235750,100,73200.0
2018-05-17 09:32:35.750,208731,135246,S,,20180517,732.0,93235750,100,73200.0
2018-05-17 09:32:35.750,208731,201740,S,,20180517,732.0,93235750,100,73200.0
2018-05-17 09:32:35.750,208731,205355,S,,20180517,732.0,93235750,100,73200.0
2018-05-17 09:32:36.190,208911,208934,B,,20180517,732.0,93236190,100,73200.0
2018-05-17 09:32:37.700,209555,206551,S,,20180517,731.88,93237700,100,73188.0
2018-05-17 09:32:37.700,209555,207530,S,,20180517,731.76,93237700,100,73176.0
2018-05-17 09:32:38.900,210031,207530,S,,20180517,731.76,93238900,100,73176.0
2018-05-17 09:32:39.120,209004,210113,B,,20180517,732.0,93239120,100,73200.0
2018-05-17 09:32:40.750,210468,210782,B,,20180517,731.88,93240750,100,73188.0
2018-05-17 09:32:40.750,209650,210782,B,,20180517,732.0,93240750,300,219600.0
2018-05-17 09:32:41.980,209650,211269,B,,20180517,732.0,93241980,100,73200.0
2018-05-17 09:32:41.980,211270,210330,S,,20180517,731.7,93241980,1100,804870.0
2018-05-17 09:32:42.150,209650,211332,B,,20180517,732.0,93242150,200,146400.0
2018-05-17 09:32:44.330,212157,210330,S,,20180517,731.7,93244330,100,73170.0
2018-05-17 09:32:45.930,212772,210330,S,,20180517,731.7,93245930,100,73170.0
2018-05-17 09:32:46.030,212814,210330,S,,20180517,731.7,93246030,1003,733895.1000000001
2018-05-17 09:32:46.240,211572,212879,B,,20180517,731.88,93246240,100,73188.0
2018-05-17 09:32:46.750,211572,213072,B,,20180517,731.88,93246750,200,146376.0
2018-05-17 09:32:46.750,212402,213072,B,,20180517,731.88,93246750,100,73188.0
2018-05-17 09:32:46.750,209650,213072,B,,20180517,732.0,93246750,100,73200.0
2018-05-17 09:32:46.890,213112,213126,B,,20180517,731.79,93246890,100,73179.0
2018-05-17 09:32:47.250,213112,213243,B,,20180517,731.79,93247250,100,73179.0
2018-05-17 09:32:47.260,213254,210330,S,,20180517,731.7,93247260,100,73170.0
2018-05-17 09:32:47.870,213466,210330,S,,20180517,731.7,93247870,100,73170.0
2018-05-17 09:32:48.440,213656,213682,B,,20180517,731.76,93248440,200,146352.0
2018-05-17 09:32:50.790,213656,214502,B,,20180517,731.76,93250790,100,73176.0
2018-05-17 09:32:50.790,213195,214502,B,,20180517,731.88,93250790,100,73188.0
2018-05-17 09:32:50.790,213196,214502,B,,20180517,731.88,93250790,200,146376.0
2018-05-17 09:32:50.790,213197,214502,B,,20180517,731.88,93250790,100,73188.0
2018-05-17 09:32:50.790,209650,214502,B,,20180517,732.0,93250790,300,219600.0
2018-05-17 09:32:50.790,209798,214502,B,,20180517,732.0,93250790,100,73200.0
2018-05-17 09:32:50.790,210500,214502,B,,20180517,732.0,93250790,200,146400.0
2018-05-17 09:32:50.790,211368,214502,B,,20180517,732.0,93250790,100,73200.0
2018-05-17 09:32:50.790,211569,214502,B,,20180517,732.0,93250790,200,146400.0
2018-05-17 09:32:50.790,211753,214502,B,,20180517,732.0,93250790,100,73200.0
2018-05-17 09:32:50.790,211771,214502,B,,20180517,732.0,93250790,100,73200.0
2018-05-17 09:32:50.790,211789,214502,B,,20180517,732.0,93250790,200,146400.0
2018-05-17 09:32:50.790,211974,214502,B,,20180517,732.0,93250790,100,73200.0
2018-05-17 09:32:50.790,212082,214502,B,,20180517,732.0,93250790,100,73200.0
2018-05-17 09:32:51.360,214720,214630,S,,20180517,731.76,93251360,100,73176.0
2018-05-17 09:32:51.410,214721,214749,B,,20180517,731.76,93251410,100,73176.0
2018-05-17 09:32:51.780,214721,214901,B,,20180517,731.76,93251780,100,73176.0
2018-05-17 09:32:52.460,215206,214989,S,,20180517,731.88,93252460,100,73188.0
2018-05-17 09:32:52.460,215206,214906,S,,20180517,731.76,93252460,100,73176.0
2018-05-17 09:32:52.460,215206,214938,S,,20180517,731.76,93252460,100,73176.0
2018-05-17 09:32:53.060,215414,214949,S,,20180517,731.76,93253060,100,73176.0
2018-05-17 09:32:54.040,212116,215765,B,,20180517,732.0,93254040,100,73200.0
2018-05-17 09:32:54.040,212289,215765,B,,20180517,732.0,93254040,100,73200.0
2018-05-17 09:32:54.040,214636,215765,B,,20180517,732.0,93254040,100,73200.0
2018-05-17 09:32:54.040,215097,215765,B,,20180517,732.0,93254040,200,146400.0
2018-05-17 09:32:55.080,206223,216208,B,,20180517,732.01,93255080,100,73201.0
2018-05-17 09:32:55.080,207556,216208,B,,20180517,732.01,93255080,100,73201.0
2018-05-17 09:32:55.080,208929,216208,B,,20180517,732.01,93255080,200,146402.0
2018-05-17 09:32:55.300,216306,214250,S,,20180517,731.71,93255300,100,73171.0
2018-05-17 09:32:55.580,216400,216315,S,,20180517,732.0,93255580,100,73200.0
2018-05-17 09:32:55.710,216452,216315,S,,20180517,732.0,93255710,100,73200.0
2018-05-17 09:32:55.830,216495,216315,S,,20180517,732.0,93255830,100,73200.0
2018-05-17 09:32:56.620,216760,216315,S,,20180517,732.0,93256620,200,146400.0
2018-05-17 09:32:56.620,216760,216652,S,,20180517,731.79,93256620,100,73179.0
2018-05-17 09:32:56.620,216760,216673,S,,20180517,731.78,93256620,100,73178.0
2018-05-17 09:32:56.620,216760,216554,S,,20180517,731.71,93256620,500,365855.0
2018-05-17 09:32:56.640,208929,216766,B,,20180517,732.01,93256640,100,73201.0
2018-05-17 09:32:56.640,216104,216766,B,,20180517,732.01,93256640,100,73201.0
2018-05-17 09:32:56.680,206091,216793,B,,20180517,732.16,93256680,100,73216.0
2018-05-17 09:32:57.180,216993,216980,S,,20180517,732.01,93257180,100,73201.0
2018-05-17 09:32:57.450,217096,217057,S,,20180517,731.95,93257450,100,73195.0
2018-05-17 09:32:58.040,206091,217345,B,,20180517,732.16,93258040,100,73216.0
2018-05-17 09:32:58.750,217612,217286,S,,20180517,731.97,93258750,100,73197.0
2018-05-17 09:32:59.190,217766,217332,S,,20180517,731.8,93259190,100,73180.0
2018-05-17 09:32:59.460,217447,217870,B,,20180517,731.99,93259460,100,73199.0
2018-05-17 09:33:00.050,217447,218114,B,,20180517,731.99,93300050,100,73199.0
2018-05-17 09:33:00.530,217447,218320,B,,20180517,731.99,93300530,100,73199.0
2018-05-17 09:33:00.640,218352,218320,S,,20180517,732.0,93300640,100,73200.0
2018-05-17 09:33:00.640,218352,216554,S,,20180517,731.71,93300640,100,73171.0
2018-05-17 09:33:01.500,218687,216554,S,,20180517,731.71,93301500,100,73171.0
2018-05-17 09:33:02.390,219045,218743,S,,20180517,731.76,93302390,100,73176.0
2018-05-17 09:33:02.880,218868,219211,B,,20180517,731.95,93302880,100,73195.0
2018-05-17 09:33:03.050,219289,216554,S,,20180517,731.71,93303050,100,73171.0
2018-05-17 09:33:03.270,218868,219386,B,,20180517,731.95,93303270,100,73195.0
2018-05-17 09:33:04.020,217774,219695,B,,20180517,732.01,93304020,100,73201.0
2018-05-17 09:33:04.780,219984,219695,S,,20180517,732.01,93304780,100,73201.0
2018-05-17 09:33:05.800,220359,219695,S,,20180517,732.01,93305800,300,219603.0
2018-05-17 09:33:05.800,220359,219726,S,,20180517,732.01,93305800,100,73201.0
2018-05-17 09:33:05.800,220359,220319,S,,20180517,731.88,93305800,100,73188.0
2018-05-17 09:33:05.800,220359,220311,S,,20180517,731.76,93305800,100,73176.0
2018-05-17 09:33:05.800,220359,219574,S,,20180517,731.72,93305800,100,73172.0
2018-05-17 09:33:05.800,220359,220149,S,,20180517,731.71,93305800,100,73171.0
2018-05-17 09:33:06.670,220679,220618,S,,20180517,731.71,93306670,100,73171.0
2018-05-17 09:33:06.670,220679,210330,S,,20180517,731.7,93306670,303,221705.1
2018-05-17 09:33:06.670,220683,210330,S,,20180517,731.7,93306670,300,219510.0
2018-05-17 09:33:06.670,220684,210330,S,,20180517,731.7,93306670,300,219510.0
2018-05-17 09:33:06.670,220685,210330,S,,20180517,731.7,93306670,300,219510.0
2018-05-17 09:33:06.730,220708,210330,S,,20180517,731.7,93306730,300,219510.0
2018-05-17 09:33:06.790,220727,210330,S,,20180517,731.7,93306790,100,73170.0
2018-05-17 09:33:07.670,221059,210330,S,,20180517,731.7,93307670,100,73170.0
2018-05-17 09:33:08.620,206941,221434,B,,20180517,732.16,93308620,100,73216.0
2018-05-17 09:33:08.640,221438,221071,S,,20180517,731.76,93308640,100,73176.0
2018-05-17 09:33:09.290,221701,221639,S,,20180517,732.01,93309290,100,73201.0
2018-05-17 09:33:09.290,221701,221640,S,,20180517,731.8,93309290,100,73180.0
2018-05-17 09:33:09.290,221701,221634,S,,20180517,731.72,93309290,300,219516.0
2018-05-17 09:33:09.290,221701,210330,S,,20180517,731.7,93309290,500,365850.0
2018-05-17 09:33:10.560,222138,222194,B,,20180517,731.73,93310560,100,73173.0
2018-05-17 09:33:11.770,222683,222493,S,,20180517,731.99,93311770,100,73199.0
2018-05-17 09:33:11.770,222683,222202,S,,20180517,731.71,93311770,200,146342.0
2018-05-17 09:33:12.130,222834,210330,S,,20180517,731.7,93312130,100,73170.0
2018-05-17 09:33:12.480,222993,210330,S,,20180517,731.7,93312480,194,141949.80000000002
2018-05-17 09:33:12.480,222993,212367,S,,20180517,731.7,93312480,100,73170.0
2018-05-17 09:33:12.480,222993,212637,S,,20180517,731.7,93312480,100,73170.0
2018-05-17 09:33:12.480,222993,212788,S,,20180517,731.7,93312480,100,73170.0
2018-05-17 09:33:12.480,222993,215597,S,,20180517,731.7,93312480,100,73170.0
2018-05-17 09:33:12.480,222993,220468,S,,20180517,731.7,93312480,6,4390.200000000001
2018-05-17 09:33:12.880,223152,223054,S,,20180517,732.01,93312880,100,73201.0
2018-05-17 09:33:13.730,223479,223252,S,,20180517,731.95,93313730,100,73195.0
2018-05-17 09:33:13.730,223479,220468,S,,20180517,731.7,93313730,94,68779.8
2018-05-17 09:33:14.700,223479,223853,B,,20180517,731.7,93314700,100,73170.0
2018-05-17 09:33:14.860,223479,223932,B,,20180517,731.7,93314860,100,73170.0
2018-05-17 09:33:14.880,223479,223945,B,,20180517,731.7,93314880,100,73170.0
2018-05-17 09:33:14.910,223479,223948,B,,20180517,731.7,93314910,100,73170.0
2018-05-17 09:33:14.910,223479,223955,B,,20180517,731.7,93314910,100,73170.0
2018-05-17 09:33:14.920,223479,223959,B,,20180517,731.7,93314920,100,73170.0
2018-05-17 09:33:14.950,223479,223970,B,,20180517,731.7,93314950,100,73170.0
2018-05-17 09:33:14.970,223479,223977,B,,20180517,731.7,93314970,6,4390.200000000001
2018-05-17 09:33:14.970,223784,223977,B,,20180517,731.7,93314970,194,141949.80000000002
2018-05-17 09:33:14.990,223784,223984,B,,20180517,731.7,93314990,100,73170.0
2018-05-17 09:33:14.990,223784,223994,B,,20180517,731.7,93314990,100,73170.0
2018-05-17 09:33:15.080,223784,224023,B,,20180517,731.7,93315080,6,4390.200000000001
2018-05-17 09:33:15.080,223778,224023,B,,20180517,732.0,93315080,94,68808.0
2018-05-17 09:33:15.420,224148,224027,S,,20180517,731.7,93315420,100,73170.0
2018-05-17 09:33:15.460,224148,224167,B,,20180517,731.7,93315460,100,73170.0
2018-05-17 09:33:15.660,224148,224270,B,,20180517,731.7,93315660,100,73170.0
2018-05-17 09:33:15.660,224149,224279,B,,20180517,731.7,93315660,100,73170.0
2018-05-17 09:33:15.700,224149,224293,B,,20180517,731.7,93315700,100,73170.0
2018-05-17 09:33:15.790,224149,224333,B,,20180517,731.7,93315790,100,73170.0
2018-05-17 09:33:15.790,224178,224333,B,,20180517,731.7,93315790,300,219510.0
2018-05-17 09:33:15.790,224179,224333,B,,20180517,731.7,93315790,100,73170.0
2018-05-17 09:33:15.830,224344,219038,S,,20180517,731.69,93315830,100,73169.0
2018-05-17 09:33:16.560,224179,224648,B,,20180517,731.7,93316560,100,73170.0
2018-05-17 09:33:16.980,224179,224806,B,,20180517,731.7,93316980,100,73170.0
2018-05-17 09:33:17.420,224382,224987,B,,20180517,731.7,93317420,100,73170.0
2018-05-17 09:33:17.570,225039,219038,S,,20180517,731.69,93317570,100,73169.0
2018-05-17 09:33:18.000,224723,225194,B,,20180517,731.7,93318000,100,73170.0
2018-05-17 09:33:19.170,225131,225659,B,,20180517,731.7,93319170,100,73170.0
2018-05-17 09:33:19.390,225746,219038,S,,20180517,731.69,93319390,100,73169.0
2018-05-17 09:33:19.760,225131,225902,B,,20180517,731.7,93319760,100,73170.0
2018-05-17 09:33:20.700,226253,219038,S,,20180517,731.69,93320700,200,146338.0
2018-05-17 09:33:20.700,226253,92400,S,,20180517,731.68,93320700,100,73168.0
2018-05-17 09:33:20.700,226253,218584,S,,20180517,731.68,93320700,100,73168.0
2018-05-17 09:33:21.810,225131,226734,B,,20180517,731.7,93321810,300,219510.0
2018-05-17 09:33:21.810,225133,226734,B,,20180517,731.7,93321810,100,73170.0
2018-05-17 09:33:21.810,225285,226734,B,,20180517,731.7,93321810,100,73170.0
2018-05-17 09:33:21.810,225892,226734,B,,20180517,731.7,93321810,100,73170.0
2018-05-17 09:33:21.810,226506,226734,B,,20180517,731.7,93321810,100,73170.0
2018-05-17 09:33:22.620,225038,227044,B,,20180517,731.71,93322620,100,73171.0
2018-05-17 09:33:23.240,223778,227271,B,,20180517,732.0,93323240,6,4392.0
2018-05-17 09:33:23.780,224165,227477,B,,20180517,732.16,93323780,100,73216.0
2018-05-17 09:33:25.130,228026,227271,S,,20180517,732.0,93325130,94,68808.0
2018-05-17 09:33:25.130,228026,227379,S,,20180517,732.0,93325130,200,146400.0
2018-05-17 09:33:25.130,228026,227971,S,,20180517,731.73,93325130,106,77563.38
2018-05-17 09:33:27.970,229171,228104,S,,20180517,732.0,93327970,200,146400.0
2018-05-17 09:33:27.970,229172,228104,S,,20180517,732.0,93327970,200,146400.0
2018-05-17 09:33:29.210,229633,228104,S,,20180517,732.0,93329210,100,73200.0
2018-05-17 09:33:29.210,229633,228729,S,,20180517,731.99,93329210,100,73199.0
2018-05-17 09:33:29.790,229881,229799,S,,20180517,732.0,93329790,100,73200.0
2018-05-17 09:33:30.480,227832,230181,B,,20180517,732.18,93330480,100,73218.0
2018-05-17 09:33:30.570,205956,230215,B,,20180517,732.2,93330570,100,73220.0
2018-05-17 09:33:30.570,212598,230215,B,,20180517,732.2,93330570,200,146440.0
2018-05-17 09:33:31.910,212598,230757,B,,20180517,732.2,93331910,100,73220.0
2018-05-17 09:33:36.530,231346,232707,B,,20180517,732.18,93336530,100,73218.0
2018-05-17 09:33:37.270,232999,232707,S,,20180517,732.18,93337270,100,73218.0
2018-05-17 09:33:37.840,232999,233232,B,,20180517,732.0,93337840,200,146400.0
2018-05-17 09:33:37.840,233000,233232,B,,20180517,732.0,93337840,300,219600.0
2018-05-17 09:33:37.840,233001,233232,B,,20180517,732.0,93337840,300,219600.0
2018-05-17 09:33:38.140,233030,233356,B,,20180517,732.0,93338140,100,73200.0
2018-05-17 09:33:38.370,233438,233415,S,,20180517,731.8,93338370,100,73180.0
2018-05-17 09:33:41.390,234714,232129,S,,20180517,731.71,93341390,100,73171.0
2018-05-17 09:33:41.390,234714,232882,S,,20180517,731.71,93341390,100,73171.0
2018-05-17 09:33:41.390,234714,226734,S,,20180517,731.7,93341390,200,146340.0
2018-05-17 09:33:41.930,233030,234909,B,,20180517,732.0,93341930,100,73200.0
2018-05-17 09:33:42.640,233030,235226,B,,20180517,732.0,93342640,100,73200.0
2018-05-17 09:33:42.640,233462,235229,B,,20180517,732.0,93342640,100,73200.0
2018-05-17 09:33:43.900,233250,235745,B,,20180517,732.18,93343900,100,73218.0
2018-05-17 09:33:45.530,236431,235745,S,,20180517,732.18,93345530,100,73218.0
2018-05-17 09:33:45.530,236431,236083,S,,20180517,732.18,93345530,100,73218.0
2018-05-17 09:33:45.530,236431,234807,S,,20180517,731.88,93345530,100,73188.0
2018-05-17 09:33:45.650,236431,236477,B,,20180517,731.87,93345650,100,73187.0
2018-05-17 09:33:45.650,212598,236477,B,,20180517,732.2,93345650,100,73220.0
2018-05-17 09:33:45.650,225955,236477,B,,20180517,732.2,93345650,100,73220.0
2018-05-17 09:33:45.650,232938,236477,B,,20180517,732.2,93345650,500,366100.0
2018-05-17 09:33:49.990,238096,237764,S,,20180517,732.15,93349990,100,73215.0
2018-05-17 09:33:49.990,238098,237292,S,,20180517,732.0,93349990,100,73200.0
2018-05-17 09:33:50.240,238206,237580,S,,20180517,732.0,93350240,100,73200.0
2018-05-17 09:33:51.040,238517,238340,S,,20180517,732.18,93351040,100,73218.0
2018-05-17 09:33:51.240,238583,237580,S,,20180517,732.0,93351240,200,146400.0
2018-05-17 09:33:51.240,238583,238447,S,,20180517,732.0,93351240,100,73200.0
2018-05-17 09:33:51.310,238608,236581,S,,20180517,731.99,93351310,100,73199.0
2018-05-17 09:33:51.310,238608,237266,S,,20180517,731.99,93351310,100,73199.0
2018-05-17 09:33:51.310,238609,237267,S,,20180517,731.84,93351310,100,73184.0
2018-05-17 09:33:51.310,238609,235083,S,,20180517,731.8,93351310,200,146360.0
2018-05-17 09:33:51.310,238619,236133,S,,20180517,731.8,93351310,100,73180.0
2018-05-17 09:33:51.310,238619,236661,S,,20180517,731.8,93351310,100,73180.0
2018-05-17 09:33:51.310,238619,235841,S,,20180517,731.72,93351310,100,73172.0
2018-05-17 09:33:51.630,238517,238744,B,,20180517,732.14,93351630,100,73214.0
2018-05-17 09:33:53.070,239294,239032,S,,20180517,732.01,93353070,100,73201.0
2018-05-17 09:33:53.700,238517,239563,B,,20180517,732.14,93353700,100,73214.0
2018-05-17 09:33:54.350,238517,239852,B,,20180517,732.14,93354350,100,73214.0
2018-05-17 09:33:55.460,240295,239032,S,,20180517,732.01,93355460,100,73201.0
2018-05-17 09:33:56.170,240535,239032,S,,20180517,732.01,93356170,100,73201.0
2018-05-17 09:33:57.410,240967,239032,S,,20180517,732.01,93357410,100,73201.0
2018-05-17 09:33:57.760,238517,241104,B,,20180517,732.14,93357760,200,146428.0
2018-05-17 09:33:58.290,241314,239032,S,,20180517,732.01,93358290,100,73201.0
2018-05-17 09:33:58.290,241314,238816,S,,20180517,732.0,93358290,100,73200.0
2018-05-17 09:33:58.290,241314,238963,S,,20180517,732.0,93358290,100,73200.0
2018-05-17 09:33:58.290,241314,239227,S,,20180517,732.0,93358290,600,439200.0
2018-05-17 09:33:59.260,241687,241704,B,,20180517,732.01,93359260,100,73201.0
2018-05-17 09:33:59.530,238517,241810,B,,20180517,732.14,93359530,100,73214.0
2018-05-17 09:33:59.870,238517,241933,B,,20180517,732.14,93359870,100,73214.0
2018-05-17 09:34:01.350,239660,242476,B,,20180517,732.14,93401350,100,73214.0
2018-05-17 09:34:01.350,238940,242476,B,,20180517,732.2,93401350,200,146440.0
2018-05-17 09:34:02.700,242980,243003,B,,20180517,732.19,93402700,100,73219.0
2018-05-17 09:34:03.410,243311,243206,S,,20180517,732.14,93403410,100,73214.0
2018-05-17 09:34:03.920,242980,243522,B,,20180517,732.19,93403920,400,292876.0
2018-05-17 09:34:05.280,242980,244019,B,,20180517,732.19,93405280,100,73219.0
2018-05-17 09:34:06.840,244728,244026,S,,20180517,732.18,93406840,100,73218.0
2018-05-17 09:34:06.840,244728,244544,S,,20180517,732.14,93406840,100,73214.0
2018-05-17 09:34:07.060,244815,243529,S,,20180517,732.01,93407060,100,73201.0
2018-05-17 09:34:10.300,246090,243529,S,,20180517,732.01,93410300,200,146402.0
2018-05-17 09:34:10.700,245884,246261,B,,20180517,732.02,93410700,100,73202.0
2018-05-17 09:34:11.000,245884,246387,B,,20180517,732.02,93411000,100,73202.0
2018-05-17 09:34:12.200,245884,246921,B,,20180517,732.02,93412200,100,73202.0
2018-05-17 09:34:12.240,245884,246951,B,,20180517,732.02,93412240,100,73202.0
2018-05-17 09:34:12.340,245884,247007,B,,20180517,732.02,93412340,100,73202.0
2018-05-17 09:34:12.600,245884,247126,B,,20180517,732.02,93412600,100,73202.0
2018-05-17 09:34:13.350,247430,239227,S,,20180517,732.0,93413350,100,73200.0
2018-05-17 09:34:13.350,247430,239814,S,,20180517,732.0,93413350,100,73200.0
2018-05-17 09:34:13.350,247430,240359,S,,20180517,732.0,93413350,100,73200.0
2018-05-17 09:34:13.350,247430,240966,S,,20180517,732.0,93413350,100,73200.0
2018-05-17 09:34:13.350,247430,242447,S,,20180517,732.0,93413350,100,73200.0
2018-05-17 09:34:13.350,247430,242946,S,,20180517,732.0,93413350,100,73200.0
2018-05-17 09:34:14.270,245884,247748,B,,20180517,732.02,93414270,100,73202.0
2018-05-17 09:34:15.810,248395,244192,S,,20180517,732.0,93415810,100,73200.0
2018-05-17 09:34:17.130,248743,248944,B,,20180517,732.01,93417130,100,73201.0
2018-05-17 09:34:18.970,245884,249733,B,,20180517,732.02,93418970,100,73202.0
2018-05-17 09:34:20.040,245884,250171,B,,20180517,732.02,93420040,200,146404.0
2018-05-17 09:34:20.130,250194,249128,S,,20180517,732.01,93420130,100,73201.0
2018-05-17 09:34:20.130,250194,249272,S,,20180517,732.01,93420130,100,73201.0
2018-05-17 09:34:20.130,250194,245533,S,,20180517,732.0,93420130,100,73200.0
2018-05-17 09:34:20.180,250227,245533,S,,20180517,732.0,93420180,300,219600.0
2018-05-17 09:34:20.180,250228,246999,S,,20180517,732.0,93420180,100,73200.0
2018-05-17 09:34:20.180,250228,248682,S,,20180517,732.0,93420180,200,146400.0
2018-05-17 09:34:20.690,250455,241795,S,,20180517,731.99,93420690,100,73199.0
2018-05-17 09:34:20.760,250348,250485,B,,20180517,732.0,93420760,100,73200.0
2018-05-17 09:34:20.760,250479,250485,B,,20180517,732.0,93420760,400,292800.0
2018-05-17 09:34:21.930,250479,250975,B,,20180517,732.0,93421930,200,146400.0
2018-05-17 09:34:22.600,251261,241190,S,,20180517,731.81,93422600,100,73181.0
2018-05-17 09:34:23.030,251433,245648,S,,20180517,731.81,93423030,100,73181.0
2018-05-17 09:34:23.050,251443,245648,S,,20180517,731.81,93423050,100,73181.0
2018-05-17 09:34:23.610,251693,245648,S,,20180517,731.81,93423610,100,73181.0
2018-05-17 09:34:23.880,251063,251810,B,,20180517,731.98,93423880,100,73198.0
2018-05-17 09:34:23.880,251063,251814,B,,20180517,731.98,93423880,200,146396.0
2018-05-17 09:34:23.970,251860,241551,S,,20180517,731.8,93423970,100,73180.0
2018-05-17 09:34:23.970,251861,241610,S,,20180517,731.8,93423970,100,73180.0
2018-05-17 09:34:24.020,251892,245839,S,,20180517,731.8,93424020,200,146360.0
2018-05-17 09:34:24.070,251928,245839,S,,20180517,731.8,93424070,100,73180.0
2018-05-17 09:34:24.070,251928,241321,S,,20180517,731.79,93424070,100,73179.0
2018-05-17 09:34:24.640,251063,252152,B,,20180517,731.98,93424640,100,73198.0
2018-05-17 09:34:25.010,252317,240128,S,,20180517,731.74,93425010,100,73174.0
2018-05-17 09:34:25.010,252317,239799,S,,20180517,731.73,93425010,100,73173.0
2018-05-17 09:34:25.010,252317,243663,S,,20180517,731.73,93425010,100,73173.0
2018-05-17 09:34:25.010,252317,240753,S,,20180517,731.71,93425010,100,73171.0
2018-05-17 09:34:25.010,252317,226734,S,,20180517,731.7,93425010,100,73170.0
2018-05-17 09:34:25.010,252317,227500,S,,20180517,731.7,93425010,200,146340.0
2018-05-17 09:34:25.010,252317,228252,S,,20180517,731.7,93425010,100,73170.0
2018-05-17 09:34:25.010,252317,231467,S,,20180517,731.7,93425010,100,73170.0
2018-05-17 09:34:25.010,252317,231785,S,,20180517,731.7,93425010,100,73170.0
2018-05-17 09:34:25.010,252317,234280,S,,20180517,731.7,93425010,100,73170.0
2018-05-17 09:34:25.010,252317,234411,S,,20180517,731.7,93425010,100,73170.0
2018-05-17 09:34:25.630,252289,252559,B,,20180517,731.81,93425630,100,73181.0
2018-05-17 09:34:25.630,252223,252559,B,,20180517,731.98,93425630,100,73198.0
2018-05-17 09:34:25.630,250981,252559,B,,20180517,731.99,93425630,100,73199.0
2018-05-17 09:34:25.630,250479,252559,B,,20180517,732.0,93425630,200,146400.0
2018-05-17 09:34:27.220,253198,236067,S,,20180517,731.7,93427220,100,73170.0
2018-05-17 09:34:27.340,253253,236067,S,,20180517,731.7,93427340,200,146340.0
2018-05-17 09:34:27.440,253288,243056,S,,20180517,731.7,93427440,100,73170.0
2018-05-17 09:34:27.440,253293,243056,S,,20180517,731.7,93427440,100,73170.0
2018-05-17 09:34:27.560,252929,253345,B,,20180517,731.86,93427560,1000,731860.0
2018-05-17 09:34:27.580,253359,243056,S,,20180517,731.7,93427580,100,73170.0
2018-05-17 09:34:27.580,253361,243056,S,,20180517,731.7,93427580,100,73170.0
2018-05-17 09:34:27.660,253395,243056,S,,20180517,731.7,93427660,100,73170.0
2018-05-17 09:34:27.830,253418,253467,B,,20180517,731.7,93427830,100,73170.0
2018-05-17 09:34:27.830,253389,253467,B,,20180517,731.85,93427830,200,146370.0
2018-05-17 09:34:29.220,254034,243768,S,,20180517,731.69,93429220,300,219507.00000000003
2018-05-17 09:34:29.650,253549,254206,B,,20180517,731.7,93429650,100,73170.0
2018-05-17 09:34:30.660,254690,243768,S,,20180517,731.69,93430660,700,512183.00000000006
2018-05-17 09:34:30.660,254690,218584,S,,20180517,731.68,93430660,100,73168.0
2018-05-17 09:34:30.660,254690,226904,S,,20180517,731.68,93430660,100,73168.0
2018-05-17 09:34:31.420,255023,232884,S,,20180517,731.57,93431420,100,73157.0
2018-05-17 09:34:31.420,255023,236211,S,,20180517,731.56,93431420,100,73156.0
2018-05-17 09:34:31.420,255023,88283,S,,20180517,731.55,93431420,100,73155.0
2018-05-17 09:34:31.420,255023,231925,S,,20180517,731.55,93431420,100,73155.0
2018-05-17 09:34:31.420,255023,26953,S,,20180517,731.52,93431420,100,73152.0
2018-05-17 09:34:31.420,255023,57239,S,,20180517,731.52,93431420,100,73152.0
2018-05-17 09:34:31.420,255023,213931,S,,20180517,731.52,93431420,200,146304.0
2018-05-17 09:34:32.810,255597,237926,S,,20180517,731.5,93432810,100,73150.0
2018-05-17 09:34:32.810,255597,249590,S,,20180517,731.5,93432810,100,73150.0
2018-05-17 09:34:33.780,256055,246625,S,,20180517,731.48,93433780,100,73148.0
2018-05-17 09:34:33.900,256083,256101,B,,20180517,731.48,93433900,100,73148.0
2018-05-17 09:34:35.770,256815,249471,S,,20180517,731.16,93435770,100,73116.0
2018-05-17 09:34:37.070,257400,76746,S,,20180517,731.13,93437070,100,73113.0
2018-05-17 09:34:37.130,257418,233133,S,,20180517,731.11,93437130,100,73111.0
2018-05-17 09:34:37.290,257418,257491,B,,20180517,731.11,93437290,100,73111.0
2018-05-17 09:34:37.810,257692,218070,S,,20180517,731.09,93437810,100,73109.0
2018-05-17 09:34:37.970,257429,257753,B,,20180517,731.13,93437970,100,73113.0
2018-05-17 09:34:38.090,256823,257795,B,,20180517,731.16,93438090,100,73116.0
2018-05-17 09:34:38.980,258138,108927,S,,20180517,731.02,93438980,200,146204.0
2018-05-17 09:34:38.980,258138,227727,S,,20180517,731.02,93438980,100,73102.0
2018-05-17 09:34:39.710,258409,74848,S,,20180517,731.01,93439710,100,73101.0
2018-05-17 09:34:39.710,258409,91301,S,,20180517,731.01,93439710,200,146202.0
2018-05-17 09:34:39.890,258485,91301,S,,20180517,731.01,93439890,100,73101.0
2018-05-17 09:34:40.280,258652,221358,S,,20180517,731.01,93440280,100,73101.0
2018-05-17 09:34:40.280,258652,230374,S,,20180517,731.01,93440280,300,219303.0
2018-05-17 09:34:40.280,258652,243007,S,,20180517,731.01,93440280,100,73101.0
2018-05-17 09:34:40.280,258652,251447,S,,20180517,731.01,93440280,100,73101.0
2018-05-17 09:34:40.800,258869,251447,S,,20180517,731.01,93440800,400,292404.0
2018-05-17 09:34:41.030,258964,98235,S,,20180517,731.0,93441030,100,73100.0
2018-05-17 09:34:41.730,259252,109012,S,,20180517,731.0,93441730,100,73100.0
2018-05-17 09:34:41.790,259274,165726,S,,20180517,731.0,93441790,100,73100.0
2018-05-17 09:34:41.790,259274,194689,S,,20180517,731.0,93441790,100,73100.0
2018-05-17 09:34:41.790,259274,208285,S,,20180517,731.0,93441790,300,219300.0
2018-05-17 09:34:41.790,259274,208286,S,,20180517,731.0,93441790,100,73100.0
2018-05-17 09:34:41.790,259274,208287,S,,20180517,731.0,93441790,100,73100.0
2018-05-17 09:34:41.790,259274,208288,S,,20180517,731.0,93441790,1000,731000.0
2018-05-17 09:34:41.790,259274,208289,S,,20180517,731.0,93441790,100,73100.0
2018-05-17 09:34:41.790,259274,208484,S,,20180517,731.0,93441790,100,73100.0
2018-05-17 09:34:41.790,259274,211656,S,,20180517,731.0,93441790,100,73100.0
2018-05-17 09:34:41.790,259274,219461,S,,20180517,731.0,93441790,800,584800.0
2018-05-17 09:34:41.880,259317,219461,S,,20180517,731.0,93441880,200,146200.0
2018-05-17 09:34:41.880,259317,220124,S,,20180517,731.0,93441880,300,219300.0
2018-05-17 09:34:42.210,259437,220124,S,,20180517,731.0,93442210,100,73100.0
2018-05-17 09:34:42.580,259613,220124,S,,20180517,731.0,93442580,100,73100.0
2018-05-17 09:34:42.580,259613,227736,S,,20180517,731.0,93442580,200,146200.0
2018-05-17 09:34:42.580,259613,230388,S,,20180517,731.0,93442580,200,146200.0
2018-05-17 09:34:42.630,259649,230388,S,,20180517,731.0,93442630,200,146200.0
2018-05-17 09:34:42.630,259654,230388,S,,20180517,731.0,93442630,1600,1169600.0
2018-05-17 09:34:42.630,259654,235065,S,,20180517,731.0,93442630,100,73100.0
2018-05-17 09:34:42.630,259654,240622,S,,20180517,731.0,93442630,100,73100.0
2018-05-17 09:34:42.630,259654,244631,S,,20180517,731.0,93442630,100,73100.0
2018-05-17 09:34:42.630,259654,248054,S,,20180517,731.0,93442630,100,73100.0
2018-05-17 09:34:42.630,259654,248887,S,,20180517,731.0,93442630,500,365500.0
2018-05-17 09:34:42.870,259654,259749,B,,20180517,730.98,93442870,100,73098.0
2018-05-17 09:34:43.050,259654,259831,B,,20180517,730.98,93443050,100,73098.0
2018-05-17 09:34:44.420,260373,238177,S,,20180517,730.52,93444420,100,73052.0
2018-05-17 09:34:44.420,260373,42753,S,,20180517,730.51,93444420,400,292204.0
2018-05-17 09:34:44.900,260597,17744,S,,20180517,730.5,93444900,100,73050.0
2018-05-17 09:34:44.900,260597,47320,S,,20180517,730.5,93444900,100,73050.0
2018-05-17 09:34:44.900,260597,86134,S,,20180517,730.5,93444900,100,73050.0
2018-05-17 09:34:45.050,259654,260657,B,,20180517,730.98,93445050,400,292392.0
2018-05-17 09:34:45.470,260830,198693,S,,20180517,730.31,93445470,100,73031.0
2018-05-17 09:34:45.470,260830,101399,S,,20180517,730.3,93445470,100,73030.0
2018-05-17 09:34:45.470,260830,49609,S,,20180517,730.29,93445470,100,73029.0
2018-05-17 09:34:45.910,260731,261010,B,,20180517,730.39,93445910,100,73039.0
2018-05-17 09:34:46.350,260731,261199,B,,20180517,730.39,93446350,100,73039.0
2018-05-17 09:34:46.350,260738,261199,B,,20180517,730.52,93446350,100,73052.0
2018-05-17 09:34:46.350,260873,261199,B,,20180517,730.9,93446350,200,146180.0
2018-05-17 09:34:46.350,259654,261199,B,,20180517,730.98,93446350,200,146196.0
2018-05-17 09:34:46.350,260316,261199,B,,20180517,731.0,93446350,100,73100.0
2018-05-17 09:34:46.350,260467,261199,B,,20180517,731.0,93446350,100,73100.0
2018-05-17 09:34:46.350,260661,261199,B,,20180517,731.0,93446350,100,73100.0
2018-05-17 09:34:46.350,260989,261199,B,,20180517,731.0,93446350,200,146200.0
2018-05-17 09:34:46.350,258933,261199,B,,20180517,731.01,93446350,200,146202.0
2018-05-17 09:34:46.350,260142,261199,B,,20180517,731.01,93446350,100,73101.0
2018-05-17 09:34:46.350,260303,261199,B,,20180517,731.01,93446350,100,73101.0
2018-05-17 09:34:46.350,260304,261199,B,,20180517,731.01,93446350,200,146202.0
2018-05-17 09:34:47.460,261605,6893,S,,20180517,730.23,93447460,100,73023.0
2018-05-17 09:34:47.630,261652,261664,B,,20180517,730.39,93447630,100,73039.0
2018-05-17 09:34:47.760,261222,261714,B,,20180517,731.0,93447760,300,219300.0
2018-05-17 09:34:47.970,261815,120617,S,,20180517,730.23,93447970,100,73023.0
2018-05-17 09:34:48.410,261815,262011,B,,20180517,730.23,93448410,100,73023.0
2018-05-17 09:34:48.410,261222,262011,B,,20180517,731.0,93448410,400,292400.0
2018-05-17 09:34:49.120,262337,242299,S,,20180517,730.22,93449120,100,73022.0
2018-05-17 09:34:49.120,262337,75870,S,,20180517,730.21,93449120,100,73021.0
2018-05-17 09:34:49.170,262345,262354,B,,20180517,730.22,93449170,100,73022.0
2018-05-17 09:34:49.570,262498,108964,S,,20180517,730.21,93449570,100,73021.0
2018-05-17 09:34:49.600,262345,262506,B,,20180517,730.22,93449600,100,73022.0
2018-05-17 09:34:50.980,263017,95642,S,,20180517,730.2,93450980,100,73020.0
2018-05-17 09:34:50.980,263017,124538,S,,20180517,730.2,93450980,200,146040.0
2018-05-17 09:34:50.980,263017,232319,S,,20180517,730.2,93450980,100,73020.0
2018-05-17 09:34:50.980,263017,261209,S,,20180517,730.2,93450980,100,73020.0
2018-05-17 09:34:51.110,262345,263070,B,,20180517,730.22,93451110,100,73022.0
2018-05-17 09:34:52.990,263850,74331,S,,20180517,730.13,93452990,100,73013.0
2018-05-17 09:34:52.990,263850,69274,S,,20180517,730.11,93452990,200,146022.0
2018-05-17 09:34:53.110,263893,69274,S,,20180517,730.11,93453110,200,146022.0
2018-05-17 09:34:53.660,264083,230713,S,,20180517,730.1,93453660,100,73010.0
2018-05-17 09:34:53.920,264201,18116,S,,20180517,730.09,93453920,100,73009.0
2018-05-17 09:34:54.620,264454,2879,S,,20180517,730.08,93454620,100,73008.0
2018-05-17 09:34:56.660,265188,80437,S,,20180517,730.03,93456660,100,73003.0
2018-05-17 09:34:56.660,265188,109790,S,,20180517,730.02,93456660,100,73002.0
2018-05-17 09:34:56.820,265208,265248,B,,20180517,730.03,93456820,100,73003.0
2018-05-17 09:34:56.820,264454,265248,B,,20180517,730.06,93456820,100,73006.0
2018-05-17 09:34:56.820,264265,265248,B,,20180517,730.1,93456820,100,73010.0
2018-05-17 09:34:57.030,265338,109790,S,,20180517,730.02,93457030,100,73002.0
2018-05-17 09:34:57.330,265441,241966,S,,20180517,730.02,93457330,100,73002.0
2018-05-17 09:34:57.560,265365,265534,B,,20180517,730.03,93457560,100,73003.0
2018-05-17 09:34:58.140,265733,34268,S,,20180517,730.01,93458140,100,73001.0
2018-05-17 09:34:58.690,265836,265921,B,,20180517,730.06,93458690,100,73006.0
2018-05-17 09:35:00.010,266528,115303,S,,20180517,730.01,93500010,100,73001.0
2018-05-17 09:35:00.060,266130,266551,B,,20180517,730.06,93500060,400,292024.0
2018-05-17 09:35:00.060,266401,266551,B,,20180517,730.1,93500060,300,219030.0
2018-05-17 09:35:00.060,265871,266551,B,,20180517,730.13,93500060,200,146026.0
2018-05-17 09:35:00.060,265076,266551,B,,20180517,730.2,93500060,1100,803220.0
2018-05-17 09:35:00.680,266761,266658,S,,20180517,730.06,93500680,100,73006.0
2018-05-17 09:35:00.810,266824,115303,S,,20180517,730.01,93500810,200,146002.0
2018-05-17 09:35:00.880,266849,115303,S,,20180517,730.01,93500880,100,73001.0
2018-05-17 09:35:01.600,266761,267118,B,,20180517,730.04,93501600,100,73004.0
2018-05-17 09:35:01.750,265076,267182,B,,20180517,730.2,93501750,12900,9419580.0
2018-05-17 09:35:01.750,265700,267182,B,,20180517,730.2,93501750,100,73020.0
2018-05-17 09:35:02.330,267408,267182,S,,20180517,730.2,93502330,100,73020.0
2018-05-17 09:35:02.720,267589,267182,S,,20180517,730.2,93502720,100,73020.0
2018-05-17 09:35:03.120,267760,267182,S,,20180517,730.2,93503120,400,292080.0
2018-05-17 09:35:03.360,267870,267182,S,,20180517,730.2,93503360,1800,1314360.0
2018-05-17 09:35:03.360,267870,115303,S,,20180517,730.01,93503360,100,73001.0
2018-05-17 09:35:03.360,267870,213442,S,,20180517,730.01,93503360,100,73001.0
2018-05-17 09:35:03.360,267870,265169,S,,20180517,730.01,93503360,300,219003.0
2018-05-17 09:35:03.360,267870,1454,S,,20180517,730.0,93503360,500,365000.0
2018-05-17 09:35:03.360,267870,24052,S,,20180517,730.0,93503360,500,365000.0
2018-05-17 09:35:03.360,267870,25435,S,,20180517,730.0,93503360,500,365000.0
2018-05-17 09:35:03.360,267870,34380,S,,20180517,730.0,93503360,100,73000.0
2018-05-17 09:35:03.360,267870,39503,S,,20180517,730.0,93503360,100,73000.0
2018-05-17 09:35:03.360,267870,54955,S,,20180517,730.0,93503360,100,73000.0
2018-05-17 09:35:03.360,267870,75001,S,,20180517,730.0,93503360,1000,730000.0
2018-05-17 09:35:03.360,267870,77898,S,,20180517,730.0,93503360,1000,730000.0
2018-05-17 09:35:03.360,267870,78372,S,,20180517,730.0,93503360,100,73000.0
2018-05-17 09:35:03.360,267870,91192,S,,20180517,730.0,93503360,100,73000.0
2018-05-17 09:35:03.360,267870,95965,S,,20180517,730.0,93503360,200,146000.0
2018-05-17 09:35:03.360,267870,96984,S,,20180517,730.0,93503360,100,73000.0
2018-05-17 09:35:03.360,267870,100996,S,,20180517,730.0,93503360,100,73000.0
2018-05-17 09:35:03.360,267870,128205,S,,20180517,730.0,93503360,100,73000.0
2018-05-17 09:35:03.360,267870,132710,S,,20180517,730.0,93503360,100,73000.0
2018-05-17 09:35:03.360,267870,134657,S,,20180517,730.0,93503360,100,73000.0
2018-05-17 09:35:03.360,267870,139271,S,,20180517,730.0,93503360,100,73000.0
2018-05-17 09:35:03.360,267870,147168,S,,20180517,730.0,93503360,100,73000.0
2018-05-17 09:35:03.360,267870,184978,S,,20180517,730.0,93503360,200,146000.0
2018-05-17 09:35:03.360,267870,193920,S,,20180517,730.0,93503360,100,73000.0
2018-05-17 09:35:03.360,267870,203622,S,,20180517,730.0,93503360,100,73000.0
2018-05-17 09:35:03.360,267870,204353,S,,20180517,730.0,93503360,100,73000.0
2018-05-17 09:35:03.360,267870,204930,S,,20180517,730.0,93503360,100,73000.0
2018-05-17 09:35:03.360,267870,214336,S,,20180517,730.0,93503360,100,73000.0
2018-05-17 09:35:03.360,267870,216805,S,,20180517,730.0,93503360,100,73000.0
2018-05-17 09:35:03.360,267870,222205,S,,20180517,730.0,93503360,100,73000.0
2018-05-17 09:35:03.360,267870,225687,S,,20180517,730.0,93503360,100,73000.0
2018-05-17 09:35:03.360,267870,228199,S,,20180517,730.0,93503360,100,73000.0
2018-05-17 09:35:03.360,267870,230108,S,,20180517,730.0,93503360,100,73000.0
2018-05-17 09:35:03.360,267870,232471,S,,20180517,730.0,93503360,100,73000.0
2018-05-17 09:35:03.360,267870,238348,S,,20180517,730.0,93503360,100,73000.0
2018-05-17 09:35:03.360,267870,253182,S,,20180517,730.0,93503360,100,73000.0
2018-05-17 09:35:03.360,267870,254090,S,,20180517,730.0,93503360,300,219000.0
2018-05-17 09:35:03.360,267870,263800,S,,20180517,730.0,93503360,100,73000.0
2018-05-17 09:35:03.360,267870,264197,S,,20180517,730.0,93503360,100,73000.0
2018-05-17 09:35:03.360,267870,265222,S,,20180517,730.0,93503360,100,73000.0
2018-05-17 09:35:03.450,267870,267913,B,,20180517,730.0,93503450,100,73000.0
2018-05-17 09:35:03.590,267974,250422,S,,20180517,729.97,93503590,100,72997.0
2018-05-17 09:35:04.880,267974,268472,B,,20180517,729.97,93504880,100,72997.0
2018-05-17 09:35:05.810,268823,70467,S,,20180517,729.81,93505810,200,145962.0
2018-05-17 09:35:05.950,268871,268873,B,,20180517,729.97,93505950,100,72997.0
2018-05-17 09:35:07.260,269226,269411,B,,20180517,729.81,93507260,200,145962.0
2018-05-17 09:35:07.260,269208,269411,B,,20180517,729.95,93507260,200,145990.0
2018-05-17 09:35:07.260,267870,269411,B,,20180517,730.0,93507260,510,372300.0
2018-05-17 09:35:07.260,268184,269411,B,,20180517,730.0,93507260,90,65700.0
2018-05-17 09:35:08.790,269974,255227,S,,20180517,729.78,93508790,100,72978.0
2018-05-17 09:35:08.990,270028,270062,B,,20180517,729.96,93508990,100,72996.0
2018-05-17 09:35:09.430,270118,270218,B,,20180517,729.81,93509430,100,72981.0
2018-05-17 09:35:09.600,270302,71789,S,,20180517,729.7,93509600,200,145940.0
2018-05-17 09:35:09.600,270302,245700,S,,20180517,729.21,93509600,100,72921.0
2018-05-17 09:35:11.090,270868,115741,S,,20180517,729.08,93511090,100,72908.0
2018-05-17 09:35:11.310,270868,270961,B,,20180517,729.08,93511310,100,72908.0
2018-05-17 09:35:11.760,271138,270019,S,,20180517,729.03,93511760,100,72903.0
2018-05-17 09:35:13.400,271548,271757,B,,20180517,729.03,93513400,100,72903.0
2018-05-17 09:35:13.940,271948,271980,B,,20180517,729.69,93513940,200,145938.0
2018-05-17 09:35:14.800,272313,236090,S,,20180517,729.02,93514800,100,72902.0
2018-05-17 09:35:16.980,273156,27462,S,,20180517,729.0,93516980,100,72900.0
2018-05-17 09:35:17.800,273458,79063,S,,20180517,729.0,93517800,100,72900.0
2018-05-17 09:35:17.800,273458,180808,S,,20180517,729.0,93517800,100,72900.0
2018-05-17 09:35:17.800,273458,217483,S,,20180517,729.0,93517800,100,72900.0
2018-05-17 09:35:17.800,273458,224122,S,,20180517,729.0,93517800,100,72900.0
2018-05-17 09:35:17.860,272784,273480,B,,20180517,729.02,93517860,100,72902.0
2018-05-17 09:35:18.110,273565,273595,B,,20180517,729.0,93518110,100,72900.0
2018-05-17 09:35:19.210,273929,274010,B,,20180517,729.0,93519210,100,72900.0
2018-05-17 09:35:19.380,273929,274067,B,,20180517,729.0,93519380,300,218700.0
2018-05-17 09:35:20.250,274200,274376,B,,20180517,729.0,93520250,100,72900.0
2018-05-17 09:35:21.980,274200,275013,B,,20180517,729.0,93521980,200,145800.0
2018-05-17 09:35:22.230,275143,243094,S,,20180517,728.88,93522230,100,72888.0
2018-05-17 09:35:22.280,274328,275162,B,,20180517,729.0,93522280,100,72900.0
2018-05-17 09:35:23.800,275756,93605,S,,20180517,728.68,93523800,100,72868.0
2018-05-17 09:35:24.180,275895,275910,B,,20180517,728.68,93524180,400,291472.0
2018-05-17 09:35:25.040,276087,276227,B,,20180517,728.88,93525040,100,72888.0
2018-05-17 09:35:26.220,276297,276701,B,,20180517,728.68,93526220,100,72868.0
2018-05-17 09:35:26.290,276728,241921,S,,20180517,728.6,93526290,100,72860.0
2018-05-17 09:35:26.290,276728,65594,S,,20180517,728.58,93526290,100,72858.0
2018-05-17 09:35:26.290,276728,276496,S,,20180517,728.58,93526290,100,72858.0
2018-05-17 09:35:26.290,276728,25094,S,,20180517,728.5,93526290,100,72850.0
2018-05-17 09:35:27.030,276728,277018,B,,20180517,728.5,93527030,100,72850.0
2018-05-17 09:35:27.360,276334,277132,B,,20180517,728.88,93527360,100,72888.0
2018-05-17 09:35:27.360,276924,277132,B,,20180517,728.88,93527360,100,72888.0
2018-05-17 09:35:29.560,277548,277966,B,,20180517,728.88,93529560,100,72888.0
2018-05-17 09:35:29.850,278087,277018,S,,20180517,728.5,93529850,800,582800.0
2018-05-17 09:35:30.050,278173,277018,S,,20180517,728.5,93530050,1000,728500.0
2018-05-17 09:35:30.280,278206,278266,B,,20180517,728.6,93530280,100,72860.0
2018-05-17 09:35:30.420,278206,278325,B,,20180517,728.6,93530420,100,72860.0
2018-05-17 09:35:30.510,278206,278364,B,,20180517,728.6,93530510,100,72860.0
2018-05-17 09:35:30.770,278206,278474,B,,20180517,728.6,93530770,100,72860.0
2018-05-17 09:35:30.820,278495,277018,S,,20180517,728.5,93530820,1000,728500.0
2018-05-17 09:35:31.890,278206,278916,B,,20180517,728.6,93531890,100,72860.0
2018-05-17 09:35:32.920,279149,279322,B,,20180517,728.6,93532920,100,72860.0
2018-05-17 09:35:32.970,279273,279360,B,,20180517,728.6,93532970,100,72860.0
2018-05-17 09:35:32.970,279356,279360,B,,20180517,728.6,93532970,100,72860.0
2018-05-17 09:35:32.970,277548,279360,B,,20180517,728.88,93532970,100,72888.0
2018-05-17 09:35:33.330,279532,277018,S,,20180517,728.5,93533330,100,72850.0
2018-05-17 09:35:33.670,279648,279655,B,,20180517,728.6,93533670,200,145720.0
2018-05-17 09:35:33.670,277608,279655,B,,20180517,728.88,93533670,200,145776.0
2018-05-17 09:35:33.670,277613,279655,B,,20180517,728.88,93533670,500,364440.0
2018-05-17 09:35:33.670,279568,279655,B,,20180517,728.88,93533670,100,72888.0
2018-05-17 09:35:33.670,277843,279655,B,,20180517,728.99,93533670,500,364495.0
2018-05-17 09:35:33.670,274328,279655,B,,20180517,729.0,93533670,900,656100.0
2018-05-17 09:35:33.670,275929,279655,B,,20180517,729.0,93533670,100,72900.0
2018-05-17 09:35:33.670,276257,279655,B,,20180517,729.0,93533670,100,72900.0
2018-05-17 09:35:33.670,276264,279655,B,,20180517,729.0,93533670,100,72900.0
2018-05-17 09:35:33.670,276521,279655,B,,20180517,729.0,93533670,300,218700.0
2018-05-17 09:35:33.670,277063,279655,B,,20180517,729.0,93533670,1000,729000.0
2018-05-17 09:35:33.740,279693,277018,S,,20180517,728.5,93533740,2000,1457000.0
2018-05-17 09:35:33.740,279693,279139,S,,20180517,728.5,93533740,100,72850.0
2018-05-17 09:35:33.890,279693,279744,B,,20180517,728.5,93533890,400,291400.0
2018-05-17 09:35:33.890,279705,279744,B,,20180517,728.5,93533890,100,72850.0
2018-05-17 09:35:33.890,279714,279744,B,,20180517,728.5,93533890,300,218550.0
2018-05-17 09:35:34.220,279714,279877,B,,20180517,728.5,93534220,100,72850.0
2018-05-17 09:35:34.290,279915,141367,S,,20180517,728.39,93534290,100,72839.0
2018-05-17 09:35:34.480,279714,279970,B,,20180517,728.5,93534480,100,72850.0
2018-05-17 09:35:36.120,279714,280637,B,,20180517,728.5,93536120,100,72850.0
2018-05-17 09:35:36.190,279714,280692,B,,20180517,728.5,93536190,200,145700.0
2018-05-17 09:35:36.760,280937,280929,S,,20180517,728.39,93536760,100,72839.0
2018-05-17 09:35:36.760,280937,77511,S,,20180517,728.33,93536760,300,218499.0
2018-05-17 09:35:37.360,281181,77511,S,,20180517,728.33,93537360,100,72833.0
2018-05-17 09:35:37.360,281181,83964,S,,20180517,728.33,93537360,500,364165.0
2018-05-17 09:35:37.360,281181,84885,S,,20180517,728.22,93537360,300,218466.0
2018-05-17 09:35:37.390,279714,281184,B,,20180517,728.5,93537390,500,364250.0
2018-05-17 09:35:37.870,279714,281383,B,,20180517,728.5,93537870,400,291400.0
2018-05-17 09:35:39.490,282049,84885,S,,20180517,728.22,93539490,100,72822.0
2018-05-17 09:35:39.630,279714,282112,B,,20180517,728.5,93539630,100,72850.0
2018-05-17 09:35:39.880,279714,282202,B,,20180517,728.5,93539880,100,72850.0
2018-05-17 09:35:39.900,282208,84885,S,,20180517,728.22,93539900,100,72822.0
2018-05-17 09:35:41.410,282242,282771,B,,20180517,728.33,93541410,200,145666.0
2018-05-17 09:35:41.530,279714,282809,B,,20180517,728.5,93541530,200,145700.0
2018-05-17 09:35:42.380,283127,107742,S,,20180517,728.18,93542380,100,72818.0
2018-05-17 09:35:42.380,283127,26177,S,,20180517,728.15,93542380,200,145630.0
2018-05-17 09:35:42.620,282882,283216,B,,20180517,728.33,93542620,200,145666.0
2018-05-17 09:35:43.170,283340,283420,B,,20180517,728.18,93543170,100,72818.0
2018-05-17 09:35:43.170,282882,283420,B,,20180517,728.33,93543170,200,145666.0
2018-05-17 09:35:43.650,282882,283606,B,,20180517,728.33,93543650,100,72833.0
2018-05-17 09:35:44.480,282882,283954,B,,20180517,728.33,93544480,200,145666.0
2018-05-17 09:35:45.050,282882,284178,B,,20180517,728.33,93545050,100,72833.0
2018-05-17 09:35:45.960,282882,284538,B,,20180517,728.33,93545960,500,364165.0
2018-05-17 09:35:46.000,284564,26177,S,,20180517,728.15,93546000,100,72815.0
2018-05-17 09:35:46.220,284607,284640,B,,20180517,728.22,93546220,100,72822.0
2018-05-17 09:35:46.360,284697,284599,S,,20180517,728.18,93546360,100,72818.0
2018-05-17 09:35:46.360,284697,26177,S,,20180517,728.15,93546360,300,218445.0
2018-05-17 09:35:46.360,284697,277950,S,,20180517,728.03,93546360,1100,800833.0
2018-05-17 09:35:46.360,284697,87702,S,,20180517,728.02,93546360,100,72802.0
2018-05-17 09:35:46.360,284697,109793,S,,20180517,728.02,93546360,300,218406.0
2018-05-17 09:35:46.360,284697,75939,S,,20180517,728.01,93546360,100,72801.0
2018-05-17 09:35:46.360,284697,82815,S,,20180517,728.01,93546360,100,72801.0
2018-05-17 09:35:46.360,284697,126813,S,,20180517,728.01,93546360,100,72801.0
2018-05-17 09:35:46.360,284697,273417,S,,20180517,728.01,93546360,100,72801.0
2018-05-17 09:35:46.360,284697,278338,S,,20180517,728.01,93546360,300,218403.0
2018-05-17 09:35:46.360,284697,278955,S,,20180517,728.01,93546360,100,72801.0
2018-05-17 09:35:46.360,284697,17614,S,,20180517,728.0,93546360,100,72800.0
2018-05-17 09:35:46.360,284697,25436,S,,20180517,728.0,93546360,500,364000.0
2018-05-17 09:35:46.360,284697,76837,S,,20180517,728.0,93546360,100,72800.0
2018-05-17 09:35:46.360,284697,78980,S,,20180517,728.0,93546360,100,72800.0
2018-05-17 09:35:46.360,284697,81480,S,,20180517,728.0,93546360,100,72800.0
2018-05-17 09:35:46.360,284697,81830,S,,20180517,728.0,93546360,100,72800.0
2018-05-17 09:35:46.360,284697,98507,S,,20180517,728.0,93546360,100,72800.0
2018-05-17 09:35:46.360,284697,110276,S,,20180517,728.0,93546360,100,72800.0
2018-05-17 09:35:46.360,284697,136138,S,,20180517,728.0,93546360,200,145600.0
2018-05-17 09:35:46.360,284697,264412,S,,20180517,728.0,93546360,100,72800.0
2018-05-17 09:35:46.360,284697,265470,S,,20180517,728.0,93546360,100,72800.0
2018-05-17 09:35:46.360,284697,272249,S,,20180517,728.0,93546360,100,72800.0
2018-05-17 09:35:46.360,284697,277757,S,,20180517,728.0,93546360,100,72800.0
2018-05-17 09:35:46.360,284697,279213,S,,20180517,728.0,93546360,1000,728000.0
2018-05-17 09:35:46.360,284697,283415,S,,20180517,728.0,93546360,100,72800.0
2018-05-17 09:35:46.760,284846,283415,S,,20180517,728.0,93546760,100,72800.0
2018-05-17 09:35:47.530,284929,285136,B,,20180517,728.18,93547530,100,72818.0
2018-05-17 09:35:48.890,285335,285705,B,,20180517,728.15,93548890,100,72815.0
2018-05-17 09:35:48.890,285687,285705,B,,20180517,728.15,93548890,400,291260.0
2018-05-17 09:35:49.070,285780,285410,S,,20180517,728.04,93549070,100,72804.0
2018-05-17 09:35:49.690,286004,284912,S,,20180517,728.03,93549690,100,72803.0
2018-05-17 09:35:50.130,284929,286194,B,,20180517,728.18,93550130,100,72818.0
2018-05-17 09:35:51.110,286581,283415,S,,20180517,728.0,93551110,100,72800.0
2018-05-17 09:35:51.390,286704,284617,S,,20180517,728.0,93551390,100,72800.0
2018-05-17 09:35:52.020,286965,285356,S,,20180517,728.0,93552020,100,72800.0
2018-05-17 09:35:52.020,286965,286135,S,,20180517,728.0,93552020,200,145600.0
2018-05-17 09:35:52.100,286815,286989,B,,20180517,728.15,93552100,500,364075.0
2018-05-17 09:35:52.100,286816,286989,B,,20180517,728.15,93552100,500,364075.0
2018-05-17 09:35:52.100,286230,286989,B,,20180517,728.22,93552100,800,582576.0
2018-05-17 09:35:52.100,286538,286989,B,,20180517,728.31,93552100,100,72831.0
2018-05-17 09:35:52.100,282882,286989,B,,20180517,728.33,93552100,1200,873996.0
2018-05-17 09:35:52.100,283826,286989,B,,20180517,728.33,93552100,100,72833.0
2018-05-17 09:35:52.100,284372,286989,B,,20180517,728.33,93552100,500,364165.0
2018-05-17 09:35:52.100,285432,286989,B,,20180517,728.33,93552100,100,72833.0
2018-05-17 09:35:52.100,286588,286989,B,,20180517,728.33,93552100,100,72833.0
2018-05-17 09:35:52.100,279714,286989,B,,20180517,728.5,93552100,100,72850.0
2018-05-17 09:35:52.230,287047,286390,S,,20180517,728.0,93552230,100,72800.0
2018-05-17 09:35:52.230,287047,286409,S,,20180517,728.0,93552230,100,72800.0
2018-05-17 09:35:52.260,287047,287059,B,,20180517,728.0,93552260,100,72800.0
2018-05-17 09:35:52.290,287047,287087,B,,20180517,728.0,93552290,100,72800.0
2018-05-17 09:35:53.820,287752,287537,S,,20180517,728.33,93553820,100,72833.0
2018-05-17 09:35:54.420,287992,287803,S,,20180517,728.3,93554420,100,72830.0
2018-05-17 09:35:54.840,288101,288141,B,,20180517,728.15,93554840,100,72815.0
2018-05-17 09:35:54.990,288101,288208,B,,20180517,728.15,93554990,100,72815.0
2018-05-17 09:35:55.250,288298,287757,S,,20180517,728.05,93555250,100,72805.0
2018-05-17 09:35:55.250,288298,288148,S,,20180517,728.02,93555250,100,72802.0
2018-05-17 09:35:55.510,288416,287249,S,,20180517,728.01,93555510,100,72801.0
2018-05-17 09:35:55.650,288426,288460,B,,20180517,728.33,93555650,100,72833.0
2018-05-17 09:35:56.050,288621,288427,S,,20180517,728.1,93556050,100,72810.0
2018-05-17 09:35:57.110,289068,286410,S,,20180517,727.88,93557110,100,72788.0
2018-05-17 09:35:57.380,288621,289169,B,,20180517,728.0,93557380,100,72800.0
2018-05-17 09:35:57.480,288621,289217,B,,20180517,728.0,93557480,100,72800.0
2018-05-17 09:35:57.550,288621,289236,B,,20180517,728.0,93557550,900,655200.0
2018-05-17 09:35:57.550,288844,289236,B,,20180517,728.0,93557550,100,72800.0
2018-05-17 09:35:57.570,289241,289236,S,,20180517,728.09,93557570,100,72809.0
2018-05-17 09:35:57.570,289243,289236,S,,20180517,728.09,93557570,100,72809.0
2018-05-17 09:35:57.950,289280,289386,B,,20180517,728.0,93557950,100,72800.0
2018-05-17 09:35:58.110,289280,289445,B,,20180517,728.0,93558110,500,364000.0
2018-05-17 09:35:58.110,289385,289445,B,,20180517,728.0,93558110,500,364000.0
2018-05-17 09:35:58.410,287514,289546,B,,20180517,728.49,93558410,100,72849.0
2018-05-17 09:35:58.410,288525,289546,B,,20180517,728.49,93558410,100,72849.0
2018-05-17 09:35:58.410,279714,289546,B,,20180517,728.5,93558410,200,145700.0
2018-05-17 09:35:58.600,289622,289551,S,,20180517,728.15,93558600,100,72815.0
2018-05-17 09:35:59.210,289847,289543,S,,20180517,728.05,93559210,100,72805.0
2018-05-17 09:35:59.210,289847,289541,S,,20180517,728.0,93559210,700,509600.0
2018-05-17 09:35:59.800,290107,289892,S,,20180517,728.33,93559800,100,72833.0
2018-05-17 09:36:00.860,290577,289958,S,,20180517,728.33,93600860,100,72833.0
2018-05-17 09:36:00.880,289635,290599,B,,20180517,728.49,93600880,500,364245.0
2018-05-17 09:36:01.050,290669,290355,S,,20180517,728.33,93601050,100,72833.0
2018-05-17 09:36:01.050,290669,290356,S,,20180517,728.21,93601050,100,72821.0
2018-05-17 09:36:01.690,290922,289949,S,,20180517,728.15,93601690,100,72815.0
2018-05-17 09:36:03.000,291039,291498,B,,20180517,728.16,93603000,100,72816.0
2018-05-17 09:36:03.950,290889,291917,B,,20180517,728.33,93603950,100,72833.0
2018-05-17 09:36:03.950,291414,291917,B,,20180517,728.33,93603950,100,72833.0
2018-05-17 09:36:04.650,279714,292224,B,,20180517,728.5,93604650,100,72850.0
2018-05-17 09:36:05.300,280098,292484,B,,20180517,728.5,93605300,100,72850.0
2018-05-17 09:36:05.300,281418,292484,B,,20180517,728.5,93605300,100,72850.0
2018-05-17 09:36:05.300,282107,292484,B,,20180517,728.5,93605300,112,81592.0
2018-05-17 09:36:05.300,282502,292484,B,,20180517,728.5,93605300,88,64108.0
2018-05-17 09:36:05.470,292577,291917,S,,20180517,728.33,93605470,100,72833.0
2018-05-17 09:36:05.660,282502,292638,B,,20180517,728.5,93605660,12,8742.0
2018-05-17 09:36:05.660,283543,292638,B,,20180517,728.5,93605660,100,72850.0
2018-05-17 09:36:05.660,287770,292638,B,,20180517,728.5,93605660,88,64108.0
2018-05-17 09:36:06.040,287770,292798,B,,20180517,728.5,93606040,100,72850.0
2018-05-17 09:36:06.040,292809,291917,S,,20180517,728.33,93606040,100,72833.0
2018-05-17 09:36:06.590,287770,293031,B,,20180517,728.5,93606590,100,72850.0
2018-05-17 09:36:07.040,287770,293195,B,,20180517,728.5,93607040,12,8742.0
2018-05-17 09:36:07.040,292534,293195,B,,20180517,728.5,93607040,88,64108.0
2018-05-17 09:36:07.090,292534,293234,B,,20180517,728.5,93607090,12,8742.0
2018-05-17 09:36:07.910,282553,293529,B,,20180517,728.6,93607910,300,218580.0
2018-05-17 09:36:08.340,293711,293529,S,,20180517,728.84,93608340,100,72884.0
2018-05-17 09:36:08.640,280310,293818,B,,20180517,728.88,93608640,100,72888.0
2018-05-17 09:36:08.660,293827,293234,S,,20180517,728.5,93608660,88,64108.0
2018-05-17 09:36:08.660,293827,293245,S,,20180517,728.5,93608660,100,72850.0
2018-05-17 09:36:08.660,293827,293738,S,,20180517,728.5,93608660,12,8742.0
2018-05-17 09:36:09.450,294194,293876,S,,20180517,728.5,93609450,100,72850.0
2018-05-17 09:36:09.690,280556,294299,B,,20180517,728.88,93609690,100,72888.0
2018-05-17 09:36:10.010,280556,294421,B,,20180517,728.88,93610010,200,145776.0
2018-05-17 09:36:10.340,294549,294421,S,,20180517,728.88,93610340,200,145776.0
2018-05-17 09:36:10.690,294681,294421,S,,20180517,728.88,93610690,100,72888.0
2018-05-17 09:36:10.790,294726,294471,S,,20180517,728.88,93610790,100,72888.0
2018-05-17 09:36:11.180,294901,294477,S,,20180517,728.88,93611180,100,72888.0
2018-05-17 09:36:11.340,294960,294719,S,,20180517,728.5,93611340,100,72850.0
2018-05-17 09:36:12.370,280342,295451,B,,20180517,728.99,93612370,100,72899.0
2018-05-17 09:36:12.510,280342,295517,B,,20180517,728.99,93612510,100,72899.0
2018-05-17 09:36:12.960,280342,295692,B,,20180517,728.99,93612960,100,72899.0
2018-05-17 09:36:13.370,295868,295692,S,,20180517,728.99,93613370,400,291596.0
2018-05-17 09:36:13.370,295868,295816,S,,20180517,728.58,93613370,100,72858.0
2018-05-17 09:36:13.370,295869,295816,S,,20180517,728.58,93613370,400,291432.0
2018-05-17 09:36:13.370,295869,295392,S,,20180517,728.5,93613370,100,72850.0
2018-05-17 09:36:13.870,296070,295392,S,,20180517,728.5,93613870,200,145700.0
2018-05-17 09:36:13.870,296070,295289,S,,20180517,728.49,93613870,100,72849.0
2018-05-17 09:36:14.220,296220,295289,S,,20180517,728.49,93614220,100,72849.0
2018-05-17 09:36:14.290,296252,294650,S,,20180517,728.34,93614290,300,218502.0
2018-05-17 09:36:15.310,296180,296709,B,,20180517,728.99,93615310,400,291596.0
2018-05-17 09:36:15.310,288399,296709,B,,20180517,729.0,93615310,100,72900.0
2018-05-17 09:36:15.310,289986,296709,B,,20180517,729.0,93615310,200,145800.0
2018-05-17 09:36:15.450,296764,296709,S,,20180517,729.0,93615450,100,72900.0
2018-05-17 09:36:15.690,276590,296873,B,,20180517,729.02,93615690,100,72902.0
2018-05-17 09:36:16.030,297028,296911,S,,20180517,729.04,93616030,100,72904.0
2018-05-17 09:36:17.020,297408,296911,S,,20180517,729.04,93617020,100,72904.0
2018-05-17 09:36:18.300,275922,297941,B,,20180517,729.6,93618300,100,72960.0
2018-05-17 09:36:18.340,297953,297023,S,,20180517,729.02,93618340,100,72902.0
2018-05-17 09:36:19.560,275922,298476,B,,20180517,729.6,93619560,200,145920.0
2018-05-17 09:36:19.890,298594,298476,S,,20180517,729.6,93619890,100,72960.0
2018-05-17 09:36:20.030,298643,297067,S,,20180517,729.02,93620030,100,72902.0
2018-05-17 09:36:21.250,299240,299101,S,,20180517,729.03,93621250,500,364515.0
2018-05-17 09:36:21.250,299240,297079,S,,20180517,729.02,93621250,100,72902.0
2018-05-17 09:36:21.250,299240,298182,S,,20180517,729.02,93621250,100,72902.0
2018-05-17 09:36:21.250,299240,299151,S,,20180517,729.02,93621250,100,72902.0
2018-05-17 09:36:21.860,299495,296709,S,,20180517,729.0,93621860,100,72900.0
2018-05-17 09:36:23.920,300348,300031,S,,20180517,729.03,93623920,100,72903.0
2018-05-17 09:36:25.880,301227,296709,S,,20180517,729.0,93625880,2000,1458000.0
2018-05-17 09:36:26.750,298594,301558,B,,20180517,729.6,93626750,100,72960.0
2018-05-17 09:36:27.190,301814,296709,S,,20180517,729.0,93627190,100,72900.0
2018-05-17 09:36:27.720,301814,302035,B,,20180517,729.0,93627720,900,656100.0
2018-05-17 09:36:27.930,301814,302157,B,,20180517,729.0,93627930,200,145800.0
2018-05-17 09:36:28.100,301814,302233,B,,20180517,729.0,93628100,800,583200.0
2018-05-17 09:36:28.120,301814,302247,B,,20180517,729.0,93628120,100,72900.0
2018-05-17 09:36:28.610,301814,302436,B,,20180517,729.0,93628610,100,72900.0
2018-05-17 09:36:29.300,301814,302727,B,,20180517,729.0,93629300,300,218700.0
2018-05-17 09:36:29.350,301815,302754,B,,20180517,729.0,93629350,100,72900.0
2018-05-17 09:36:29.820,301815,302984,B,,20180517,729.0,93629820,100,72900.0
2018-05-17 09:36:29.890,303024,297696,S,,20180517,728.99,93629890,100,72899.0
2018-05-17 09:36:30.560,303323,298344,S,,20180517,728.99,93630560,100,72899.0
2018-05-17 09:36:30.650,301815,303354,B,,20180517,729.0,93630650,500,364500.0
2018-05-17 09:36:30.650,302174,303354,B,,20180517,729.0,93630650,200,145800.0
2018-05-17 09:36:30.650,302232,303354,B,,20180517,729.0,93630650,200,145800.0
2018-05-17 09:36:30.650,302307,303354,B,,20180517,729.0,93630650,100,72900.0
2018-05-17 09:36:30.650,303334,303354,B,,20180517,729.0,93630650,100,72900.0
2018-05-17 09:36:30.780,303334,303404,B,,20180517,729.0,93630780,600,437400.0
2018-05-17 09:36:31.370,303334,303654,B,,20180517,729.0,93631370,100,72900.0
2018-05-17 09:36:31.860,303334,303861,B,,20180517,729.0,93631860,600,437400.0
2018-05-17 09:36:32.260,303334,304004,B,,20180517,729.0,93632260,100,72900.0
2018-05-17 09:36:32.290,303334,304043,B,,20180517,729.0,93632290,100,72900.0
2018-05-17 09:36:32.450,303334,304121,B,,20180517,729.0,93632450,200,145800.0
2018-05-17 09:36:32.940,303334,304351,B,,20180517,729.0,93632940,100,72900.0
2018-05-17 09:36:33.160,303334,304475,B,,20180517,729.0,93633160,100,72900.0
2018-05-17 09:36:33.330,303334,304569,B,,20180517,729.0,93633330,200,145800.0
2018-05-17 09:36:33.760,303334,304729,B,,20180517,729.0,93633760,100,72900.0
2018-05-17 09:36:34.460,303334,305007,B,,20180517,729.0,93634460,200,145800.0
2018-05-17 09:36:34.560,303334,305032,B,,20180517,729.0,93634560,500,364500.0
2018-05-17 09:36:34.850,303979,305148,B,,20180517,729.0,93634850,100,72900.0
2018-05-17 09:36:35.040,303979,305263,B,,20180517,729.0,93635040,100,72900.0
2018-05-17 09:36:35.040,304487,305263,B,,20180517,729.0,93635040,200,145800.0
2018-05-17 09:36:35.390,304895,305429,B,,20180517,729.0,93635390,100,72900.0
2018-05-17 09:36:35.530,304895,305505,B,,20180517,729.0,93635530,100,72900.0
2018-05-17 09:36:35.820,304895,305645,B,,20180517,729.0,93635820,100,72900.0
2018-05-17 09:36:35.820,305033,305645,B,,20180517,729.0,93635820,300,218700.0
2018-05-17 09:36:35.820,305112,305645,B,,20180517,729.0,93635820,400,291600.0
2018-05-17 09:36:36.010,304851,305695,B,,20180517,729.03,93636010,100,72903.0
2018-05-17 09:36:36.640,304851,305959,B,,20180517,729.03,93636640,400,291612.0
2018-05-17 09:36:36.850,306036,305959,S,,20180517,729.05,93636850,100,72905.0
