,AskOrder,BidOrder,BSFlags,FunctionCode,Date,Price,Time,Volume,Amount
2018-05-07 09:25:00.130,48558,81569,B,,20180507,659.95,92500130,100,65995.0
2018-05-07 09:25:00.130,48558,82937,B,,20180507,659.95,92500130,100,65995.0
2018-05-07 09:25:00.130,48558,16121,S,,20180507,659.95,92500130,100,65995.0
2018-05-07 09:25:00.130,51773,16121,S,,20180507,659.95,92500130,100,65995.0
2018-05-07 09:25:00.130,52119,16121,S,,20180507,659.95,92500130,100,65995.0
2018-05-07 09:25:00.130,52514,16121,S,,20180507,659.95,92500130,100,65995.0
2018-05-07 09:25:00.130,52514,66067,B,,20180507,659.95,92500130,100,65995.0
2018-05-07 09:25:00.130,52514,66079,B,,20180507,659.95,92500130,100,65995.0
2018-05-07 09:25:00.130,52514,60231,B,,20180507,659.95,92500130,100,65995.0
2018-05-07 09:25:00.130,52514,23661,S,,20180507,659.95,92500130,100,65995.0
2018-05-07 09:25:00.130,70433,44997,S,,20180507,659.95,92500130,200,131990.0
2018-05-07 09:25:00.130,87351,44997,S,,20180507,659.95,92500130,100,65995.0
2018-05-07 09:25:00.130,18281,44997,B,,20180507,659.95,92500130,100,65995.0
2018-05-07 09:25:00.130,18811,44997,B,,20180507,659.95,92500130,400,263980.0
2018-05-07 09:25:00.130,18811,66068,B,,20180507,659.95,92500130,600,395970.0
2018-05-07 09:25:00.130,22468,71998,B,,20180507,659.95,92500130,100,65995.0
2018-05-07 09:25:00.130,22470,79115,B,,20180507,659.95,92500130,600,395970.0
2018-05-07 09:25:00.130,22470,79542,B,,20180507,659.95,92500130,100,65995.0
2018-05-07 09:25:00.130,22470,80080,B,,20180507,659.95,92500130,100,65995.0
2018-05-07 09:25:00.130,22470,80319,B,,20180507,659.95,92500130,200,131990.0
2018-05-07 09:25:00.130,22471,81060,B,,20180507,659.95,92500130,100,65995.0
2018-05-07 09:25:00.130,22473,81878,B,,20180507,659.95,92500130,500,329975.0
2018-05-07 09:25:00.130,22473,82205,B,,20180507,659.95,92500130,100,65995.0
2018-05-07 09:25:00.130,22473,82564,B,,20180507,659.95,92500130,100,65995.0
2018-05-07 09:25:00.130,22473,83554,B,,20180507,659.95,92500130,100,65995.0
2018-05-07 09:25:00.130,22473,84313,B,,20180507,659.95,92500130,100,65995.0
2018-05-07 09:25:00.130,22473,83758,B,,20180507,659.95,92500130,100,65995.0
2018-05-07 09:25:00.130,22474,83758,B,,20180507,659.95,92500130,900,593955.0
2018-05-07 09:25:00.130,22474,84964,B,,20180507,659.95,92500130,100,65995.0
2018-05-07 09:25:00.130,22477,85545,B,,20180507,659.95,92500130,300,197985.0
2018-05-07 09:25:00.130,22477,64105,B,,20180507,659.95,92500130,700,461965.00000000006
2018-05-07 09:25:00.130,79106,64105,S,,20180507,659.95,92500130,300,197985.0
2018-05-07 09:25:00.130,79106,23656,S,,20180507,659.95,92500130,400,263980.0
2018-05-07 09:25:00.130,79106,801,S,,20180507,659.95,92500130,1000,659950.0
2018-05-07 09:25:00.130,79106,84442,B,,20180507,659.95,92500130,100,65995.0
2018-05-07 09:25:00.130,79106,37351,S,,20180507,659.95,92500130,700,461965.00000000006
2018-05-07 09:25:00.130,80318,37351,S,,20180507,659.95,92500130,300,197985.0
2018-05-07 09:25:00.130,80318,76242,S,,20180507,659.95,92500130,100,65995.0
2018-05-07 09:25:00.130,80318,58322,S,,20180507,659.95,92500130,100,65995.0
2018-05-07 09:25:00.130,80318,18012,S,,20180507,659.95,92500130,100,65995.0
2018-05-07 09:25:00.130,80318,82270,B,,20180507,659.95,92500130,100,65995.0
2018-05-07 09:25:00.130,80318,55259,S,,20180507,659.95,92500130,100,65995.0
2018-05-07 09:25:00.130,80318,84607,B,,20180507,659.95,92500130,100,65995.0
2018-05-07 09:25:00.130,80318,16876,S,,20180507,659.95,92500130,200,131990.0
2018-05-07 09:25:00.130,80318,23652,S,,20180507,659.95,92500130,200,131990.0
2018-05-07 09:25:00.130,80318,34764,S,,20180507,659.95,92500130,100,65995.0
2018-05-07 09:25:00.130,81866,2239,S,,20180507,659.95,92500130,600,395970.0
2018-05-07 09:25:00.130,44998,2239,S,,20180507,659.95,92500130,100,65995.0
2018-05-07 09:25:00.130,44998,7829,S,,20180507,659.95,92500130,100,65995.0
2018-05-07 09:25:00.130,44998,11775,S,,20180507,659.95,92500130,100,65995.0
2018-05-07 09:25:00.130,44998,28868,S,,20180507,659.95,92500130,100,65995.0
2018-05-07 09:25:00.130,44998,35931,S,,20180507,659.95,92500130,100,65995.0
2018-05-07 09:25:00.130,66782,29386,S,,20180507,659.95,92500130,86,56755.700000000004
2018-05-07 09:25:00.130,2118,29386,B,,20180507,659.95,92500130,14,9239.300000000001
2018-05-07 09:25:00.130,2118,7343,B,,20180507,659.95,92500130,1528,1008403.6000000001
2018-05-07 09:25:00.130,16066,7343,S,,20180507,659.95,92500130,200,131990.0
2018-05-07 09:25:00.130,23666,7343,S,,20180507,659.95,92500130,36,23758.2
2018-05-07 09:25:00.130,23663,7343,S,,20180507,659.95,92500130,500,329975.0
2018-05-07 09:25:00.130,23665,7343,S,,20180507,659.95,92500130,400,263980.0
2018-05-07 09:25:00.130,23667,7343,S,,20180507,659.95,92500130,100,65995.0
2018-05-07 09:25:00.130,56831,7343,S,,20180507,659.95,92500130,200,131990.0
2018-05-07 09:25:00.130,66431,7343,S,,20180507,659.95,92500130,36,23758.2
2018-05-07 09:25:00.130,66431,19931,S,,20180507,659.95,92500130,64,42236.8
2018-05-07 09:25:00.130,70003,19931,S,,20180507,659.95,92500130,36,23758.2
2018-05-07 09:25:00.130,70003,53803,S,,20180507,659.95,92500130,64,42236.8
2018-05-07 09:25:00.130,79203,53803,S,,20180507,659.95,92500130,36,23758.2
2018-05-07 09:25:00.130,79203,53806,S,,20180507,659.95,92500130,100,65995.0
2018-05-07 09:25:00.130,79203,70197,S,,20180507,659.95,92500130,100,65995.0
2018-05-07 09:25:00.130,79203,80386,B,,20180507,659.95,92500130,100,65995.0
2018-05-07 09:25:00.130,79203,83099,B,,20180507,659.95,92500130,164,108231.8
2018-05-07 09:25:00.130,79204,83099,B,,20180507,659.95,92500130,100,65995.0
2018-05-07 09:25:00.130,80431,83099,B,,20180507,659.95,92500130,300,197985.0
2018-05-07 09:25:00.130,81237,83099,B,,20180507,659.95,92500130,100,65995.0
2018-05-07 09:25:00.130,82244,83099,B,,20180507,659.95,92500130,400,263980.0
2018-05-07 09:25:00.130,82254,83099,B,,20180507,659.95,92500130,100,65995.0
2018-05-07 09:25:00.130,82836,83099,B,,20180507,659.95,92500130,100,65995.0
2018-05-07 09:25:00.130,83960,83099,S,,20180507,659.95,92500130,100,65995.0
2018-05-07 09:25:00.130,84535,83099,S,,20180507,659.95,92500130,100,65995.0
2018-05-07 09:25:00.130,85098,83099,S,,20180507,659.95,92500130,400,263980.0
2018-05-07 09:25:00.130,86297,83099,S,,20180507,659.95,92500130,100,65995.0
2018-05-07 09:25:00.130,65408,83099,B,,20180507,659.95,92500130,2236,1475648.2000000002
2018-05-07 09:25:00.130,65408,83724,B,,20180507,659.95,92500130,100,65995.0
2018-05-07 09:25:00.130,65408,2840,S,,20180507,659.95,92500130,100,65995.0
2018-05-07 09:25:00.130,65408,82264,B,,20180507,659.95,92500130,664,438206.80000000005
2018-05-07 09:25:00.130,65409,82264,B,,20180507,659.95,92500130,300,197985.0
2018-05-07 09:25:00.130,84594,82264,S,,20180507,659.95,92500130,36,23758.2
2018-05-07 09:25:00.130,84594,76267,S,,20180507,659.95,92500130,200,131990.0
2018-05-07 09:25:00.130,84594,79818,S,,20180507,659.95,92500130,1400,923930.0000000001
2018-05-07 09:25:00.130,84594,80796,S,,20180507,659.95,92500130,100,65995.0
2018-05-07 09:25:00.130,84594,83664,S,,20180507,659.95,92500130,300,197985.0
2018-05-07 09:25:00.130,84594,84745,B,,20180507,659.95,92500130,100,65995.0
2018-05-07 09:25:00.130,84594,85095,B,,20180507,659.95,92500130,1100,725945.0
2018-05-07 09:25:00.130,84594,88150,B,,20180507,659.95,92500130,64,42236.8
2018-05-07 09:25:00.130,61649,88150,B,,20180507,659.95,92500130,100,65995.0
2018-05-07 09:25:00.130,8758,88150,B,,20180507,659.95,92500130,1500,989925.0000000001
2018-05-07 09:25:00.130,57895,88150,B,,20180507,659.95,92500130,200,131990.0
2018-05-07 09:25:00.130,82703,88150,B,,20180507,659.95,92500130,100,65995.0
2018-05-07 09:25:00.130,84178,88150,B,,20180507,659.95,92500130,100,65995.0
2018-05-07 09:25:00.130,69534,88150,B,,20180507,659.95,92500130,500,329975.0
2018-05-07 09:25:00.130,87162,88150,B,,20180507,659.95,92500130,100,65995.0
2018-05-07 09:25:00.130,58972,88150,B,,20180507,659.95,92500130,200,131990.0
2018-05-07 09:25:00.130,64417,88150,B,,20180507,659.95,92500130,200,131990.0
2018-05-07 09:25:00.130,65368,88150,B,,20180507,659.95,92500130,200,131990.0
2018-05-07 09:25:00.130,66650,88150,B,,20180507,659.95,92500130,100,65995.0
2018-05-07 09:25:00.130,67616,88150,B,,20180507,659.95,92500130,200,131990.0
2018-05-07 09:25:00.130,68848,88150,B,,20180507,659.95,92500130,100,65995.0
2018-05-07 09:25:00.130,70592,88150,B,,20180507,659.95,92500130,100,65995.0
2018-05-07 09:25:00.130,71751,88150,B,,20180507,659.95,92500130,100,65995.0
2018-05-07 09:25:00.130,72879,88150,B,,20180507,659.95,92500130,100,65995.0
2018-05-07 09:25:00.130,82379,88150,B,,20180507,659.95,92500130,100,65995.0
2018-05-07 09:25:00.130,66497,88150,B,,20180507,659.95,92500130,100,65995.0
2018-05-07 09:25:00.130,61584,88150,B,,20180507,659.95,92500130,200,131990.0
2018-05-07 09:25:00.130,64518,88150,B,,20180507,659.95,92500130,100,65995.0
2018-05-07 09:25:00.130,81802,88150,B,,20180507,659.95,92500130,100,65995.0
2018-05-07 09:25:00.130,83872,88150,B,,20180507,659.95,92500130,636,419728.2
2018-05-07 09:25:00.130,83872,7320,S,,20180507,659.95,92500130,100,65995.0
2018-05-07 09:25:00.130,83872,17360,S,,20180507,659.95,92500130,100,65995.0
2018-05-07 09:25:00.130,83872,17438,S,,20180507,659.95,92500130,100,65995.0
2018-05-07 09:25:00.130,83872,78911,S,,20180507,659.95,92500130,64,42236.8
2018-05-07 09:25:00.130,78767,78911,B,,20180507,659.95,92500130,636,419728.2
2018-05-07 09:25:00.130,78767,80082,B,,20180507,659.95,92500130,100,65995.0
2018-05-07 09:25:00.130,78767,81893,B,,20180507,659.95,92500130,100,65995.0
2018-05-07 09:25:00.130,78767,83133,B,,20180507,659.95,92500130,100,65995.0
2018-05-07 09:25:00.130,78767,84754,B,,20180507,659.95,92500130,100,65995.0
2018-05-07 09:25:00.130,78767,86275,B,,20180507,659.95,92500130,100,65995.0
2018-05-07 09:25:00.130,78767,88018,B,,20180507,659.95,92500130,300,197985.0
2018-05-07 09:25:00.130,78767,7321,S,,20180507,659.95,92500130,100,65995.0
2018-05-07 09:25:00.130,78767,70572,S,,20180507,659.95,92500130,100,65995.0
2018-05-07 09:25:00.130,78767,71645,S,,20180507,659.95,92500130,200,131990.0
2018-05-07 09:25:00.130,78767,11059,S,,20180507,659.95,92500130,300,197985.0
2018-05-07 09:25:00.130,78767,86163,B,,20180507,659.95,92500130,100,65995.0
2018-05-07 09:25:00.130,78767,87526,B,,20180507,659.95,92500130,1200,791940.0
2018-05-07 09:25:00.130,78767,74935,S,,20180507,659.95,92500130,100,65995.0
2018-05-07 09:25:00.130,78767,22790,S,,20180507,659.95,92500130,500,329975.0
2018-05-07 09:25:00.130,78767,56994,S,,20180507,659.95,92500130,100,65995.0
2018-05-07 09:25:00.130,78767,23284,S,,20180507,659.95,92500130,100,65995.0
2018-05-07 09:25:00.130,78767,76802,S,,20180507,659.95,92500130,100,65995.0
2018-05-07 09:25:00.130,78767,12910,S,,20180507,659.95,92500130,100,65995.0
2018-05-07 09:25:00.130,78767,21910,S,,20180507,659.95,92500130,100,65995.0
2018-05-07 09:25:00.130,78767,26284,S,,20180507,659.95,92500130,100,65995.0
2018-05-07 09:25:00.130,78767,28263,S,,20180507,659.95,92500130,100,65995.0
2018-05-07 09:25:00.130,78767,64894,S,,20180507,659.95,92500130,400,263980.0
2018-05-07 09:25:00.130,78767,66277,S,,20180507,659.95,92500130,400,263980.0
2018-05-07 09:25:00.130,78767,67751,S,,20180507,659.95,92500130,100,65995.0
2018-05-07 09:25:00.130,78767,68572,S,,20180507,659.95,92500130,100,65995.0
2018-05-07 09:25:00.130,78767,68974,S,,20180507,659.95,92500130,1000,659950.0
2018-05-07 09:25:00.130,78767,70458,S,,20180507,659.95,92500130,100,65995.0
2018-05-07 09:25:00.130,78767,72525,S,,20180507,659.95,92500130,100,65995.0
2018-05-07 09:25:00.130,78767,72834,S,,20180507,659.95,92500130,300,197985.0
2018-05-07 09:25:00.130,78767,73648,S,,20180507,659.95,92500130,100,65995.0
2018-05-07 09:25:00.130,78767,77342,S,,20180507,659.95,92500130,200,131990.0
2018-05-07 09:25:00.130,78767,79416,B,,20180507,659.95,92500130,100,65995.0
2018-05-07 09:25:00.130,78767,80826,B,,20180507,659.95,92500130,500,329975.0
2018-05-07 09:25:00.130,78767,83809,B,,20180507,659.95,92500130,100,65995.0
2018-05-07 09:25:00.130,78767,85534,B,,20180507,659.95,92500130,200,131990.0
2018-05-07 09:25:00.130,78767,85667,B,,20180507,659.95,92500130,200,131990.0
2018-05-07 09:25:00.130,78767,85695,B,,20180507,659.95,92500130,500,329975.0
2018-05-07 09:25:00.130,78767,86056,B,,20180507,659.95,92500130,300,197985.0
2018-05-07 09:25:00.130,78767,86797,B,,20180507,659.95,92500130,100,65995.0
2018-05-07 09:25:00.130,78767,86943,B,,20180507,659.95,92500130,100,65995.0
2018-05-07 09:25:00.130,78767,87353,B,,20180507,659.95,92500130,400,263980.0
2018-05-07 09:25:00.130,78767,88355,B,,20180507,659.95,92500130,4964,3275991.8000000003
2018-05-07 09:25:00.130,81786,88355,B,,20180507,659.95,92500130,400,263980.0
2018-05-07 09:25:00.130,84479,88355,B,,20180507,659.95,92500130,2000,1319900.0
2018-05-07 09:25:00.130,84883,88355,B,,20180507,659.95,92500130,200,131990.0
2018-05-07 09:25:00.130,83189,88355,B,,20180507,659.95,92500130,1200,791940.0
2018-05-07 09:25:00.130,84963,88355,B,,20180507,659.95,92500130,200,131990.0
2018-05-07 09:25:00.130,23634,88355,B,,20180507,659.95,92500130,100,65995.0
2018-05-07 09:25:00.130,84904,88355,B,,20180507,659.95,92500130,36,23758.2
2018-05-07 09:25:00.130,84904,83309,S,,20180507,659.95,92500130,64,42236.8
2018-05-07 09:25:00.130,87263,83309,S,,20180507,659.95,92500130,36,23758.2
2018-05-07 09:25:00.130,87263,82118,S,,20180507,659.95,92500130,64,42236.8
2018-05-07 09:25:00.130,77917,82118,B,,20180507,659.95,92500130,100,65995.0
2018-05-07 09:25:00.130,76583,82118,B,,20180507,659.95,92500130,336,221743.2
2018-05-07 09:29:59.060,76583,88414,B,,20180507,659.95,92959060,100,65995.0
2018-05-07 09:29:59.190,76583,88649,B,,20180507,659.95,92959190,500,329975.0
2018-05-07 09:29:59.300,76583,88963,B,,20180507,659.95,92959300,64,42236.8
2018-05-07 09:29:59.300,77626,88963,B,,20180507,660.95,92959300,436,288174.2
2018-05-07 09:29:59.300,77626,88982,B,,20180507,660.95,92959300,300,198285.0
2018-05-07 09:29:59.370,89325,89296,S,,20180507,659.96,92959370,100,65996.0
2018-05-07 09:29:59.370,89325,89292,S,,20180507,659.95,92959370,200,131990.0
2018-05-07 09:29:59.370,89325,87530,S,,20180507,659.9,92959370,200,131980.0
2018-05-07 09:29:59.370,89325,88101,S,,20180507,659.9,92959370,100,65990.0
2018-05-07 09:29:59.400,89325,89514,B,,20180507,659.9,92959400,100,65990.0
2018-05-07 09:29:59.430,89686,73076,S,,20180507,659.8,92959430,100,65980.0
2018-05-07 09:29:59.430,89686,83653,S,,20180507,659.8,92959430,600,395880.0
2018-05-07 09:29:59.430,89686,85046,S,,20180507,659.8,92959430,300,197940.0
2018-05-07 09:29:59.460,90037,89709,S,,20180507,659.95,92959460,100,65995.0
2018-05-07 09:29:59.500,90584,90570,S,,20180507,660.5,92959500,100,66050.0
2018-05-07 09:29:59.540,77626,90672,B,,20180507,660.95,92959540,264,174490.80000000002
2018-05-07 09:29:59.540,61008,90672,B,,20180507,662.0,92959540,236,156232.0
2018-05-07 09:29:59.540,61008,90674,B,,20180507,662.0,92959540,600,397200.0
2018-05-07 09:29:59.540,91050,90121,S,,20180507,659.96,92959540,100,65996.0
2018-05-07 09:29:59.540,91050,90346,S,,20180507,659.96,92959540,500,329980.0
2018-05-07 09:29:59.570,91173,90346,S,,20180507,659.96,92959570,100,65996.0
2018-05-07 09:29:59.570,91173,89939,S,,20180507,659.95,92959570,100,65995.0
2018-05-07 09:29:59.650,91854,90320,S,,20180507,659.95,92959650,100,65995.0
2018-05-07 09:29:59.650,91856,91622,S,,20180507,659.95,92959650,100,65995.0
2018-05-07 09:30:00.060,95685,92699,S,,20180507,661.0,93000060,100,66100.0
2018-05-07 09:30:00.120,96220,95195,S,,20180507,660.2,93000120,300,198060.0
2018-05-07 09:30:00.160,96520,92145,S,,20180507,659.99,93000160,100,65999.0
2018-05-07 09:30:00.450,98674,97916,S,,20180507,659.98,93000450,100,65998.0
2018-05-07 09:30:00.450,98674,91622,S,,20180507,659.95,93000450,100,65995.0
2018-05-07 09:30:00.450,98674,93058,S,,20180507,659.95,93000450,100,65995.0
2018-05-07 09:30:00.450,98674,94186,S,,20180507,659.95,93000450,100,65995.0
2018-05-07 09:30:00.450,98674,94400,S,,20180507,659.95,93000450,100,65995.0
2018-05-07 09:30:00.480,98977,94400,S,,20180507,659.95,93000480,300,197985.0
2018-05-07 09:30:00.480,98977,94605,S,,20180507,659.95,93000480,100,65995.0
2018-05-07 09:30:00.480,98977,95235,S,,20180507,659.95,93000480,500,329975.0
2018-05-07 09:30:00.480,98977,95730,S,,20180507,659.95,93000480,100,65995.0
2018-05-07 09:30:00.520,99153,99037,S,,20180507,660.0,93000520,100,66000.0
2018-05-07 09:30:00.590,99478,96065,S,,20180507,659.95,93000590,200,131990.0
2018-05-07 09:30:00.590,99478,96249,S,,20180507,659.95,93000590,100,65995.0
2018-05-07 09:30:00.710,100171,99791,S,,20180507,659.98,93000710,2000,1319960.0
2018-05-07 09:30:00.710,100171,96516,S,,20180507,659.95,93000710,200,131990.0
2018-05-07 09:30:00.710,100171,96863,S,,20180507,659.95,93000710,100,65995.0
2018-05-07 09:30:00.710,100171,98023,S,,20180507,659.95,93000710,500,329975.0
2018-05-07 09:30:00.710,100302,98877,S,,20180507,659.95,93000710,100,65995.0
2018-05-07 09:30:00.710,100346,98877,S,,20180507,659.95,93000710,200,131990.0
2018-05-07 09:30:00.710,100346,99346,S,,20180507,659.95,93000710,100,65995.0
2018-05-07 09:30:00.710,100346,99711,S,,20180507,659.95,93000710,100,65995.0
2018-05-07 09:30:00.770,100642,99867,S,,20180507,659.95,93000770,100,65995.0
2018-05-07 09:30:00.770,100642,100082,S,,20180507,659.95,93000770,100,65995.0
2018-05-07 09:30:00.770,100642,100095,S,,20180507,659.95,93000770,200,131990.0
2018-05-07 09:30:01.040,101879,101373,S,,20180507,659.95,93001040,200,131990.0
2018-05-07 09:30:01.040,102059,101373,S,,20180507,659.95,93001040,600,395970.0
2018-05-07 09:30:01.370,105942,105774,S,,20180507,661.0,93001370,91,60151.0
2018-05-07 09:30:01.620,109131,105774,S,,20180507,661.0,93001620,100,66100.0
2018-05-07 09:30:01.620,109768,105774,S,,20180507,661.0,93001620,309,204249.0
2018-05-07 09:30:01.620,109768,105331,S,,20180507,660.95,93001620,700,462665.00000000006
2018-05-07 09:30:01.620,109768,105886,S,,20180507,660.95,93001620,200,132190.0
2018-05-07 09:30:01.620,109768,108788,S,,20180507,660.95,93001620,100,66095.0
2018-05-07 09:30:01.620,109768,108798,S,,20180507,660.95,93001620,100,66095.0
2018-05-07 09:30:01.620,109768,105497,S,,20180507,660.5,93001620,100,66050.0
2018-05-07 09:30:01.620,109768,105932,S,,20180507,660.2,93001620,100,66020.0
2018-05-07 09:30:01.620,109768,102232,S,,20180507,660.1,93001620,400,264040.0
2018-05-07 09:30:01.620,109768,109456,S,,20180507,660.02,93001620,100,66002.0
2018-05-07 09:30:01.620,109768,103131,S,,20180507,660.0,93001620,100,66000.0
2018-05-07 09:30:01.620,109768,105077,S,,20180507,660.0,93001620,700,462000.0
2018-05-07 09:30:01.620,109768,105319,S,,20180507,660.0,93001620,100,66000.0
2018-05-07 09:30:01.620,109768,105889,S,,20180507,660.0,93001620,100,66000.0
2018-05-07 09:30:01.620,109768,105930,S,,20180507,660.0,93001620,500,330000.0
2018-05-07 09:30:01.620,109768,106164,S,,20180507,660.0,93001620,100,66000.0
2018-05-07 09:30:01.620,109768,108792,S,,20180507,660.0,93001620,100,66000.0
2018-05-07 09:30:01.620,109768,109223,S,,20180507,660.0,93001620,100,66000.0
2018-05-07 09:30:01.620,109768,109735,S,,20180507,660.0,93001620,300,198000.0
2018-05-07 09:30:01.620,109768,105328,S,,20180507,659.99,93001620,100,65999.0
2018-05-07 09:30:01.620,109768,105526,S,,20180507,659.99,93001620,100,65999.0
2018-05-07 09:30:01.620,109768,103912,S,,20180507,659.96,93001620,100,65996.0
2018-05-07 09:30:01.620,109768,101373,S,,20180507,659.95,93001620,3591,2369880.45
2018-05-07 09:30:01.840,112492,110333,S,,20180507,661.0,93001840,100,66100.0
2018-05-07 09:30:01.940,113514,110333,S,,20180507,661.0,93001940,100,66100.0
2018-05-07 09:30:02.040,115123,110333,S,,20180507,661.0,93002040,100,66100.0
2018-05-07 09:30:02.080,115280,111609,S,,20180507,660.5,93002080,100,66050.0
2018-05-07 09:30:02.080,115280,110201,S,,20180507,660.1,93002080,100,66010.0
2018-05-07 09:30:02.080,115280,112083,S,,20180507,660.06,93002080,300,198017.99999999997
2018-05-07 09:30:02.420,118948,109984,S,,20180507,660.0,93002420,100,66000.0
2018-05-07 09:30:02.420,119156,118953,S,,20180507,660.95,93002420,100,66095.0
2018-05-07 09:30:02.970,122051,118953,S,,20180507,660.95,93002970,100,66095.0
2018-05-07 09:30:03.030,122189,121320,S,,20180507,660.03,93003030,100,66003.0
2018-05-07 09:30:03.180,122866,121180,S,,20180507,660.02,93003180,100,66002.0
2018-05-07 09:30:03.580,124209,121180,S,,20180507,660.02,93003580,200,132004.0
2018-05-07 09:30:03.680,124392,121180,S,,20180507,660.02,93003680,300,198006.0
2018-05-07 09:30:04.470,126214,125943,S,,20180507,661.01,93004470,100,66101.0
2018-05-07 09:30:05.720,127735,125880,S,,20180507,660.5,93005720,100,66050.0
2018-05-07 09:30:05.720,127745,125980,S,,20180507,660.2,93005720,100,66020.0
2018-05-07 09:30:06.950,110713,128777,B,,20180507,661.99,93006950,38,25155.62
2018-05-07 09:30:06.950,61008,128777,B,,20180507,662.0,93006950,62,41044.0
2018-05-07 09:30:07.870,129370,128265,S,,20180507,661.69,93007870,200,132338.0
2018-05-07 09:30:08.240,61008,129683,B,,20180507,662.0,93008240,100,66200.0
2018-05-07 09:30:09.360,130826,128265,S,,20180507,661.69,93009360,100,66169.0
2018-05-07 09:30:09.860,130594,131237,B,,20180507,661.99,93009860,100,66199.0
2018-05-07 09:30:10.400,131663,128265,S,,20180507,661.69,93010400,100,66169.0
2018-05-07 09:30:10.400,131663,130644,S,,20180507,661.69,93010400,300,198507.00000000003
2018-05-07 09:30:10.400,131663,128309,S,,20180507,661.0,93010400,600,396600.0
2018-05-07 09:30:10.400,131663,131516,S,,20180507,660.11,93010400,100,66011.0
2018-05-07 09:30:10.400,131663,130848,S,,20180507,660.03,93010400,200,132006.0
2018-05-07 09:30:10.400,131663,125716,S,,20180507,660.01,93010400,200,132002.0
2018-05-07 09:30:10.400,131663,119287,S,,20180507,660.0,93010400,100,66000.0
2018-05-07 09:30:10.400,131663,126046,S,,20180507,660.0,93010400,200,132000.0
2018-05-07 09:30:10.400,131663,128846,S,,20180507,660.0,93010400,200,132000.0
2018-05-07 09:30:11.640,132484,131765,S,,20180507,660.5,93011640,100,66050.0
2018-05-07 09:30:11.640,132484,128846,S,,20180507,660.0,93011640,100,66000.0
2018-05-07 09:30:11.690,132520,128846,S,,20180507,660.0,93011690,100,66000.0
2018-05-07 09:30:12.220,132755,128846,S,,20180507,660.0,93012220,100,66000.0
2018-05-07 09:30:12.410,132070,132845,B,,20180507,661.69,93012410,100,66169.0
2018-05-07 09:30:12.640,132070,132943,B,,20180507,661.69,93012640,200,132338.0
2018-05-07 09:30:12.640,132167,132943,B,,20180507,661.69,93012640,200,132338.0
2018-05-07 09:30:12.640,132203,132943,B,,20180507,661.69,93012640,300,198507.00000000003
2018-05-07 09:30:12.690,132386,132969,B,,20180507,661.69,93012690,200,132338.0
2018-05-07 09:30:12.690,132386,132970,B,,20180507,661.69,93012690,200,132338.0
2018-05-07 09:30:12.690,132880,132970,B,,20180507,661.69,93012690,100,66169.0
2018-05-07 09:30:12.690,130595,132971,B,,20180507,661.99,93012690,100,66199.0
2018-05-07 09:30:12.690,130640,132971,B,,20180507,661.99,93012690,100,66199.0
2018-05-07 09:30:13.970,133443,132973,S,,20180507,661.69,93013970,100,66169.0
2018-05-07 09:30:15.020,133812,132973,S,,20180507,661.69,93015020,500,330845.0
2018-05-07 09:30:15.020,133812,133362,S,,20180507,661.69,93015020,500,330845.0
2018-05-07 09:30:15.060,133813,133362,S,,20180507,661.69,93015060,500,330845.0
2018-05-07 09:30:15.220,133880,133362,S,,20180507,661.69,93015220,100,66169.0
2018-05-07 09:30:15.800,134073,134100,B,,20180507,661.69,93015800,100,66169.0
2018-05-07 09:30:15.800,134074,134100,B,,20180507,661.69,93015800,100,66169.0
2018-05-07 09:30:15.800,134075,134100,B,,20180507,661.69,93015800,100,66169.0
2018-05-07 09:30:15.800,134076,134100,B,,20180507,661.69,93015800,100,66169.0
2018-05-07 09:30:17.810,134833,134125,S,,20180507,660.02,93017810,71,46861.42
2018-05-07 09:30:18.240,134076,134990,B,,20180507,661.69,93018240,100,66169.0
2018-05-07 09:30:18.240,134077,134990,B,,20180507,661.69,93018240,100,66169.0
2018-05-07 09:30:18.950,134078,135247,B,,20180507,661.69,93018950,100,66169.0
2018-05-07 09:30:19.700,133008,135523,B,,20180507,661.98,93019700,100,66198.0
2018-05-07 09:30:19.700,61008,135523,B,,20180507,662.0,93019700,400,264800.0
2018-05-07 09:30:19.990,61008,135671,B,,20180507,662.0,93019990,202,133724.0
2018-05-07 09:30:19.990,98081,135671,B,,20180507,662.0,93019990,100,66200.0
2018-05-07 09:30:20.440,135854,135671,S,,20180507,662.0,93020440,100,66200.0
2018-05-07 09:30:21.140,136164,135671,S,,20180507,662.0,93021140,500,331000.0
2018-05-07 09:30:21.640,136373,135671,S,,20180507,662.0,93021640,300,198600.0
2018-05-07 09:30:21.700,136399,135671,S,,20180507,662.0,93021700,300,198600.0
2018-05-07 09:30:21.700,136415,135671,S,,20180507,662.0,93021700,100,66200.0
2018-05-07 09:30:21.860,136510,135671,S,,20180507,662.0,93021860,98,64876.0
2018-05-07 09:30:21.860,136510,135375,S,,20180507,660.99,93021860,102,67420.98
2018-05-07 09:30:22.580,12508,136828,B,,20180507,662.87,93022580,100,66287.0
2018-05-07 09:30:23.510,137011,137263,B,,20180507,662.5,93023510,100,66250.0
2018-05-07 09:30:23.510,12508,137263,B,,20180507,662.87,93023510,500,331435.0
2018-05-07 09:30:26.250,12508,138249,B,,20180507,662.87,93026250,100,66287.0
2018-05-07 09:30:27.230,12508,138573,B,,20180507,662.87,93027230,100,66287.0
2018-05-07 09:30:28.620,138917,139092,B,,20180507,662.86,93028620,100,66286.0
2018-05-07 09:30:28.620,12508,139092,B,,20180507,662.87,93028620,100,66287.0
2018-05-07 09:30:28.620,21792,139092,B,,20180507,662.87,93028620,100,66287.0
2018-05-07 09:30:28.620,43077,139092,B,,20180507,662.87,93028620,400,265148.0
2018-05-07 09:30:28.620,137286,139092,B,,20180507,662.87,93028620,300,198861.0
2018-05-07 09:30:28.620,137313,139095,B,,20180507,662.87,93028620,100,66287.0
2018-05-07 09:30:29.170,139283,139095,S,,20180507,662.87,93029170,100,66287.0
2018-05-07 09:30:29.210,139298,139095,S,,20180507,662.87,93029210,100,66287.0
2018-05-07 09:30:30.200,139507,139700,B,,20180507,662.87,93030200,100,66287.0
2018-05-07 09:30:30.200,138538,139700,B,,20180507,662.88,93030200,100,66288.0
2018-05-07 09:30:31.710,140313,139413,S,,20180507,662.65,93031710,200,132530.0
2018-05-07 09:30:31.770,140336,139413,S,,20180507,662.65,93031770,200,132530.0
2018-05-07 09:30:31.770,140336,138515,S,,20180507,662.43,93031770,100,66243.0
2018-05-07 09:30:31.990,139897,140420,B,,20180507,662.8,93031990,200,132560.0
2018-05-07 09:30:32.800,138538,140728,B,,20180507,662.88,93032800,100,66288.0
2018-05-07 09:30:33.380,140930,140920,S,,20180507,662.87,93033380,100,66287.0
2018-05-07 09:30:35.050,138538,141645,B,,20180507,662.88,93035050,400,265152.0
2018-05-07 09:30:35.090,141655,141199,S,,20180507,662.87,93035090,200,132574.0
2018-05-07 09:30:35.150,141692,141495,S,,20180507,662.87,93035150,100,66287.0
2018-05-07 09:30:35.360,140954,141768,B,,20180507,662.88,93035360,100,66288.0
2018-05-07 09:30:35.460,140954,141822,B,,20180507,662.88,93035460,100,66288.0
2018-05-07 09:30:35.460,140955,141822,B,,20180507,662.88,93035460,100,66288.0
2018-05-07 09:30:35.460,141128,141822,B,,20180507,662.88,93035460,100,66288.0
2018-05-07 09:30:36.230,141128,142141,B,,20180507,662.88,93036230,100,66288.0
2018-05-07 09:30:37.370,142511,142668,B,,20180507,662.88,93037370,100,66288.0
2018-05-07 09:30:37.370,71804,142668,B,,20180507,663.0,93037370,200,132600.0
2018-05-07 09:30:37.690,142784,141495,S,,20180507,662.87,93037690,100,66287.0
2018-05-07 09:30:38.050,73011,142929,B,,20180507,663.0,93038050,100,66300.0
2018-05-07 09:30:38.050,97059,142929,B,,20180507,663.0,93038050,100,66300.0
2018-05-07 09:30:38.050,134446,142929,B,,20180507,663.0,93038050,500,331500.0
2018-05-07 09:30:38.950,134446,143289,B,,20180507,663.0,93038950,100,66300.0
2018-05-07 09:30:39.440,143470,143306,S,,20180507,662.89,93039440,100,66289.0
2018-05-07 09:30:39.630,134446,143554,B,,20180507,663.0,93039630,1000,663000.0
2018-05-07 09:30:40.260,143851,143520,S,,20180507,662.93,93040260,300,198878.99999999997
2018-05-07 09:30:40.620,143851,144009,B,,20180507,662.88,93040620,200,132576.0
2018-05-07 09:30:41.220,134446,144226,B,,20180507,663.0,93041220,400,265200.0
2018-05-07 09:30:41.440,144293,144226,S,,20180507,663.0,93041440,200,132600.0
2018-05-07 09:30:41.720,144404,144361,S,,20180507,663.3,93041720,100,66330.0
2018-05-07 09:30:41.720,144404,144226,S,,20180507,663.0,93041720,100,66300.0
2018-05-07 09:30:41.800,144427,144226,S,,20180507,663.0,93041800,100,66300.0
2018-05-07 09:30:41.920,144470,144226,S,,20180507,663.0,93041920,600,397800.0
2018-05-07 09:30:42.100,144561,144355,S,,20180507,662.89,93042100,13,8617.57
2018-05-07 09:30:42.610,144470,144750,B,,20180507,663.0,93042610,100,66300.0
2018-05-07 09:30:42.840,144470,144860,B,,20180507,663.0,93042840,200,132600.0
2018-05-07 09:30:43.060,144470,144947,B,,20180507,663.0,93043060,100,66300.0
2018-05-07 09:30:43.410,145127,144947,S,,20180507,663.0,93043410,300,198900.0
2018-05-07 09:30:43.960,145310,144948,S,,20180507,663.0,93043960,400,265200.0
2018-05-07 09:30:43.960,145310,145213,S,,20180507,663.0,93043960,400,265200.0
2018-05-07 09:30:43.960,145310,145287,S,,20180507,663.0,93043960,400,265200.0
2018-05-07 09:30:43.960,145310,144689,S,,20180507,662.89,93043960,300,198867.0
2018-05-07 09:30:43.960,145310,144432,S,,20180507,662.88,93043960,100,66288.0
2018-05-07 09:30:43.960,145310,141824,S,,20180507,662.87,93043960,400,265148.0
2018-05-07 09:30:44.150,145396,145364,S,,20180507,663.0,93044150,100,66300.0
2018-05-07 09:30:44.410,145525,145415,S,,20180507,662.94,93044410,300,198882.00000000003
2018-05-07 09:30:44.890,145670,145521,S,,20180507,662.89,93044890,200,132578.0
2018-05-07 09:30:44.890,145670,145314,S,,20180507,662.88,93044890,200,132576.0
2018-05-07 09:30:44.890,145670,141824,S,,20180507,662.87,93044890,200,132574.0
2018-05-07 09:30:45.170,145522,145812,B,,20180507,663.0,93045170,100,66300.0
2018-05-07 09:30:45.250,145522,145830,B,,20180507,663.0,93045250,100,66300.0
2018-05-07 09:30:45.250,145522,145832,B,,20180507,663.0,93045250,300,198900.0
2018-05-07 09:30:45.250,145288,145832,B,,20180507,663.05,93045250,100,66305.0
2018-05-07 09:30:45.880,146069,146054,S,,20180507,663.0,93045880,200,132600.0
2018-05-07 09:30:45.980,146115,146084,S,,20180507,663.0,93045980,100,66300.0
2018-05-07 09:30:46.040,145288,146140,B,,20180507,663.05,93046040,200,132610.0
2018-05-07 09:30:46.040,145681,146140,B,,20180507,663.05,93046040,100,66305.0
2018-05-07 09:30:46.600,146345,146162,S,,20180507,663.3,93046600,100,66330.0
2018-05-07 09:30:47.530,146692,146162,S,,20180507,663.3,93047530,100,66330.0
2018-05-07 09:30:48.090,146905,146162,S,,20180507,663.3,93048090,200,132660.0
2018-05-07 09:30:48.330,146972,146368,S,,20180507,663.05,93048330,100,66305.0
2018-05-07 09:30:48.520,147055,146368,S,,20180507,663.05,93048520,100,66305.0
2018-05-07 09:30:50.470,147853,146368,S,,20180507,663.05,93050470,100,66305.0
2018-05-07 09:30:50.760,132071,147970,B,,20180507,663.33,93050760,300,198999.0
2018-05-07 09:30:50.910,132071,148030,B,,20180507,663.33,93050910,100,66333.0
2018-05-07 09:30:51.660,148360,146642,S,,20180507,663.05,93051660,200,132610.0
2018-05-07 09:30:51.770,148402,147451,S,,20180507,663.05,93051770,100,66305.0
2018-05-07 09:30:51.770,148402,147547,S,,20180507,663.05,93051770,100,66305.0
2018-05-07 09:30:51.770,148402,146125,S,,20180507,663.0,93051770,100,66300.0
2018-05-07 09:30:51.790,148423,146155,S,,20180507,663.0,93051790,100,66300.0
2018-05-07 09:30:52.050,132071,148520,B,,20180507,663.33,93052050,2100,1392993.0
2018-05-07 09:30:54.020,148610,149246,B,,20180507,663.28,93054020,100,66328.0
2018-05-07 09:30:55.490,148610,149874,B,,20180507,663.28,93055490,100,66328.0
2018-05-07 09:30:55.540,149622,149897,B,,20180507,663.3,93055540,100,66330.0
2018-05-07 09:30:55.670,132071,149942,B,,20180507,663.33,93055670,100,66333.0
2018-05-07 09:30:57.030,150466,149882,S,,20180507,663.28,93057030,100,66328.0
2018-05-07 09:30:57.390,132071,150622,B,,20180507,663.33,93057390,100,66333.0
2018-05-07 09:30:57.530,150687,149360,S,,20180507,663.06,93057530,200,132612.0
2018-05-07 09:30:57.530,150687,150467,S,,20180507,663.06,93057530,200,132612.0
2018-05-07 09:30:57.660,132071,150740,B,,20180507,663.33,93057660,300,198999.0
2018-05-07 09:30:57.710,132071,150771,B,,20180507,663.33,93057710,100,66333.0
2018-05-07 09:30:57.820,132071,150838,B,,20180507,663.33,93057820,100,66333.0
2018-05-07 09:30:58.040,150932,150467,S,,20180507,663.06,93058040,100,66306.0
2018-05-07 09:30:58.040,150932,150601,S,,20180507,663.06,93058040,100,66306.0
2018-05-07 09:30:58.170,132071,150999,B,,20180507,663.33,93058170,300,198999.0
2018-05-07 09:30:58.600,132071,151187,B,,20180507,663.33,93058600,100,66333.0
2018-05-07 09:30:59.010,132071,151345,B,,20180507,663.33,93059010,300,198999.0
2018-05-07 09:30:59.750,125671,151669,B,,20180507,663.5,93059750,200,132700.0
2018-05-07 09:30:59.750,103899,151669,B,,20180507,663.66,93059750,100,66366.0
2018-05-07 09:30:59.750,140979,151669,B,,20180507,663.66,93059750,100,66366.0
2018-05-07 09:31:00.220,151860,150772,S,,20180507,663.06,93100220,100,66306.0
2018-05-07 09:31:00.840,151983,152114,B,,20180507,663.28,93100840,200,132656.0
2018-05-07 09:31:00.840,151908,152114,B,,20180507,663.32,93100840,300,198996.00000000003
2018-05-07 09:31:01.640,152532,152267,S,,20180507,663.32,93101640,300,198996.00000000003
2018-05-07 09:31:01.850,152630,150772,S,,20180507,663.06,93101850,100,66306.0
2018-05-07 09:31:01.850,152638,151102,S,,20180507,663.06,93101850,100,66306.0
2018-05-07 09:31:02.910,152990,153074,B,,20180507,663.32,93102910,100,66332.0
2018-05-07 09:31:03.020,53630,153116,B,,20180507,663.8,93103020,200,132760.0
2018-05-07 09:31:04.260,153699,153219,S,,20180507,663.5,93104260,100,66350.0
2018-05-07 09:31:05.740,154064,154379,B,,20180507,663.5,93105740,100,66350.0
2018-05-07 09:31:05.740,15559,154379,B,,20180507,663.82,93105740,400,265528.0
2018-05-07 09:31:05.740,154232,154379,B,,20180507,663.82,93105740,100,66382.0
2018-05-07 09:31:05.740,125768,154379,B,,20180507,663.86,93105740,100,66386.0
2018-05-07 09:31:06.680,154529,154801,B,,20180507,663.82,93106680,100,66382.0
2018-05-07 09:31:06.760,154840,154604,S,,20180507,663.51,93106760,100,66351.0
2018-05-07 09:31:07.050,154841,154986,B,,20180507,663.7,93107050,100,66370.0
2018-05-07 09:31:07.150,155023,154412,S,,20180507,663.5,93107150,800,530800.0
2018-05-07 09:31:07.580,155213,154412,S,,20180507,663.5,93107580,300,199050.0
2018-05-07 09:31:08.470,154841,155612,B,,20180507,663.7,93108470,100,66370.0
2018-05-07 09:31:08.710,155744,155623,S,,20180507,663.51,93108710,100,66351.0
2018-05-07 09:31:09.190,154841,155942,B,,20180507,663.7,93109190,100,66370.0
2018-05-07 09:31:09.240,155273,155972,B,,20180507,663.82,93109240,100,66382.0
2018-05-07 09:31:09.550,155749,156084,B,,20180507,663.82,93109550,100,66382.0
2018-05-07 09:31:09.600,155915,156116,B,,20180507,663.82,93109600,100,66382.0
2018-05-07 09:31:10.740,156759,156630,S,,20180507,663.99,93110740,300,199197.0
2018-05-07 09:31:10.740,156759,156666,S,,20180507,663.86,93110740,100,66386.0
2018-05-07 09:31:10.740,156759,156310,S,,20180507,663.82,93110740,200,132764.0
2018-05-07 09:31:10.830,156807,156310,S,,20180507,663.82,93110830,200,132764.0
2018-05-07 09:31:10.830,156807,156348,S,,20180507,663.82,93110830,200,132764.0
2018-05-07 09:31:10.830,156807,155623,S,,20180507,663.51,93110830,100,66351.0
2018-05-07 09:31:10.830,156807,156250,S,,20180507,663.51,93110830,100,66351.0
2018-05-07 09:31:10.830,156807,156466,S,,20180507,663.51,93110830,100,66351.0
2018-05-07 09:31:10.830,156807,154412,S,,20180507,663.5,93110830,100,66350.0
2018-05-07 09:31:10.890,156834,154412,S,,20180507,663.5,93110890,100,66350.0
2018-05-07 09:31:10.890,156834,154988,S,,20180507,663.5,93110890,400,265400.0
2018-05-07 09:31:10.890,156840,154988,S,,20180507,663.5,93110890,500,331750.0
2018-05-07 09:31:10.890,156841,154988,S,,20180507,663.5,93110890,200,132700.0
2018-05-07 09:31:10.890,156841,156251,S,,20180507,663.43,93110890,100,66343.0
2018-05-07 09:31:10.890,156841,154462,S,,20180507,663.33,93110890,100,66333.0
2018-05-07 09:31:10.890,156841,155316,S,,20180507,663.33,93110890,100,66333.0
2018-05-07 09:31:10.890,156841,153190,S,,20180507,663.28,93110890,100,66328.0
2018-05-07 09:31:10.890,156841,156447,S,,20180507,663.1,93110890,100,66310.0
2018-05-07 09:31:10.890,156841,155898,S,,20180507,663.06,93110890,100,66306.0
2018-05-07 09:31:10.890,156841,149320,S,,20180507,663.05,93110890,100,66305.0
2018-05-07 09:31:10.890,156841,151133,S,,20180507,663.05,93110890,300,198915.0
2018-05-07 09:31:10.890,156841,146155,S,,20180507,663.0,93110890,800,530400.0
2018-05-07 09:31:11.440,157044,156930,S,,20180507,663.82,93111440,100,66382.0
2018-05-07 09:31:11.610,157111,157089,S,,20180507,663.51,93111610,100,66351.0
2018-05-07 09:31:11.790,157194,157137,S,,20180507,663.8,93111790,100,66380.0
2018-05-07 09:31:12.490,157242,157500,B,,20180507,663.5,93112490,100,66350.0
2018-05-07 09:31:12.790,157242,157786,B,,20180507,663.5,93112790,100,66350.0
2018-05-07 09:31:13.060,157249,157906,B,,20180507,663.5,93113060,100,66350.0
2018-05-07 09:31:13.300,157313,158017,B,,20180507,663.5,93113300,100,66350.0
2018-05-07 09:31:13.300,157642,158017,B,,20180507,663.5,93113300,100,66350.0
2018-05-07 09:31:13.300,157663,158017,B,,20180507,663.5,93113300,100,66350.0
2018-05-07 09:31:13.300,157869,158017,B,,20180507,663.5,93113300,100,66350.0
2018-05-07 09:31:13.980,157643,158332,B,,20180507,663.59,93113980,100,66359.0
2018-05-07 09:31:13.980,157664,158332,B,,20180507,663.59,93113980,100,66359.0
2018-05-07 09:31:14.280,157644,158447,B,,20180507,663.68,93114280,100,66368.0
2018-05-07 09:31:14.440,158501,158139,S,,20180507,663.51,93114440,200,132702.0
2018-05-07 09:31:14.690,158501,158597,B,,20180507,663.49,93114690,100,66349.0
2018-05-07 09:31:15.950,158501,159239,B,,20180507,663.49,93115950,100,66349.0
2018-05-07 09:31:16.550,158501,159514,B,,20180507,663.49,93116550,100,66349.0
2018-05-07 09:31:16.600,158501,159562,B,,20180507,663.49,93116600,100,66349.0
2018-05-07 09:31:16.630,158501,159588,B,,20180507,663.49,93116630,100,66349.0
2018-05-07 09:31:17.940,158501,160165,B,,20180507,663.49,93117940,200,132698.0
2018-05-07 09:31:18.150,158501,160290,B,,20180507,663.49,93118150,100,66349.0
2018-05-07 09:31:18.150,158996,160290,B,,20180507,663.49,93118150,100,66349.0
2018-05-07 09:31:18.370,160437,158434,S,,20180507,663.35,93118370,100,66335.0
2018-05-07 09:31:18.370,160437,159143,S,,20180507,663.35,93118370,200,132670.0
2018-05-07 09:31:18.540,159076,160524,B,,20180507,663.49,93118540,100,66349.0
2018-05-07 09:31:18.540,159418,160524,B,,20180507,663.49,93118540,100,66349.0
2018-05-07 09:31:19.060,160637,160798,B,,20180507,663.48,93119060,100,66348.0
2018-05-07 09:31:19.120,160637,160829,B,,20180507,663.48,93119120,100,66348.0
2018-05-07 09:31:19.180,160862,160012,S,,20180507,663.35,93119180,100,66335.0
2018-05-07 09:31:19.180,160862,160052,S,,20180507,663.35,93119180,100,66335.0
2018-05-07 09:31:19.180,160862,157457,S,,20180507,663.33,93119180,100,66333.0
2018-05-07 09:31:19.180,160862,159153,S,,20180507,663.3,93119180,100,66330.0
2018-05-07 09:31:19.360,160939,160945,B,,20180507,663.35,93119360,100,66335.0
2018-05-07 09:31:19.590,160637,161067,B,,20180507,663.48,93119590,200,132696.0
2018-05-07 09:31:21.170,161282,161796,B,,20180507,663.35,93121170,100,66335.0
2018-05-07 09:31:21.170,161758,161796,B,,20180507,663.35,93121170,100,66335.0
2018-05-07 09:31:21.200,161820,160908,S,,20180507,663.33,93121200,100,66333.0
2018-05-07 09:31:21.200,161820,159153,S,,20180507,663.3,93121200,400,265320.0
2018-05-07 09:31:21.410,161900,159153,S,,20180507,663.3,93121410,200,132660.0
2018-05-07 09:31:21.600,161963,159153,S,,20180507,663.3,93121600,200,132660.0
2018-05-07 09:31:21.600,161964,161913,S,,20180507,663.28,93121600,100,66328.0
2018-05-07 09:31:21.890,162108,162206,B,,20180507,663.08,93121890,200,132616.0
2018-05-07 09:31:21.970,162065,162253,B,,20180507,663.3,93121970,200,132660.0
2018-05-07 09:31:22.310,162065,162433,B,,20180507,663.3,93122310,300,198990.0
2018-05-07 09:31:22.310,162126,162433,B,,20180507,663.33,93122310,100,66333.0
2018-05-07 09:31:22.600,162486,162584,B,,20180507,663.3,93122600,100,66330.0
2018-05-07 09:31:22.760,162640,162663,B,,20180507,663.3,93122760,100,66330.0
2018-05-07 09:31:22.760,162640,162665,B,,20180507,663.3,93122760,100,66330.0
2018-05-07 09:31:23.210,162810,162690,S,,20180507,663.3,93123210,200,132660.0
2018-05-07 09:31:23.400,162887,146155,S,,20180507,663.0,93123400,300,198900.0
2018-05-07 09:31:23.400,162887,146291,S,,20180507,663.0,93123400,100,66300.0
2018-05-07 09:31:23.400,162887,146592,S,,20180507,663.0,93123400,100,66300.0
2018-05-07 09:31:23.400,162887,146974,S,,20180507,663.0,93123400,100,66300.0
2018-05-07 09:31:23.400,162887,153065,S,,20180507,663.0,93123400,100,66300.0
2018-05-07 09:31:24.530,163180,163357,B,,20180507,663.3,93124530,100,66330.0
2018-05-07 09:31:25.410,163822,148194,S,,20180507,662.88,93125410,100,66288.0
2018-05-07 09:31:26.210,164156,148194,S,,20180507,662.88,93126210,300,198864.0
2018-05-07 09:31:26.210,164156,163540,S,,20180507,662.88,93126210,100,66288.0
2018-05-07 09:31:27.570,164541,164744,B,,20180507,662.88,93127570,100,66288.0
2018-05-07 09:31:27.650,164788,144841,S,,20180507,662.87,93127650,100,66287.0
2018-05-07 09:31:27.650,164788,161148,S,,20180507,662.87,93127650,100,66287.0
2018-05-07 09:31:27.650,164558,164789,B,,20180507,662.88,93127650,100,66288.0
2018-05-07 09:31:27.750,164840,164789,S,,20180507,662.88,93127750,100,66288.0
2018-05-07 09:31:28.140,164840,165046,B,,20180507,662.87,93128140,100,66287.0
2018-05-07 09:31:28.640,165223,165297,B,,20180507,662.43,93128640,200,132486.0
2018-05-07 09:31:29.570,165223,165801,B,,20180507,662.43,93129570,100,66243.0
2018-05-07 09:31:29.690,165223,165863,B,,20180507,662.43,93129690,100,66243.0
2018-05-07 09:31:30.110,165452,166038,B,,20180507,662.65,93130110,100,66265.0
2018-05-07 09:31:30.210,165384,166082,B,,20180507,662.8,93130210,100,66280.0
2018-05-07 09:31:30.520,165384,166230,B,,20180507,662.8,93130520,100,66280.0
2018-05-07 09:31:32.700,167260,151690,S,,20180507,662.0,93132700,100,66200.0
2018-05-07 09:31:34.390,167759,168102,B,,20180507,662.78,93134390,100,66278.0
2018-05-07 09:31:35.600,167759,168627,B,,20180507,662.78,93135600,100,66278.0
2018-05-07 09:31:36.900,169178,158217,S,,20180507,662.0,93136900,100,66200.0
2018-05-07 09:31:36.900,169178,166981,S,,20180507,662.0,93136900,100,66200.0
2018-05-07 09:31:37.360,169424,167439,S,,20180507,662.0,93137360,100,66200.0
2018-05-07 09:31:37.570,169529,168548,S,,20180507,662.0,93137570,100,66200.0
2018-05-07 09:31:38.480,169443,169950,B,,20180507,662.77,93138480,200,132554.0
2018-05-07 09:31:39.020,167759,170170,B,,20180507,662.78,93139020,500,331390.0
2018-05-07 09:31:39.080,170195,169089,S,,20180507,662.0,93139080,100,66200.0
2018-05-07 09:31:39.800,170563,141858,S,,20180507,661.99,93139800,300,198597.0
2018-05-07 09:31:39.820,170591,141858,S,,20180507,661.99,93139820,300,198597.0
2018-05-07 09:31:39.900,170638,141858,S,,20180507,661.99,93139900,400,264796.0
2018-05-07 09:31:40.520,170638,171006,B,,20180507,661.99,93140520,100,66199.0
2018-05-07 09:31:42.720,171949,137633,S,,20180507,661.98,93142720,100,66198.0
2018-05-07 09:31:43.850,172502,172553,B,,20180507,661.97,93143850,15,9929.550000000001
2018-05-07 09:31:43.850,172071,172553,B,,20180507,661.98,93143850,85,56268.3
2018-05-07 09:31:44.090,172071,172637,B,,20180507,661.98,93144090,15,9929.7
2018-05-07 09:31:44.090,170680,172637,B,,20180507,661.99,93144090,85,56269.15
2018-05-07 09:31:44.590,172727,172843,B,,20180507,661.98,93144590,100,66198.0
2018-05-07 09:31:44.720,172888,148942,S,,20180507,661.0,93144720,100,66100.0
2018-05-07 09:31:44.820,172888,172910,B,,20180507,661.0,93144820,100,66100.0
2018-05-07 09:31:45.220,172888,173045,B,,20180507,661.0,93145220,200,132200.0
2018-05-07 09:31:45.290,172888,173078,B,,20180507,661.0,93145290,100,66100.0
2018-05-07 09:31:45.940,173243,173380,B,,20180507,661.94,93145940,100,66194.0
2018-05-07 09:31:46.000,173243,173406,B,,20180507,661.94,93146000,100,66194.0
2018-05-07 09:31:46.680,173243,173760,B,,20180507,661.94,93146680,300,198582.00000000003
2018-05-07 09:31:46.680,170680,173760,B,,20180507,661.99,93146680,15,9929.85
2018-05-07 09:31:46.680,171432,173760,B,,20180507,661.99,93146680,100,66199.0
2018-05-07 09:31:46.680,171522,173760,B,,20180507,661.99,93146680,100,66199.0
2018-05-07 09:31:46.680,171574,173760,B,,20180507,661.99,93146680,200,132398.0
2018-05-07 09:31:46.680,171948,173760,B,,20180507,661.99,93146680,100,66199.0
2018-05-07 09:31:46.680,172382,173760,B,,20180507,661.99,93146680,100,66199.0
2018-05-07 09:31:46.680,172427,173760,B,,20180507,661.99,93146680,85,56269.15
2018-05-07 09:31:48.420,174499,174462,S,,20180507,661.0,93148420,100,66100.0
2018-05-07 09:31:48.420,174499,173247,S,,20180507,660.02,93148420,300,198006.0
2018-05-07 09:31:48.420,174499,173349,S,,20180507,660.02,93148420,100,66002.0
2018-05-07 09:31:48.420,174499,173377,S,,20180507,660.02,93148420,300,198006.0
2018-05-07 09:31:48.420,174499,173433,S,,20180507,660.02,93148420,100,66002.0
2018-05-07 09:31:48.420,174499,173464,S,,20180507,660.02,93148420,300,198006.0
2018-05-07 09:31:48.420,174499,139420,S,,20180507,660.01,93148420,100,66001.0
2018-05-07 09:31:48.420,174499,145153,S,,20180507,660.01,93148420,100,66001.0
2018-05-07 09:31:48.420,174499,149738,S,,20180507,660.01,93148420,100,66001.0
2018-05-07 09:31:48.420,174499,174333,S,,20180507,660.01,93148420,100,66001.0
2018-05-07 09:31:48.420,174499,128846,S,,20180507,660.0,93148420,100,66000.0
2018-05-07 09:31:51.540,175908,174791,S,,20180507,661.0,93151540,200,132200.0
2018-05-07 09:31:51.590,175936,175590,S,,20180507,661.0,93151590,100,66100.0
2018-05-07 09:31:51.590,175936,128846,S,,20180507,660.0,93151590,200,132000.0
2018-05-07 09:31:52.000,175979,176117,B,,20180507,661.8,93152000,100,66180.0
2018-05-07 09:31:52.420,176123,176312,B,,20180507,660.01,93152420,100,66001.0
2018-05-07 09:31:53.620,176826,176708,S,,20180507,660.1,93153620,400,264040.0
2018-05-07 09:31:53.800,176223,176897,B,,20180507,661.0,93153800,100,66100.0
2018-05-07 09:31:54.220,177050,176921,S,,20180507,661.0,93154220,100,66100.0
2018-05-07 09:31:54.220,177050,176708,S,,20180507,660.1,93154220,200,132020.0
2018-05-07 09:31:54.350,177102,176708,S,,20180507,660.1,93154350,22,14522.2
2018-05-07 09:31:54.960,177372,177367,S,,20180507,661.0,93154960,100,66100.0
2018-05-07 09:31:55.300,175979,177529,B,,20180507,661.8,93155300,100,66180.0
2018-05-07 09:31:55.540,177649,177367,S,,20180507,661.0,93155540,100,66100.0
2018-05-07 09:31:55.780,175979,177740,B,,20180507,661.8,93155780,100,66180.0
2018-05-07 09:31:55.960,177815,177367,S,,20180507,661.0,93155960,100,66100.0
2018-05-07 09:31:56.120,177872,177367,S,,20180507,661.0,93156120,100,66100.0
2018-05-07 09:31:56.810,178182,177367,S,,20180507,661.0,93156810,100,66100.0
2018-05-07 09:31:56.920,178220,177367,S,,20180507,661.0,93156920,300,198300.0
2018-05-07 09:31:56.940,178238,177367,S,,20180507,661.0,93156940,100,66100.0
2018-05-07 09:31:57.020,178258,178062,S,,20180507,661.0,93157020,100,66100.0
2018-05-07 09:31:57.780,178543,178062,S,,20180507,661.0,93157780,100,66100.0
2018-05-07 09:32:01.240,180080,178807,S,,20180507,661.0,93201240,100,66100.0
2018-05-07 09:32:01.240,180080,179019,S,,20180507,661.0,93201240,100,66100.0
2018-05-07 09:32:01.610,180244,179896,S,,20180507,661.0,93201610,100,66100.0
2018-05-07 09:32:01.650,180272,178972,S,,20180507,660.11,93201650,200,132022.0
2018-05-07 09:32:01.650,180272,176708,S,,20180507,660.1,93201650,100,66010.0
2018-05-07 09:32:01.830,180350,176708,S,,20180507,660.1,93201830,100,66010.0
2018-05-07 09:32:02.490,180244,180593,B,,20180507,661.0,93202490,100,66100.0
2018-05-07 09:32:02.490,179243,180593,B,,20180507,661.79,93202490,100,66179.0
2018-05-07 09:32:02.700,180519,180671,B,,20180507,661.79,93202700,100,66179.0
2018-05-07 09:32:02.700,180573,180671,B,,20180507,661.79,93202700,400,264716.0
2018-05-07 09:32:03.540,180996,180724,S,,20180507,661.0,93203540,100,66100.0
2018-05-07 09:32:03.590,180996,181011,B,,20180507,660.95,93203590,200,132190.0
2018-05-07 09:32:03.610,181027,176708,S,,20180507,660.1,93203610,200,132020.0
2018-05-07 09:32:05.020,180996,181637,B,,20180507,660.95,93205020,100,66095.0
2018-05-07 09:32:05.040,180996,181647,B,,20180507,660.95,93205040,100,66095.0
2018-05-07 09:32:05.330,180996,181763,B,,20180507,660.95,93205330,100,66095.0
2018-05-07 09:32:05.960,181585,181993,B,,20180507,661.0,93205960,100,66100.0
2018-05-07 09:32:06.280,181585,182128,B,,20180507,661.0,93206280,100,66100.0
2018-05-07 09:32:06.280,182144,181144,S,,20180507,660.62,93206280,100,66062.0
2018-05-07 09:32:06.590,182257,182248,S,,20180507,660.11,93206590,100,66011.0
2018-05-07 09:32:07.030,182571,176708,S,,20180507,660.1,93207030,200,132020.0
2018-05-07 09:32:07.160,181614,182632,B,,20180507,661.0,93207160,100,66100.0
2018-05-07 09:32:07.160,180573,182632,B,,20180507,661.79,93207160,300,198537.0
2018-05-07 09:32:07.530,182840,182660,S,,20180507,661.0,93207530,100,66100.0
2018-05-07 09:32:07.630,182874,182869,S,,20180507,661.0,93207630,100,66100.0
2018-05-07 09:32:08.530,183085,183290,B,,20180507,661.0,93208530,100,66100.0
2018-05-07 09:32:08.880,183436,183051,S,,20180507,660.15,93208880,300,198045.0
2018-05-07 09:32:09.240,183570,183051,S,,20180507,660.15,93209240,100,66015.0
2018-05-07 09:32:10.130,183847,183996,B,,20180507,660.99,93210130,100,66099.0
2018-05-07 09:32:10.130,183203,183996,B,,20180507,661.0,93210130,100,66100.0
2018-05-07 09:32:10.130,183204,183996,B,,20180507,661.0,93210130,100,66100.0
2018-05-07 09:32:10.130,183205,183996,B,,20180507,661.0,93210130,100,66100.0
2018-05-07 09:32:10.130,183272,183996,B,,20180507,661.0,93210130,100,66100.0
2018-05-07 09:32:10.370,184114,183051,S,,20180507,660.15,93210370,700,462105.0
2018-05-07 09:32:10.710,183272,184242,B,,20180507,661.0,93210710,100,66100.0
2018-05-07 09:32:10.760,183272,184266,B,,20180507,661.0,93210760,700,462700.0
2018-05-07 09:32:11.800,184668,184644,S,,20180507,660.2,93211800,200,132040.0
2018-05-07 09:32:11.850,184694,184644,S,,20180507,660.2,93211850,100,66020.0
2018-05-07 09:32:13.850,183272,185509,B,,20180507,661.0,93213850,800,528800.0
2018-05-07 09:32:14.310,183272,185692,B,,20180507,661.0,93214310,100,66100.0
2018-05-07 09:32:14.370,185718,185038,S,,20180507,660.22,93214370,100,66022.0
2018-05-07 09:32:16.960,186824,186815,S,,20180507,660.2,93216960,300,198060.0
2018-05-07 09:32:16.960,186824,184990,S,,20180507,660.16,93216960,200,132032.0
2018-05-07 09:32:17.190,183377,186903,B,,20180507,661.0,93217190,200,132200.0
2018-05-07 09:32:17.190,183755,186903,B,,20180507,661.0,93217190,100,66100.0
2018-05-07 09:32:17.190,183772,186903,B,,20180507,661.0,93217190,100,66100.0
2018-05-07 09:32:17.400,186984,184990,S,,20180507,660.16,93217400,600,396096.0
2018-05-07 09:32:17.400,186984,186496,S,,20180507,660.16,93217400,100,66016.0
2018-05-07 09:32:17.400,186984,186833,S,,20180507,660.16,93217400,100,66016.0
2018-05-07 09:32:17.400,186984,183051,S,,20180507,660.15,93217400,400,264060.0
2018-05-07 09:32:17.400,186984,184348,S,,20180507,660.15,93217400,100,66015.0
2018-05-07 09:32:17.400,186984,184398,S,,20180507,660.15,93217400,200,132030.0
2018-05-07 09:32:17.400,186984,185211,S,,20180507,660.15,93217400,100,66015.0
2018-05-07 09:32:17.400,186984,185839,S,,20180507,660.15,93217400,100,66015.0
2018-05-07 09:32:17.590,186984,187061,B,,20180507,660.13,93217590,500,330065.0
2018-05-07 09:32:17.590,187024,187061,B,,20180507,660.99,93217590,100,66099.0
2018-05-07 09:32:17.590,184682,187061,B,,20180507,661.0,93217590,100,66100.0
2018-05-07 09:32:17.590,186086,187061,B,,20180507,661.0,93217590,600,396600.0
2018-05-07 09:32:17.590,186227,187061,B,,20180507,661.0,93217590,400,264400.0
2018-05-07 09:32:17.590,186692,187061,B,,20180507,661.0,93217590,700,462700.0
2018-05-07 09:32:18.250,183756,187289,B,,20180507,661.05,93218250,100,66105.0
2018-05-07 09:32:18.600,185048,187433,B,,20180507,661.05,93218600,100,66105.0
2018-05-07 09:32:18.600,186495,187434,B,,20180507,661.05,93218600,100,66105.0
2018-05-07 09:32:18.720,187485,187061,S,,20180507,661.0,93218720,600,396600.0
2018-05-07 09:32:18.720,183757,187487,B,,20180507,661.1,93218720,100,66110.0
2018-05-07 09:32:18.790,185049,187515,B,,20180507,661.1,93218790,100,66110.0
2018-05-07 09:32:19.020,187607,187061,S,,20180507,661.0,93219020,100,66100.0
2018-05-07 09:32:20.280,188125,187858,S,,20180507,661.24,93220280,100,66124.0
2018-05-07 09:32:20.280,188125,187669,S,,20180507,661.12,93220280,100,66112.0
2018-05-07 09:32:20.280,188125,187691,S,,20180507,661.12,93220280,100,66112.0
2018-05-07 09:32:20.690,188282,187061,S,,20180507,661.0,93220690,100,66100.0
2018-05-07 09:32:20.970,188125,188377,B,,20180507,661.05,93220970,100,66105.0
2018-05-07 09:32:21.100,188425,187061,S,,20180507,661.0,93221100,100,66100.0
2018-05-07 09:32:21.700,188348,188665,B,,20180507,661.05,93221700,100,66105.0
2018-05-07 09:32:21.850,188727,188728,B,,20180507,661.05,93221850,100,66105.0
2018-05-07 09:32:21.930,188753,187061,S,,20180507,661.0,93221930,300,198300.0
2018-05-07 09:32:21.930,188758,187061,S,,20180507,661.0,93221930,300,198300.0
2018-05-07 09:32:21.960,188773,187061,S,,20180507,661.0,93221960,200,132200.0
2018-05-07 09:32:21.980,188786,187061,S,,20180507,661.0,93221980,100,66100.0
2018-05-07 09:32:22.260,188919,188900,S,,20180507,661.48,93222260,100,66148.0
2018-05-07 09:32:22.730,189094,188873,S,,20180507,661.47,93222730,100,66147.0
2018-05-07 09:32:22.810,189136,188832,S,,20180507,661.36,93222810,100,66136.0
2018-05-07 09:32:23.070,189267,188832,S,,20180507,661.36,93223070,300,198408.0
2018-05-07 09:32:23.220,185333,189322,B,,20180507,661.5,93223220,100,66150.0
2018-05-07 09:32:23.890,189607,189569,S,,20180507,661.02,93223890,100,66102.0
2018-05-07 09:32:25.000,190064,189903,S,,20180507,661.55,93225000,100,66155.0
2018-05-07 09:32:25.320,182962,190233,B,,20180507,661.7,93225320,100,66170.0
2018-05-07 09:32:25.320,182962,190234,B,,20180507,661.7,93225320,100,66170.0
2018-05-07 09:32:25.450,182962,190329,B,,20180507,661.7,93225450,100,66170.0
2018-05-07 09:32:25.560,182962,190377,B,,20180507,661.7,93225560,100,66170.0
2018-05-07 09:32:25.930,182962,190526,B,,20180507,661.7,93225930,100,66170.0
2018-05-07 09:32:26.060,190581,189569,S,,20180507,661.02,93226060,37,24457.739999999998
2018-05-07 09:32:26.150,182962,190605,B,,20180507,661.7,93226150,100,66170.0
2018-05-07 09:32:27.100,191045,190915,S,,20180507,661.03,93227100,100,66103.0
2018-05-07 09:32:27.100,191045,189569,S,,20180507,661.02,93227100,63,41644.26
2018-05-07 09:32:27.100,191045,190580,S,,20180507,661.02,93227100,100,66102.0
2018-05-07 09:32:27.100,191045,189548,S,,20180507,661.01,93227100,37,24457.37
2018-05-07 09:32:27.670,191053,191278,B,,20180507,661.55,93227670,100,66155.0
2018-05-07 09:32:27.800,191053,191376,B,,20180507,661.55,93227800,100,66155.0
2018-05-07 09:32:27.800,191053,191377,B,,20180507,661.55,93227800,100,66155.0
2018-05-07 09:32:28.400,191053,191666,B,,20180507,661.55,93228400,100,66155.0
2018-05-07 09:32:29.440,191053,192092,B,,20180507,661.55,93229440,100,66155.0
2018-05-07 09:32:30.040,192344,191427,S,,20180507,661.5,93230040,100,66150.0
2018-05-07 09:32:30.040,192344,191962,S,,20180507,661.14,93230040,100,66114.0
2018-05-07 09:32:30.040,192344,191648,S,,20180507,661.05,93230040,500,330525.0
2018-05-07 09:32:30.040,192344,191085,S,,20180507,661.02,93230040,100,66102.0
2018-05-07 09:32:30.040,192344,191086,S,,20180507,661.02,93230040,100,66102.0
2018-05-07 09:32:30.040,192344,189548,S,,20180507,661.01,93230040,463,306047.63
2018-05-07 09:32:30.040,192344,191967,S,,20180507,661.01,93230040,100,66101.0
2018-05-07 09:32:30.040,192344,187061,S,,20180507,661.0,93230040,2000,1322000.0
2018-05-07 09:32:30.040,192344,187387,S,,20180507,661.0,93230040,600,396600.0
2018-05-07 09:32:30.040,192344,188073,S,,20180507,661.0,93230040,200,132200.0
2018-05-07 09:32:30.040,192344,188391,S,,20180507,661.0,93230040,300,198300.0
2018-05-07 09:32:30.040,192344,188895,S,,20180507,661.0,93230040,100,66100.0
2018-05-07 09:32:30.040,192344,190066,S,,20180507,661.0,93230040,100,66100.0
2018-05-07 09:32:30.040,192344,190375,S,,20180507,661.0,93230040,100,66100.0
2018-05-07 09:32:30.040,192344,190823,S,,20180507,661.0,93230040,600,396600.0
2018-05-07 09:32:30.040,192344,187199,S,,20180507,660.16,93230040,100,66016.0
2018-05-07 09:32:30.040,192344,188632,S,,20180507,660.16,93230040,100,66016.0
2018-05-07 09:32:30.040,192344,183611,S,,20180507,660.11,93230040,100,66011.0
2018-05-07 09:32:30.040,192344,183637,S,,20180507,660.11,93230040,100,66011.0
2018-05-07 09:32:30.040,192344,183638,S,,20180507,660.11,93230040,100,66011.0
2018-05-07 09:32:30.040,192344,183640,S,,20180507,660.11,93230040,100,66011.0
2018-05-07 09:32:30.040,192344,185302,S,,20180507,660.11,93230040,800,528088.0
2018-05-07 09:32:30.040,192344,189925,S,,20180507,660.11,93230040,100,66011.0
2018-05-07 09:32:30.040,192344,176708,S,,20180507,660.1,93230040,1237,816543.7000000001
2018-05-07 09:32:30.520,192467,192527,B,,20180507,661.02,93230520,100,66102.0
2018-05-07 09:32:31.040,192814,192631,S,,20180507,661.5,93231040,100,66150.0
2018-05-07 09:32:31.200,192883,192873,S,,20180507,661.05,93231200,100,66105.0
2018-05-07 09:32:31.420,192974,192951,S,,20180507,661.05,93231420,100,66105.0
2018-05-07 09:32:31.650,193081,192951,S,,20180507,661.05,93231650,300,198315.0
2018-05-07 09:32:32.880,193628,192951,S,,20180507,661.05,93232880,100,66105.0
2018-05-07 09:32:33.810,194048,193809,S,,20180507,661.0,93233810,100,66100.0
2018-05-07 09:32:33.940,193787,194102,B,,20180507,661.02,93233940,100,66102.0
2018-05-07 09:32:34.920,191053,194509,B,,20180507,661.55,93234920,100,66155.0
2018-05-07 09:32:36.660,195186,194384,S,,20180507,661.22,93236660,100,66122.0
2018-05-07 09:32:36.660,195186,194516,S,,20180507,661.17,93236660,100,66117.0
2018-05-07 09:32:36.660,195186,194234,S,,20180507,661.0,93236660,100,66100.0
2018-05-07 09:32:36.660,195186,195125,S,,20180507,661.0,93236660,400,264400.0
2018-05-07 09:32:36.660,195186,195147,S,,20180507,661.0,93236660,500,330500.0
2018-05-07 09:32:36.910,195186,195307,B,,20180507,661.0,93236910,100,66100.0
2018-05-07 09:32:38.180,195186,195816,B,,20180507,661.0,93238180,100,66100.0
2018-05-07 09:32:38.900,195186,196122,B,,20180507,661.0,93238900,100,66100.0
2018-05-07 09:32:39.690,196327,196442,B,,20180507,660.95,93239690,300,198285.0
2018-05-07 09:32:39.800,196327,196498,B,,20180507,660.95,93239800,100,66095.0
2018-05-07 09:32:39.990,196327,196604,B,,20180507,660.95,93239990,200,132190.0
2018-05-07 09:32:39.990,196540,196604,B,,20180507,660.99,93239990,100,66099.0
2018-05-07 09:32:40.090,195186,196652,B,,20180507,661.0,93240090,500,330500.0
2018-05-07 09:32:40.090,196049,196652,B,,20180507,661.02,93240090,100,66102.0
2018-05-07 09:32:41.480,197212,196792,S,,20180507,661.2,93241480,100,66120.0
2018-05-07 09:32:41.670,197289,196749,S,,20180507,661.02,93241670,100,66102.0
2018-05-07 09:32:41.670,197289,197109,S,,20180507,660.3,93241670,100,66030.0
2018-05-07 09:32:41.810,197357,197109,S,,20180507,660.3,93241810,100,66030.0
2018-05-07 09:32:43.620,195252,198196,B,,20180507,661.5,93243620,100,66150.0
2018-05-07 09:32:43.620,195252,198211,B,,20180507,661.5,93243620,100,66150.0
2018-05-07 09:32:44.010,198363,197510,S,,20180507,661.05,93244010,100,66105.0
2018-05-07 09:32:44.580,198444,198587,B,,20180507,661.0,93244580,100,66100.0
2018-05-07 09:32:45.860,195252,199109,B,,20180507,661.5,93245860,600,396900.0
2018-05-07 09:32:45.860,196405,199109,B,,20180507,661.5,93245860,300,198450.0
2018-05-07 09:32:46.010,199047,199180,B,,20180507,661.5,93246010,100,66150.0
2018-05-07 09:32:46.480,197628,199390,B,,20180507,661.54,93246480,100,66154.0
2018-05-07 09:32:47.390,199787,199641,S,,20180507,661.53,93247390,100,66153.0
2018-05-07 09:32:47.630,199875,198824,S,,20180507,661.05,93247630,100,66105.0
2018-05-07 09:32:47.680,199870,199894,B,,20180507,661.44,93247680,100,66144.0
2018-05-07 09:32:47.680,199787,199894,B,,20180507,661.52,93247680,100,66152.0
2018-05-07 09:32:47.900,199787,199976,B,,20180507,661.52,93247900,100,66152.0
2018-05-07 09:32:48.070,200045,198924,S,,20180507,661.05,93248070,100,66105.0
2018-05-07 09:32:48.700,199787,200292,B,,20180507,661.52,93248700,100,66152.0
2018-05-07 09:32:48.760,199787,200320,B,,20180507,661.52,93248760,100,66152.0
2018-05-07 09:32:48.840,199787,200354,B,,20180507,661.52,93248840,100,66152.0
2018-05-07 09:32:48.860,199787,200378,B,,20180507,661.52,93248860,100,66152.0
2018-05-07 09:32:48.990,199787,200433,B,,20180507,661.52,93248990,100,66152.0
2018-05-07 09:32:49.290,200592,200353,S,,20180507,661.5,93249290,100,66150.0
2018-05-07 09:32:49.290,199787,200599,B,,20180507,661.52,93249290,200,132304.0
2018-05-07 09:32:49.360,199787,200638,B,,20180507,661.52,93249360,100,66152.0
2018-05-07 09:32:49.620,200735,200353,S,,20180507,661.5,93249620,200,132300.0
2018-05-07 09:32:50.460,201100,200353,S,,20180507,661.5,93250460,100,66150.0
2018-05-07 09:32:50.650,199787,201166,B,,20180507,661.52,93250650,100,66152.0
2018-05-07 09:32:50.650,199787,201168,B,,20180507,661.52,93250650,100,66152.0
2018-05-07 09:32:50.930,199787,201279,B,,20180507,661.52,93250930,100,66152.0
2018-05-07 09:32:50.960,201295,200353,S,,20180507,661.5,93250960,100,66150.0
2018-05-07 09:32:51.140,201374,200353,S,,20180507,661.5,93251140,100,66150.0
2018-05-07 09:32:51.550,201548,200353,S,,20180507,661.5,93251550,300,198450.0
2018-05-07 09:32:51.700,199787,201618,B,,20180507,661.52,93251700,100,66152.0
2018-05-07 09:32:51.840,199787,201670,B,,20180507,661.52,93251840,200,132304.0
2018-05-07 09:32:51.990,201754,201560,S,,20180507,661.06,93251990,100,66106.0
2018-05-07 09:32:52.140,201826,201560,S,,20180507,661.06,93252140,100,66106.0
2018-05-07 09:32:52.140,201826,198924,S,,20180507,661.05,93252140,100,66105.0
2018-05-07 09:32:52.140,201826,199861,S,,20180507,661.05,93252140,200,132210.0
2018-05-07 09:32:52.140,201826,201263,S,,20180507,661.05,93252140,100,66105.0
2018-05-07 09:32:52.140,201826,201418,S,,20180507,661.05,93252140,200,132210.0
2018-05-07 09:32:52.140,201826,198606,S,,20180507,661.02,93252140,200,132204.0
2018-05-07 09:32:52.140,201826,199620,S,,20180507,661.02,93252140,100,66102.0
2018-05-07 09:32:52.360,199787,201906,B,,20180507,661.52,93252360,100,66152.0
2018-05-07 09:32:52.780,199787,202071,B,,20180507,661.52,93252780,400,264608.0
2018-05-07 09:32:53.340,202295,202306,B,,20180507,661.22,93253340,100,66122.0
2018-05-07 09:32:54.320,202295,202699,B,,20180507,661.22,93254320,100,66122.0
2018-05-07 09:32:54.320,202225,202699,B,,20180507,661.5,93254320,100,66150.0
2018-05-07 09:32:54.460,202225,202740,B,,20180507,661.5,93254460,100,66150.0
2018-05-07 09:32:54.560,202785,202585,S,,20180507,661.06,93254560,100,66106.0
2018-05-07 09:32:54.700,202834,202817,S,,20180507,661.5,93254700,100,66150.0
2018-05-07 09:32:54.700,202835,202585,S,,20180507,661.06,93254700,100,66106.0
2018-05-07 09:32:54.830,202918,202916,S,,20180507,661.5,93254830,100,66150.0
2018-05-07 09:32:54.980,203023,202638,S,,20180507,661.05,93254980,100,66105.0
2018-05-07 09:32:56.110,203264,203494,B,,20180507,661.47,93256110,200,132294.0
2018-05-07 09:32:56.390,203264,203585,B,,20180507,661.47,93256390,100,66147.0
2018-05-07 09:32:57.110,203264,203851,B,,20180507,661.47,93257110,600,396882.0
2018-05-07 09:32:57.880,203522,204136,B,,20180507,661.5,93257880,400,264600.0
2018-05-07 09:32:58.800,203522,204560,B,,20180507,661.5,93258800,100,66150.0
2018-05-07 09:32:59.740,204956,203496,S,,20180507,661.06,93259740,300,198317.99999999997
2018-05-07 09:32:59.800,203522,204979,B,,20180507,661.5,93259800,1100,727650.0
2018-05-07 09:32:59.800,203694,204979,B,,20180507,661.5,93259800,200,132300.0
2018-05-07 09:32:59.800,203833,204979,B,,20180507,661.5,93259800,100,66150.0
2018-05-07 09:32:59.800,204745,204979,B,,20180507,661.5,93259800,500,330750.0
2018-05-07 09:32:59.800,196669,204979,B,,20180507,661.55,93259800,100,66155.0
2018-05-07 09:33:00.170,205069,205136,B,,20180507,661.5,93300170,100,66150.0
2018-05-07 09:33:00.700,201584,205370,B,,20180507,661.57,93300700,100,66157.0
2018-05-07 09:33:00.900,182962,205456,B,,20180507,661.7,93300900,100,66170.0
2018-05-07 09:33:01.050,205558,205136,S,,20180507,661.52,93301050,100,66152.0
2018-05-07 09:33:01.050,205558,203919,S,,20180507,661.06,93301050,100,66106.0
2018-05-07 09:33:01.050,205558,204771,S,,20180507,661.06,93301050,100,66106.0
2018-05-07 09:33:01.510,205585,205767,B,,20180507,661.5,93301510,100,66150.0
2018-05-07 09:33:01.730,205884,205767,S,,20180507,661.57,93301730,200,132314.0
2018-05-07 09:33:01.860,205941,204792,S,,20180507,661.06,93301860,100,66106.0
2018-05-07 09:33:01.860,205941,204849,S,,20180507,661.05,93301860,100,66105.0
2018-05-07 09:33:02.300,205941,206147,B,,20180507,661.05,93302300,100,66105.0
2018-05-07 09:33:03.490,205917,206601,B,,20180507,661.57,93303490,500,330785.0
2018-05-07 09:33:03.970,205917,206840,B,,20180507,661.57,93303970,200,132314.0
2018-05-07 09:33:04.390,206998,206878,S,,20180507,661.57,93304390,100,66157.0
2018-05-07 09:33:04.390,206998,206947,S,,20180507,661.57,93304390,200,132314.0
2018-05-07 09:33:04.410,182962,207017,B,,20180507,661.7,93304410,200,132340.0
2018-05-07 09:33:05.370,207425,206947,S,,20180507,661.57,93305370,100,66157.0
2018-05-07 09:33:05.370,207425,207104,S,,20180507,661.57,93305370,100,66157.0
2018-05-07 09:33:06.240,207763,206147,S,,20180507,661.52,93306240,100,66152.0
2018-05-07 09:33:06.380,207816,206176,S,,20180507,661.52,93306380,100,66152.0
2018-05-07 09:33:06.380,207835,206176,S,,20180507,661.52,93306380,100,66152.0
2018-05-07 09:33:06.380,207835,206342,S,,20180507,661.52,93306380,100,66152.0
2018-05-07 09:33:06.630,207921,206342,S,,20180507,661.52,93306630,100,66152.0
2018-05-07 09:33:06.930,182962,208068,B,,20180507,661.7,93306930,100,66170.0
2018-05-07 09:33:07.620,182962,208334,B,,20180507,661.7,93307620,100,66170.0
2018-05-07 09:33:07.760,208400,207933,S,,20180507,661.53,93307760,100,66153.0
2018-05-07 09:33:08.140,208531,208062,S,,20180507,661.53,93308140,200,132306.0
2018-05-07 09:33:08.630,208375,208727,B,,20180507,661.56,93308630,100,66156.0
2018-05-07 09:33:08.850,208817,208727,S,,20180507,661.57,93308850,100,66157.0
2018-05-07 09:33:09.090,182962,208919,B,,20180507,661.7,93309090,500,330850.0
2018-05-07 09:33:09.090,208250,208919,B,,20180507,661.7,93309090,100,66170.0
2018-05-07 09:33:09.270,208969,208919,S,,20180507,661.7,93309270,100,66170.0
2018-05-07 09:33:09.680,199703,209153,B,,20180507,661.77,93309680,100,66177.0
2018-05-07 09:33:09.730,209180,209097,S,,20180507,661.71,93309730,100,66171.0
2018-05-07 09:33:09.730,209181,209097,S,,20180507,661.71,93309730,100,66171.0
2018-05-07 09:33:09.860,209238,208919,S,,20180507,661.7,93309860,300,198510.0
2018-05-07 09:33:09.860,209238,208727,S,,20180507,661.57,93309860,100,66157.0
2018-05-07 09:33:09.860,209238,208062,S,,20180507,661.53,93309860,100,66153.0
2018-05-07 09:33:09.860,209238,208117,S,,20180507,661.53,93309860,100,66153.0
2018-05-07 09:33:09.860,209238,208221,S,,20180507,661.53,93309860,300,198459.0
2018-05-07 09:33:09.860,209238,208706,S,,20180507,661.53,93309860,100,66153.0
2018-05-07 09:33:09.860,209238,206738,S,,20180507,661.52,93309860,200,132304.0
2018-05-07 09:33:09.860,209238,208235,S,,20180507,661.52,93309860,100,66152.0
2018-05-07 09:33:09.860,209238,208647,S,,20180507,661.52,93309860,100,66152.0
2018-05-07 09:33:09.860,209238,206317,S,,20180507,661.49,93309860,100,66149.0
2018-05-07 09:33:09.860,209238,207730,S,,20180507,661.22,93309860,900,595098.0
2018-05-07 09:33:09.860,209238,209018,S,,20180507,661.2,93309860,100,66120.0
2018-05-07 09:33:09.860,209238,208422,S,,20180507,661.06,93309860,200,132212.0
2018-05-07 09:33:09.860,209238,199620,S,,20180507,661.02,93309860,600,396612.0
2018-05-07 09:33:09.860,209238,199796,S,,20180507,661.02,93309860,100,66102.0
2018-05-07 09:33:09.860,209238,201940,S,,20180507,661.02,93309860,100,66102.0
2018-05-07 09:33:09.860,209238,198979,S,,20180507,661.0,93309860,100,66100.0
2018-05-07 09:33:09.860,209238,199684,S,,20180507,661.0,93309860,100,66100.0
2018-05-07 09:33:09.860,209238,200237,S,,20180507,661.0,93309860,100,66100.0
2018-05-07 09:33:09.860,209238,200314,S,,20180507,661.0,93309860,600,396600.0
2018-05-07 09:33:09.860,209238,201420,S,,20180507,661.0,93309860,600,396600.0
2018-05-07 09:33:10.050,209298,209325,B,,20180507,661.7,93310050,100,66170.0
2018-05-07 09:33:10.690,209551,209592,B,,20180507,661.77,93310690,100,66177.0
2018-05-07 09:33:10.800,178514,209640,B,,20180507,661.8,93310800,100,66180.0
2018-05-07 09:33:11.440,178555,209905,B,,20180507,661.8,93311440,100,66180.0
2018-05-07 09:33:11.810,210057,209496,S,,20180507,661.7,93311810,100,66170.0
2018-05-07 09:33:11.870,210080,209668,S,,20180507,661.7,93311870,100,66170.0
2018-05-07 09:33:11.870,210080,209957,S,,20180507,661.62,93311870,100,66162.0
2018-05-07 09:33:11.870,210090,209957,S,,20180507,661.62,93311870,100,66162.0
2018-05-07 09:33:12.680,210108,210403,B,,20180507,661.7,93312680,100,66170.0
2018-05-07 09:33:13.940,210108,210934,B,,20180507,661.7,93313940,300,198510.0
2018-05-07 09:33:14.630,211222,210399,S,,20180507,661.58,93314630,200,132316.0
2018-05-07 09:33:14.630,211222,209549,S,,20180507,661.57,93314630,100,66157.0
2018-05-07 09:33:14.630,211222,209921,S,,20180507,661.57,93314630,100,66157.0
2018-05-07 09:33:14.630,211222,210728,S,,20180507,661.57,93314630,100,66157.0
2018-05-07 09:33:14.740,210108,211264,B,,20180507,661.7,93314740,100,66170.0
2018-05-07 09:33:15.480,211491,210728,S,,20180507,661.57,93315480,200,132314.0
2018-05-07 09:33:15.480,211491,210858,S,,20180507,661.57,93315480,100,66157.0
2018-05-07 09:33:15.480,211491,210957,S,,20180507,661.57,93315480,600,396942.00000000006
2018-05-07 09:33:15.480,211491,211130,S,,20180507,661.57,93315480,400,264628.0
2018-05-07 09:33:15.480,211491,210339,S,,20180507,661.23,93315480,100,66123.0
2018-05-07 09:33:15.480,211491,210956,S,,20180507,661.22,93315480,100,66122.0
2018-05-07 09:33:15.480,211491,201420,S,,20180507,661.0,93315480,100,66100.0
2018-05-07 09:33:15.480,211491,204229,S,,20180507,661.0,93315480,100,66100.0
2018-05-07 09:33:15.480,211491,204978,S,,20180507,661.0,93315480,500,330500.0
2018-05-07 09:33:15.480,211491,207284,S,,20180507,661.0,93315480,100,66100.0
2018-05-07 09:33:15.480,211491,207611,S,,20180507,661.0,93315480,100,66100.0
2018-05-07 09:33:15.480,211491,211485,S,,20180507,661.0,93315480,100,66100.0
2018-05-07 09:33:15.530,211491,211514,B,,20180507,661.0,93315530,400,264400.0
2018-05-07 09:33:16.200,211491,211789,B,,20180507,661.0,93316200,300,198300.0
2018-05-07 09:33:16.740,211491,211955,B,,20180507,661.0,93316740,100,66100.0
2018-05-07 09:33:16.850,211491,212012,B,,20180507,661.0,93316850,100,66100.0
2018-05-07 09:33:16.880,211491,212024,B,,20180507,661.0,93316880,100,66100.0
2018-05-07 09:33:16.930,211832,212047,B,,20180507,661.5,93316930,100,66150.0
2018-05-07 09:33:16.930,211983,212047,B,,20180507,661.57,93316930,100,66157.0
2018-05-07 09:33:16.980,211983,212060,B,,20180507,661.57,93316980,500,330785.0
2018-05-07 09:33:17.120,211983,212117,B,,20180507,661.57,93317120,100,66157.0
2018-05-07 09:33:17.300,211983,212184,B,,20180507,661.57,93317300,100,66157.0
2018-05-07 09:33:17.300,211983,212190,B,,20180507,661.57,93317300,100,66157.0
2018-05-07 09:33:19.900,213121,213216,B,,20180507,661.52,93319900,100,66152.0
2018-05-07 09:33:21.520,213121,213814,B,,20180507,661.52,93321520,100,66152.0
2018-05-07 09:33:21.600,213121,213846,B,,20180507,661.52,93321600,100,66152.0
2018-05-07 09:33:21.670,213878,213429,S,,20180507,661.5,93321670,200,132300.0
2018-05-07 09:33:22.280,213878,214107,B,,20180507,661.23,93322280,100,66123.0
2018-05-07 09:33:22.460,213961,214202,B,,20180507,661.23,93322460,100,66123.0
2018-05-07 09:33:22.460,213121,214202,B,,20180507,661.52,93322460,300,198456.0
2018-05-07 09:33:22.460,211983,214202,B,,20180507,661.57,93322460,100,66157.0
2018-05-07 09:33:24.130,214789,214534,S,,20180507,661.77,93324130,100,66177.0
2018-05-07 09:33:25.010,215137,214955,S,,20180507,661.71,93325010,100,66171.0
2018-05-07 09:33:25.030,178515,215156,B,,20180507,661.86,93325030,100,66186.0
2018-05-07 09:33:25.030,178556,215156,B,,20180507,661.86,93325030,100,66186.0
2018-05-07 09:33:25.150,215209,215156,S,,20180507,661.86,93325150,100,66186.0
2018-05-07 09:33:25.510,215329,214955,S,,20180507,661.71,93325510,100,66171.0
2018-05-07 09:33:26.900,215905,214955,S,,20180507,661.71,93326900,100,66171.0
2018-05-07 09:33:27.240,216017,214202,S,,20180507,661.7,93327240,100,66170.0
2018-05-07 09:33:27.370,216074,215335,S,,20180507,661.7,93327370,100,66170.0
2018-05-07 09:33:27.900,215544,216275,B,,20180507,661.86,93327900,100,66186.0
2018-05-07 09:33:28.510,216525,215556,S,,20180507,661.7,93328510,100,66170.0
2018-05-07 09:33:29.890,217076,216542,S,,20180507,661.7,93329890,100,66170.0
2018-05-07 09:33:32.430,217412,218174,B,,20180507,661.85,93332430,100,66185.0
2018-05-07 09:33:32.430,218140,218174,B,,20180507,661.85,93332430,100,66185.0
2018-05-07 09:33:32.510,217111,218204,B,,20180507,661.86,93332510,100,66186.0
2018-05-07 09:33:32.680,218272,217453,S,,20180507,661.7,93332680,100,66170.0
2018-05-07 09:33:32.680,218274,215691,S,,20180507,661.58,93332680,100,66158.0
2018-05-07 09:33:32.680,218274,215875,S,,20180507,661.57,93332680,100,66157.0
2018-05-07 09:33:32.680,218274,216705,S,,20180507,661.57,93332680,100,66157.0
2018-05-07 09:33:32.680,218278,217829,S,,20180507,661.57,93332680,100,66157.0
2018-05-07 09:33:33.250,218357,218504,B,,20180507,661.65,93333250,100,66165.0
2018-05-07 09:33:33.970,218357,218828,B,,20180507,661.65,93333970,100,66165.0
2018-05-07 09:33:34.580,218357,219071,B,,20180507,661.65,93334580,100,66165.0
2018-05-07 09:33:34.630,217552,219105,B,,20180507,661.86,93334630,100,66186.0
2018-05-07 09:33:36.070,219659,219164,S,,20180507,661.65,93336070,100,66165.0
2018-05-07 09:33:36.150,219659,219689,B,,20180507,661.65,93336150,100,66165.0
2018-05-07 09:33:37.090,219336,220096,B,,20180507,661.7,93337090,100,66170.0
2018-05-07 09:33:37.740,219336,220346,B,,20180507,661.7,93337740,100,66170.0
2018-05-07 09:33:38.350,219336,220570,B,,20180507,661.7,93338350,100,66170.0
2018-05-07 09:33:38.350,219356,220570,B,,20180507,661.7,93338350,100,66170.0
2018-05-07 09:33:38.350,219162,220570,B,,20180507,661.85,93338350,100,66185.0
2018-05-07 09:33:38.760,220720,220570,S,,20180507,661.86,93338760,100,66186.0
2018-05-07 09:33:39.660,221096,220570,S,,20180507,661.86,93339660,200,132372.0
2018-05-07 09:33:39.660,221096,218628,S,,20180507,661.6,93339660,200,132320.0
2018-05-07 09:33:39.660,221096,220298,S,,20180507,661.6,93339660,100,66160.0
2018-05-07 09:33:39.660,221096,220460,S,,20180507,661.6,93339660,100,66160.0
2018-05-07 09:33:39.660,221096,220795,S,,20180507,661.6,93339660,200,132320.0
2018-05-07 09:33:39.660,221096,220923,S,,20180507,661.6,93339660,100,66160.0
2018-05-07 09:33:39.660,221096,220012,S,,20180507,661.58,93339660,100,66158.0
2018-05-07 09:33:39.660,221096,214233,S,,20180507,661.52,93339660,100,66152.0
2018-05-07 09:33:39.660,221096,215336,S,,20180507,661.52,93339660,200,132304.0
2018-05-07 09:33:39.660,221096,217593,S,,20180507,661.52,93339660,700,463064.0
2018-05-07 09:33:39.900,221220,217593,S,,20180507,661.52,93339900,100,66152.0
2018-05-07 09:33:40.620,221229,221517,B,,20180507,661.7,93340620,100,66170.0
2018-05-07 09:33:40.670,221550,217593,S,,20180507,661.52,93340670,100,66152.0
2018-05-07 09:33:42.320,222140,217931,S,,20180507,661.52,93342320,100,66152.0
2018-05-07 09:33:42.320,222140,219893,S,,20180507,661.52,93342320,100,66152.0
2018-05-07 09:33:42.370,222119,222164,B,,20180507,661.58,93342370,100,66158.0
2018-05-07 09:33:42.690,222285,217514,S,,20180507,661.5,93342690,100,66150.0
2018-05-07 09:33:42.880,222336,222368,B,,20180507,661.5,93342880,200,132300.0
2018-05-07 09:33:42.880,222119,222368,B,,20180507,661.58,93342880,100,66158.0
2018-05-07 09:33:43.270,222119,222520,B,,20180507,661.58,93343270,100,66158.0
2018-05-07 09:33:43.610,222637,222662,B,,20180507,661.58,93343610,100,66158.0
2018-05-07 09:33:45.620,223352,223139,S,,20180507,661.7,93345620,100,66170.0
2018-05-07 09:33:45.800,223447,223139,S,,20180507,661.7,93345800,500,330850.0
2018-05-07 09:33:45.800,223447,222663,S,,20180507,661.5,93345800,100,66150.0
2018-05-07 09:33:45.800,223447,222814,S,,20180507,661.5,93345800,200,132300.0
2018-05-07 09:33:45.800,223447,218398,S,,20180507,661.48,93345800,100,66148.0
2018-05-07 09:33:45.800,223447,214781,S,,20180507,661.08,93345800,100,66108.0
2018-05-07 09:33:47.200,176370,223998,B,,20180507,661.98,93347200,100,66198.0
2018-05-07 09:33:47.200,178114,223998,B,,20180507,661.98,93347200,100,66198.0
2018-05-07 09:33:47.740,224181,223771,S,,20180507,661.88,93347740,200,132376.0
2018-05-07 09:33:48.520,224482,223771,S,,20180507,661.88,93348520,300,198564.0
2018-05-07 09:33:48.730,221216,224563,B,,20180507,661.98,93348730,100,66198.0
2018-05-07 09:33:49.030,224706,223771,S,,20180507,661.88,93349030,100,66188.0
2018-05-07 09:33:49.570,224930,223771,S,,20180507,661.88,93349570,600,397128.0
2018-05-07 09:33:49.700,223770,224980,B,,20180507,661.98,93349700,100,66198.0
2018-05-07 09:33:50.060,223770,225128,B,,20180507,661.98,93350060,100,66198.0
2018-05-07 09:33:51.350,225631,223771,S,,20180507,661.88,93351350,200,132376.0
2018-05-07 09:33:51.350,225631,224979,S,,20180507,661.88,93351350,200,132376.0
2018-05-07 09:33:51.350,225631,225518,S,,20180507,661.88,93351350,100,66188.0
2018-05-07 09:33:52.380,226026,226054,B,,20180507,661.7,93352380,100,66170.0
2018-05-07 09:33:52.380,225631,226054,B,,20180507,661.88,93352380,600,397128.0
2018-05-07 09:33:52.740,226182,225745,S,,20180507,661.65,93352740,100,66165.0
2018-05-07 09:33:52.740,226182,224358,S,,20180507,661.63,93352740,100,66163.0
2018-05-07 09:33:52.740,226182,224100,S,,20180507,661.59,93352740,100,66159.0
2018-05-07 09:33:52.740,226191,224100,S,,20180507,661.59,93352740,100,66159.0
2018-05-07 09:33:52.820,226212,224100,S,,20180507,661.59,93352820,1200,793908.0
2018-05-07 09:33:52.820,226212,225605,S,,20180507,661.58,93352820,100,66158.0
2018-05-07 09:33:53.130,226084,226327,B,,20180507,661.7,93353130,100,66170.0
2018-05-07 09:33:53.130,225631,226327,B,,20180507,661.88,93353130,200,132376.0
2018-05-07 09:33:54.440,226820,226645,S,,20180507,661.7,93354440,100,66170.0
2018-05-07 09:33:54.870,226820,227000,B,,20180507,661.7,93354870,100,66170.0
2018-05-07 09:33:54.870,225631,227000,B,,20180507,661.88,93354870,100,66188.0
2018-05-07 09:33:55.420,225631,227262,B,,20180507,661.88,93355420,100,66188.0
2018-05-07 09:33:55.450,225631,227280,B,,20180507,661.88,93355450,100,66188.0
2018-05-07 09:33:55.710,227380,227381,B,,20180507,661.69,93355710,74,48965.060000000005
2018-05-07 09:33:55.710,227317,227381,B,,20180507,661.83,93355710,26,17207.58
2018-05-07 09:33:57.910,228254,228118,S,,20180507,661.66,93357910,100,66166.0
2018-05-07 09:33:57.910,228254,226235,S,,20180507,661.65,93357910,100,66165.0
2018-05-07 09:33:57.910,228254,225605,S,,20180507,661.58,93357910,200,132316.0
2018-05-07 09:33:58.150,228349,225605,S,,20180507,661.58,93358150,300,198474.0
2018-05-07 09:33:58.150,228349,228296,S,,20180507,661.58,93358150,100,66158.0
2018-05-07 09:33:58.150,228349,225305,S,,20180507,661.52,93358150,100,66152.0
2018-05-07 09:33:58.150,228349,224130,S,,20180507,661.5,93358150,300,198450.0
2018-05-07 09:33:58.150,228349,214781,S,,20180507,661.08,93358150,100,66108.0
2018-05-07 09:33:58.150,228349,224413,S,,20180507,661.01,93358150,100,66101.0
2018-05-07 09:33:58.800,227317,228666,B,,20180507,661.83,93358800,100,66183.0
2018-05-07 09:33:58.910,227317,228708,B,,20180507,661.83,93358910,474,313707.42000000004
2018-05-07 09:33:58.910,225631,228708,B,,20180507,661.88,93358910,400,264752.0
2018-05-07 09:33:58.910,225980,228708,B,,20180507,661.88,93358910,100,66188.0
2018-05-07 09:33:58.910,228039,228708,B,,20180507,661.96,93358910,100,66196.0
2018-05-07 09:33:58.910,225551,228708,B,,20180507,661.97,93358910,99,65535.030000000006
2018-05-07 09:33:58.910,172427,228708,B,,20180507,661.99,93358910,15,9929.85
2018-05-07 09:33:58.910,174706,228708,B,,20180507,661.99,93358910,100,66199.0
2018-05-07 09:33:58.910,176534,228708,B,,20180507,661.99,93358910,92,60903.08
2018-05-07 09:33:58.910,178086,228708,B,,20180507,661.99,93358910,100,66199.0
2018-05-07 09:33:58.910,171842,228708,B,,20180507,662.0,93358910,100,66200.0
2018-05-07 09:33:58.910,171865,228708,B,,20180507,662.0,93358910,1000,662000.0
2018-05-07 09:33:58.910,172441,228708,B,,20180507,662.0,93358910,400,264800.0
2018-05-07 09:33:58.910,224026,228708,B,,20180507,662.0,93358910,1500,993000.0
2018-05-07 09:33:59.170,228817,228708,S,,20180507,662.0,93359170,200,132400.0
2018-05-07 09:33:59.390,228921,228708,S,,20180507,662.0,93359390,200,132400.0
2018-05-07 09:33:59.520,228996,228708,S,,20180507,662.0,93359520,100,66200.0
2018-05-07 09:34:00.750,229479,229375,S,,20180507,662.01,93400750,800,529608.0
2018-05-07 09:34:00.750,229479,229429,S,,20180507,662.01,93400750,200,132402.0
2018-05-07 09:34:00.810,229503,229429,S,,20180507,662.01,93400810,100,66201.0
2018-05-07 09:34:00.940,229566,228708,S,,20180507,662.0,93400940,20,13240.0
2018-05-07 09:34:00.940,229566,228890,S,,20180507,661.98,93400940,80,52958.4
2018-05-07 09:34:01.310,229704,228890,S,,20180507,661.98,93401310,20,13239.6
2018-05-07 09:34:01.310,229704,228965,S,,20180507,661.98,93401310,180,119156.40000000001
2018-05-07 09:34:02.560,230149,228965,S,,20180507,661.98,93402560,100,66198.0
2018-05-07 09:34:02.670,230203,228965,S,,20180507,661.98,93402670,300,198594.0
2018-05-07 09:34:04.340,203016,230969,B,,20180507,662.5,93404340,500,331250.0
2018-05-07 09:34:04.870,203016,231201,B,,20180507,662.5,93404870,100,66250.0
2018-05-07 09:34:06.630,231861,231842,S,,20180507,662.55,93406630,100,66255.0
2018-05-07 09:34:06.630,231861,231487,S,,20180507,662.0,93406630,100,66200.0
2018-05-07 09:34:07.080,232108,231487,S,,20180507,662.0,93407080,300,198600.0
2018-05-07 09:34:07.180,231966,232139,B,,20180507,662.5,93407180,100,66250.0
2018-05-07 09:34:08.520,232656,231487,S,,20180507,662.0,93408520,100,66200.0
2018-05-07 09:34:08.520,232656,231573,S,,20180507,662.0,93408520,500,331000.0
2018-05-07 09:34:08.860,232788,231573,S,,20180507,662.0,93408860,100,66200.0
2018-05-07 09:34:08.860,232788,232265,S,,20180507,662.0,93408860,100,66200.0
2018-05-07 09:34:08.860,232788,232382,S,,20180507,662.0,93408860,200,132400.0
2018-05-07 09:34:08.860,232788,232578,S,,20180507,662.0,93408860,100,66200.0
2018-05-07 09:34:09.280,232788,232956,B,,20180507,662.0,93409280,100,66200.0
2018-05-07 09:34:09.940,232788,233220,B,,20180507,662.0,93409940,100,66200.0
2018-05-07 09:34:10.060,232788,233281,B,,20180507,662.0,93410060,100,66200.0
2018-05-07 09:34:10.600,232788,233491,B,,20180507,662.0,93410600,200,132400.0
2018-05-07 09:34:10.600,232904,233491,B,,20180507,662.0,93410600,200,132400.0
2018-05-07 09:34:10.650,233519,228965,S,,20180507,661.98,93410650,20,13239.6
2018-05-07 09:34:10.650,233519,229481,S,,20180507,661.98,93410650,100,66198.0
2018-05-07 09:34:10.650,233519,230539,S,,20180507,661.98,93410650,100,66198.0
2018-05-07 09:34:10.650,233519,229141,S,,20180507,661.93,93410650,100,66193.0
2018-05-07 09:34:10.650,233519,229505,S,,20180507,661.88,93410650,100,66188.0
2018-05-07 09:34:10.650,233519,230310,S,,20180507,661.86,93410650,100,66186.0
2018-05-07 09:34:10.650,233519,232677,S,,20180507,661.7,93410650,100,66170.0
2018-05-07 09:34:11.260,233519,233736,B,,20180507,661.65,93411260,100,66165.0
2018-05-07 09:34:11.890,233519,233946,B,,20180507,661.65,93411890,100,66165.0
2018-05-07 09:34:12.210,233519,234048,B,,20180507,661.65,93412210,100,66165.0
2018-05-07 09:34:12.300,233519,234077,B,,20180507,661.65,93412300,100,66165.0
2018-05-07 09:34:12.680,233519,234222,B,,20180507,661.65,93412680,100,66165.0
2018-05-07 09:34:13.570,233519,234554,B,,20180507,661.65,93413570,200,132330.0
2018-05-07 09:34:14.490,233519,234889,B,,20180507,661.65,93414490,300,198495.0
2018-05-07 09:34:14.620,233519,234932,B,,20180507,661.65,93414620,200,132330.0
2018-05-07 09:34:15.690,235305,229015,S,,20180507,661.58,93415690,300,198474.0
2018-05-07 09:34:15.690,235305,229631,S,,20180507,661.58,93415690,100,66158.0
2018-05-07 09:34:15.690,235305,231178,S,,20180507,661.58,93415690,500,330790.0
2018-05-07 09:34:15.690,235305,234610,S,,20180507,661.58,93415690,100,66158.0
2018-05-07 09:34:16.320,235305,235553,B,,20180507,661.58,93416320,100,66158.0
2018-05-07 09:34:17.820,236084,224413,S,,20180507,661.01,93417820,100,66101.0
2018-05-07 09:34:18.710,233519,236419,B,,20180507,661.65,93418710,200,132330.0
2018-05-07 09:34:18.760,233519,236445,B,,20180507,661.65,93418760,100,66165.0
2018-05-07 09:34:18.880,233519,236501,B,,20180507,661.65,93418880,180,119097.0
2018-05-07 09:34:18.880,234897,236501,B,,20180507,661.65,93418880,20,13233.0
2018-05-07 09:34:19.140,234897,236594,B,,20180507,661.65,93419140,1400,926310.0
2018-05-07 09:34:19.440,236684,224413,S,,20180507,661.01,93419440,19,12559.19
2018-05-07 09:34:20.430,234897,237040,B,,20180507,661.65,93420430,100,66165.0
2018-05-07 09:34:20.460,234897,237050,B,,20180507,661.65,93420460,100,66165.0
2018-05-07 09:34:21.700,237501,224413,S,,20180507,661.01,93421700,81,53541.81
2018-05-07 09:34:21.700,237501,236838,S,,20180507,661.01,93421700,100,66101.0
2018-05-07 09:34:21.700,237501,237178,S,,20180507,661.01,93421700,100,66101.0
2018-05-07 09:34:21.700,237501,237357,S,,20180507,661.01,93421700,100,66101.0
2018-05-07 09:34:22.230,237501,237720,B,,20180507,661.01,93422230,119,78660.19
2018-05-07 09:34:22.230,237360,237720,B,,20180507,661.64,93422230,100,66164.0
2018-05-07 09:34:22.230,237676,237720,B,,20180507,661.64,93422230,281,185920.84
2018-05-07 09:34:22.850,237949,237899,S,,20180507,661.5,93422850,100,66150.0
2018-05-07 09:34:22.850,237949,237948,S,,20180507,661.01,93422850,100,66101.0
2018-05-07 09:34:23.680,238261,216995,S,,20180507,661.0,93423680,500,330500.0
2018-05-07 09:34:23.680,238261,218457,S,,20180507,661.0,93423680,100,66100.0
2018-05-07 09:34:24.300,238261,238453,B,,20180507,661.0,93424300,100,66100.0
2018-05-07 09:34:24.670,238595,208722,S,,20180507,660.94,93424670,400,264376.0
2018-05-07 09:34:24.780,238607,238629,B,,20180507,660.94,93424780,100,66094.0
2018-05-07 09:34:24.780,238607,238633,B,,20180507,660.94,93424780,100,66094.0
2018-05-07 09:34:24.830,238607,238662,B,,20180507,660.94,93424830,300,198282.00000000003
2018-05-07 09:34:24.830,238261,238662,B,,20180507,661.0,93424830,100,66100.0
2018-05-07 09:34:24.890,238261,238679,B,,20180507,661.0,93424890,100,66100.0
2018-05-07 09:34:25.410,238261,238877,B,,20180507,661.0,93425410,100,66100.0
2018-05-07 09:34:25.660,238261,238971,B,,20180507,661.0,93425660,100,66100.0
2018-05-07 09:34:25.820,238261,239019,B,,20180507,661.0,93425820,100,66100.0
2018-05-07 09:34:26.160,238261,239161,B,,20180507,661.0,93426160,200,132200.0
2018-05-07 09:34:27.150,238261,239484,B,,20180507,661.0,93427150,100,66100.0
2018-05-07 09:34:27.690,239683,232758,S,,20180507,660.91,93427690,100,66091.0
2018-05-07 09:34:27.910,239683,239820,B,,20180507,660.91,93427910,200,132182.0
2018-05-07 09:34:28.620,239683,240111,B,,20180507,660.91,93428620,100,66091.0
2018-05-07 09:34:28.850,239683,240188,B,,20180507,660.91,93428850,100,66091.0
2018-05-07 09:34:29.360,240258,240366,B,,20180507,660.9,93429360,8,5287.2
2018-05-07 09:34:30.570,238261,240826,B,,20180507,661.0,93430570,100,66100.0
2018-05-07 09:34:30.680,240877,240366,S,,20180507,660.91,93430680,192,126894.72
2018-05-07 09:34:31.040,240877,241037,B,,20180507,660.91,93431040,8,5287.28
2018-05-07 09:34:31.040,240900,241037,B,,20180507,660.91,93431040,92,60803.719999999994
2018-05-07 09:34:31.210,240900,241085,B,,20180507,660.91,93431210,100,66091.0
2018-05-07 09:34:31.930,240900,241364,B,,20180507,660.91,93431930,100,66091.0
2018-05-07 09:34:32.340,240900,241511,B,,20180507,660.91,93432340,100,66091.0
2018-05-07 09:34:32.660,240900,241624,B,,20180507,660.91,93432660,100,66091.0
2018-05-07 09:34:33.680,241991,214155,S,,20180507,660.66,93433680,100,66066.0
2018-05-07 09:34:34.530,241986,242331,B,,20180507,660.86,93434530,100,66086.0
2018-05-07 09:34:35.230,241986,242586,B,,20180507,660.86,93435230,500,330430.0
2018-05-07 09:34:35.230,242129,242586,B,,20180507,660.9,93435230,300,198270.0
2018-05-07 09:34:35.230,241651,242586,B,,20180507,660.91,93435230,300,198273.0
2018-05-07 09:34:35.230,241655,242586,B,,20180507,660.91,93435230,100,66091.0
2018-05-07 09:34:35.820,242602,242802,B,,20180507,660.91,93435820,100,66091.0
2018-05-07 09:34:36.080,242602,242908,B,,20180507,660.91,93436080,100,66091.0
2018-05-07 09:34:36.300,242602,242987,B,,20180507,660.91,93436300,100,66091.0
2018-05-07 09:34:36.670,243125,242811,S,,20180507,660.66,93436670,200,132132.0
2018-05-07 09:34:37.510,243125,243472,B,,20180507,660.66,93437510,100,66066.0
2018-05-07 09:34:37.560,243125,243488,B,,20180507,660.66,93437560,200,132132.0
2018-05-07 09:34:37.930,243138,243621,B,,20180507,660.66,93437930,100,66066.0
2018-05-07 09:34:38.220,243138,243730,B,,20180507,660.66,93438220,100,66066.0
2018-05-07 09:34:39.780,244132,244304,B,,20180507,660.61,93439780,100,66061.0
2018-05-07 09:34:39.980,244385,223052,S,,20180507,660.6,93439980,100,66060.0
2018-05-07 09:34:40.390,244132,244527,B,,20180507,660.61,93440390,100,66061.0
2018-05-07 09:34:40.770,244132,244674,B,,20180507,660.61,93440770,100,66061.0
2018-05-07 09:34:41.290,244322,244883,B,,20180507,660.61,93441290,100,66061.0
2018-05-07 09:34:42.610,245050,245375,B,,20180507,660.61,93442610,200,132122.0
2018-05-07 09:34:42.820,245430,245092,S,,20180507,660.6,93442820,100,66060.0
2018-05-07 09:34:42.870,245456,220496,S,,20180507,660.4,93442870,100,66040.0
2018-05-07 09:34:45.210,245430,246340,B,,20180507,660.6,93445210,100,66060.0
2018-05-07 09:34:45.780,246554,205613,S,,20180507,660.32,93445780,600,396192.00000000006
2018-05-07 09:34:45.780,246554,244225,S,,20180507,660.32,93445780,800,528256.0
2018-05-07 09:34:46.190,246737,216311,S,,20180507,660.31,93446190,100,66031.0
2018-05-07 09:34:46.480,246554,246839,B,,20180507,660.32,93446480,100,66032.0
2018-05-07 09:34:46.970,246554,247009,B,,20180507,660.32,93446970,100,66032.0
2018-05-07 09:34:47.610,246554,247251,B,,20180507,660.32,93447610,100,66032.0
2018-05-07 09:34:47.950,246554,247365,B,,20180507,660.32,93447950,100,66032.0
2018-05-07 09:34:48.070,246554,247411,B,,20180507,660.32,93448070,100,66032.0
2018-05-07 09:34:49.090,246554,247776,B,,20180507,660.32,93449090,100,66032.0
2018-05-07 09:34:49.090,247523,247776,B,,20180507,660.4,93449090,200,132080.0
2018-05-07 09:34:50.270,247523,248233,B,,20180507,660.4,93450270,100,66040.0
2018-05-07 09:34:50.840,248407,247944,S,,20180507,660.32,93450840,100,66032.0
2018-05-07 09:34:50.840,248407,197109,S,,20180507,660.3,93450840,300,198090.0
2018-05-07 09:34:52.180,248847,197109,S,,20180507,660.3,93452180,500,330150.0
2018-05-07 09:34:52.180,248847,203043,S,,20180507,660.3,93452180,100,66030.0
2018-05-07 09:34:52.180,248847,248444,S,,20180507,660.3,93452180,100,66030.0
2018-05-07 09:34:52.310,248847,248909,B,,20180507,660.28,93452310,100,66028.0
2018-05-07 09:34:52.310,248424,248909,B,,20180507,660.32,93452310,200,132064.0
2018-05-07 09:34:52.450,248958,216528,S,,20180507,660.11,93452450,100,66011.0
2018-05-07 09:34:52.450,248958,176708,S,,20180507,660.1,93452450,3541,2337414.1
2018-05-07 09:34:52.450,248958,180494,S,,20180507,660.1,93452450,200,132020.0
2018-05-07 09:34:52.450,248958,199123,S,,20180507,660.1,93452450,100,66010.0
2018-05-07 09:34:52.450,248958,220540,S,,20180507,660.1,93452450,100,66010.0
2018-05-07 09:34:52.450,248958,177613,S,,20180507,660.01,93452450,100,66001.0
2018-05-07 09:34:52.450,248958,128846,S,,20180507,660.0,93452450,200,132000.0
2018-05-07 09:34:52.450,248958,129064,S,,20180507,660.0,93452450,100,66000.0
2018-05-07 09:34:52.450,248958,134873,S,,20180507,660.0,93452450,100,66000.0
2018-05-07 09:34:52.450,248958,136201,S,,20180507,660.0,93452450,100,66000.0
2018-05-07 09:34:52.450,248958,138205,S,,20180507,660.0,93452450,100,66000.0
2018-05-07 09:34:52.450,248958,145278,S,,20180507,660.0,93452450,100,66000.0
2018-05-07 09:34:52.450,248958,148612,S,,20180507,660.0,93452450,159,104940.0
2018-05-07 09:34:55.580,249116,250099,B,,20180507,660.31,93455580,100,66031.0
2018-05-07 09:34:55.580,249119,250099,B,,20180507,660.31,93455580,100,66031.0
2018-05-07 09:34:55.610,249119,250115,B,,20180507,660.31,93455610,100,66031.0
2018-05-07 09:34:55.750,248618,250152,B,,20180507,660.32,93455750,100,66032.0
2018-05-07 09:34:56.010,250215,250255,B,,20180507,660.3,93456010,300,198090.0
2018-05-07 09:34:56.580,250423,250449,B,,20180507,660.1,93456580,300,198030.0
2018-05-07 09:34:56.630,250423,250465,B,,20180507,660.1,93456630,400,264040.0
2018-05-07 09:34:56.630,250467,148612,S,,20180507,660.0,93456630,141,93060.0
2018-05-07 09:34:56.630,250467,156110,S,,20180507,660.0,93456630,100,66000.0
2018-05-07 09:34:56.630,250467,159172,S,,20180507,660.0,93456630,100,66000.0
2018-05-07 09:34:56.630,250467,159742,S,,20180507,660.0,93456630,200,132000.0
2018-05-07 09:34:56.630,250467,160580,S,,20180507,660.0,93456630,100,66000.0
2018-05-07 09:34:56.630,250467,160718,S,,20180507,660.0,93456630,100,66000.0
2018-05-07 09:34:56.630,250467,165868,S,,20180507,660.0,93456630,100,66000.0
2018-05-07 09:34:56.630,250467,172605,S,,20180507,660.0,93456630,159,104940.0
2018-05-07 09:34:56.780,250423,250512,B,,20180507,660.1,93456780,100,66010.0
2018-05-07 09:34:56.900,250423,250546,B,,20180507,660.1,93456900,300,198030.0
2018-05-07 09:34:56.900,250423,250549,B,,20180507,660.1,93456900,100,66010.0
2018-05-07 09:34:57.000,250423,250581,B,,20180507,660.1,93457000,300,198030.0
2018-05-07 09:34:57.030,250423,250597,B,,20180507,660.1,93457030,300,198030.0
2018-05-07 09:34:57.610,250799,172605,S,,20180507,660.0,93457610,1841,1215060.0
2018-05-07 09:34:57.610,250799,184295,S,,20180507,660.0,93457610,100,66000.0
2018-05-07 09:34:57.610,250799,184480,S,,20180507,660.0,93457610,100,66000.0
2018-05-07 09:34:57.610,250799,185445,S,,20180507,660.0,93457610,100,66000.0
2018-05-07 09:34:57.610,250799,191093,S,,20180507,660.0,93457610,200,132000.0
2018-05-07 09:34:57.610,250799,192998,S,,20180507,660.0,93457610,100,66000.0
2018-05-07 09:34:57.610,250799,195871,S,,20180507,660.0,93457610,100,66000.0
2018-05-07 09:34:57.610,250799,199913,S,,20180507,660.0,93457610,100,66000.0
2018-05-07 09:34:57.610,250799,200913,S,,20180507,660.0,93457610,100,66000.0
2018-05-07 09:34:57.610,250799,202548,S,,20180507,660.0,93457610,100,66000.0
2018-05-07 09:34:57.610,250799,202572,S,,20180507,660.0,93457610,100,66000.0
2018-05-07 09:34:57.610,250799,203624,S,,20180507,660.0,93457610,100,66000.0
2018-05-07 09:34:57.610,250799,203679,S,,20180507,660.0,93457610,100,66000.0
2018-05-07 09:34:57.610,250799,205425,S,,20180507,660.0,93457610,100,66000.0
2018-05-07 09:34:57.610,250799,205513,S,,20180507,660.0,93457610,100,66000.0
2018-05-07 09:34:57.610,250799,206904,S,,20180507,660.0,93457610,100,66000.0
2018-05-07 09:34:57.610,250799,209029,S,,20180507,660.0,93457610,100,66000.0
2018-05-07 09:34:57.610,250799,213017,S,,20180507,660.0,93457610,100,66000.0
2018-05-07 09:34:57.610,250799,218184,S,,20180507,660.0,93457610,500,330000.0
2018-05-07 09:34:57.610,250799,218583,S,,20180507,660.0,93457610,100,66000.0
2018-05-07 09:34:57.610,250799,221655,S,,20180507,660.0,93457610,100,66000.0
2018-05-07 09:34:57.610,250799,221923,S,,20180507,660.0,93457610,100,66000.0
2018-05-07 09:34:57.610,250799,223985,S,,20180507,660.0,93457610,300,198000.0
2018-05-07 09:34:57.610,250799,227146,S,,20180507,660.0,93457610,100,66000.0
2018-05-07 09:34:57.610,250799,230183,S,,20180507,660.0,93457610,100,66000.0
2018-05-07 09:34:57.610,250799,233607,S,,20180507,660.0,93457610,9300,6138000.0
2018-05-07 09:34:57.610,250799,236052,S,,20180507,660.0,93457610,100,66000.0
2018-05-07 09:34:57.610,250799,237005,S,,20180507,660.0,93457610,100,66000.0
2018-05-07 09:34:57.610,250799,240784,S,,20180507,660.0,93457610,100,66000.0
2018-05-07 09:34:57.610,250799,242990,S,,20180507,660.0,93457610,100,66000.0
2018-05-07 09:34:57.610,250799,243793,S,,20180507,660.0,93457610,100,66000.0
2018-05-07 09:34:57.610,250799,244865,S,,20180507,660.0,93457610,100,66000.0
2018-05-07 09:34:57.610,250799,247967,S,,20180507,660.0,93457610,100,66000.0
2018-05-07 09:34:57.610,250799,249035,S,,20180507,660.0,93457610,100,66000.0
2018-05-07 09:34:57.690,250799,250831,B,,20180507,659.98,93457690,59,38938.82
2018-05-07 09:34:57.690,250423,250831,B,,20180507,660.1,93457690,241,159084.1
2018-05-07 09:34:58.010,250423,250980,B,,20180507,660.1,93458010,100,66010.0
2018-05-07 09:34:58.380,251035,251099,B,,20180507,660.0,93458380,100,66000.0
2018-05-07 09:34:58.570,251126,251179,B,,20180507,660.0,93458570,200,132000.0
2018-05-07 09:34:59.010,251193,251340,B,,20180507,660.0,93459010,100,66000.0
2018-05-07 09:35:00.010,251693,251340,S,,20180507,660.0,93500010,100,66000.0
2018-05-07 09:35:00.010,251693,119933,S,,20180507,659.96,93500010,300,197988.0
2018-05-07 09:35:00.440,251856,145238,S,,20180507,659.96,93500440,100,65996.0
2018-05-07 09:35:00.440,251856,101373,S,,20180507,659.95,93500440,200,131990.0
2018-05-07 09:35:00.970,250423,252071,B,,20180507,660.1,93500970,100,66010.0
2018-05-07 09:35:01.180,252133,101373,S,,20180507,659.95,93501180,200,131990.0
2018-05-07 09:35:01.180,252140,101373,S,,20180507,659.95,93501180,209,137929.55000000002
2018-05-07 09:35:01.180,252140,102210,S,,20180507,659.95,93501180,100,65995.0
2018-05-07 09:35:01.180,252140,107655,S,,20180507,659.95,93501180,91,60055.450000000004
2018-05-07 09:35:01.600,252276,252141,S,,20180507,660.01,93501600,100,66001.0
2018-05-07 09:35:01.740,252333,252335,B,,20180507,659.96,93501740,100,65996.0
2018-05-07 09:35:02.140,252470,252431,S,,20180507,659.96,93502140,26,17158.96
2018-05-07 09:35:02.220,252484,252513,B,,20180507,660.0,93502220,200,132000.0
2018-05-07 09:35:02.540,252623,252431,S,,20180507,659.96,93502540,300,197988.0
2018-05-07 09:35:02.790,252484,252702,B,,20180507,660.0,93502790,100,66000.0
2018-05-07 09:35:02.870,252734,107655,S,,20180507,659.95,93502870,9,5939.55
2018-05-07 09:35:02.870,252734,107786,S,,20180507,659.95,93502870,100,65995.0
2018-05-07 09:35:02.870,252734,108503,S,,20180507,659.95,93502870,100,65995.0
2018-05-07 09:35:02.870,252734,108509,S,,20180507,659.95,93502870,100,65995.0
2018-05-07 09:35:02.870,252734,109148,S,,20180507,659.95,93502870,191,126050.45000000001
2018-05-07 09:35:02.870,252735,109148,S,,20180507,659.95,93502870,500,329975.0
2018-05-07 09:35:02.870,252736,109148,S,,20180507,659.95,93502870,500,329975.0
2018-05-07 09:35:02.870,252744,109148,S,,20180507,659.95,93502870,800,527960.0
2018-05-07 09:35:03.050,252710,252822,B,,20180507,659.96,93503050,100,65996.0
2018-05-07 09:35:03.050,252737,252822,B,,20180507,659.96,93503050,100,65996.0
2018-05-07 09:35:03.050,252813,252822,B,,20180507,659.96,93503050,100,65996.0
2018-05-07 09:35:03.180,252864,252822,S,,20180507,659.96,93503180,100,65996.0
2018-05-07 09:35:03.480,252967,252822,S,,20180507,659.96,93503480,100,65996.0
2018-05-07 09:35:03.480,252967,109148,S,,20180507,659.95,93503480,9,5939.55
2018-05-07 09:35:03.480,252967,110544,S,,20180507,659.95,93503480,200,131990.0
2018-05-07 09:35:03.480,252967,110771,S,,20180507,659.95,93503480,100,65995.0
2018-05-07 09:35:03.480,252967,112412,S,,20180507,659.95,93503480,100,65995.0
2018-05-07 09:35:03.480,252967,116729,S,,20180507,659.95,93503480,100,65995.0
2018-05-07 09:35:03.480,252967,118960,S,,20180507,659.95,93503480,100,65995.0
2018-05-07 09:35:03.480,252967,119142,S,,20180507,659.95,93503480,200,131990.0
2018-05-07 09:35:03.480,252967,121468,S,,20180507,659.95,93503480,91,60055.450000000004
2018-05-07 09:35:03.670,253035,253007,S,,20180507,659.96,93503670,800,527968.0
2018-05-07 09:35:03.760,253062,121468,S,,20180507,659.95,93503760,109,71934.55
2018-05-07 09:35:03.760,253062,127035,S,,20180507,659.95,93503760,100,65995.0
2018-05-07 09:35:03.760,253062,128022,S,,20180507,659.95,93503760,100,65995.0
2018-05-07 09:35:03.760,253062,128199,S,,20180507,659.95,93503760,100,65995.0
2018-05-07 09:35:03.760,253062,129181,S,,20180507,659.95,93503760,91,60055.450000000004
2018-05-07 09:35:04.560,253035,253354,B,,20180507,659.96,93504560,100,65996.0
2018-05-07 09:35:05.200,253035,253599,B,,20180507,659.96,93505200,500,329980.0
