,AskOrder,BidOrder,BSFlags,FunctionCode,Date,Price,Time,Volume,Amount
2018-05-15 09:24:59.830,80509,61045,S,,20180515,746.0,92459830,100,74600.0
2018-05-15 09:24:59.830,96620,73070,S,,20180515,746.0,92459830,100,74600.0
2018-05-15 09:24:59.830,97261,27075,S,,20180515,746.0,92459830,100,74600.0
2018-05-15 09:24:59.830,27072,27075,B,,20180515,746.0,92459830,700,522200.0
2018-05-15 09:24:59.830,27072,27079,B,,20180515,746.0,92459830,800,596800.0
2018-05-15 09:24:59.830,27072,27083,B,,20180515,746.0,92459830,800,596800.0
2018-05-15 09:24:59.830,27072,27089,B,,20180515,746.0,92459830,700,522200.0
2018-05-15 09:24:59.830,27077,27089,B,,20180515,746.0,92459830,100,74600.0
2018-05-15 09:24:59.830,27080,27091,B,,20180515,746.0,92459830,100,74600.0
2018-05-15 09:24:59.830,27084,27091,B,,20180515,746.0,92459830,100,74600.0
2018-05-15 09:24:59.830,27085,27091,B,,20180515,746.0,92459830,100,74600.0
2018-05-15 09:24:59.830,27090,27091,B,,20180515,746.0,92459830,100,74600.0
2018-05-15 09:24:59.830,27093,27091,S,,20180515,746.0,92459830,100,74600.0
2018-05-15 09:24:59.830,95374,27091,S,,20180515,746.0,92459830,100,74600.0
2018-05-15 09:24:59.830,95124,27091,S,,20180515,746.0,92459830,100,74600.0
2018-05-15 09:24:59.830,41318,27091,S,,20180515,746.0,92459830,100,74600.0
2018-05-15 09:24:59.830,43051,27094,S,,20180515,746.0,92459830,456,340176.0
2018-05-15 09:24:59.830,43052,27094,S,,20180515,746.0,92459830,100,74600.0
2018-05-15 09:24:59.830,65729,27094,S,,20180515,746.0,92459830,244,182024.0
2018-05-15 09:24:59.830,65729,78014,B,,20180515,746.0,92459830,500,373000.0
2018-05-15 09:24:59.830,65729,86041,B,,20180515,746.0,92459830,490,365540.0
2018-05-15 09:24:59.830,65858,86041,B,,20180515,746.0,92459830,10,7460.0
2018-05-15 09:24:59.830,65858,88044,B,,20180515,746.0,92459830,206,153676.0
2018-05-15 09:24:59.830,66777,88044,B,,20180515,746.0,92459830,259,193214.0
2018-05-15 09:24:59.830,66937,88044,B,,20180515,746.0,92459830,25,18650.0
2018-05-15 09:24:59.830,68532,88044,B,,20180515,746.0,92459830,31,23126.0
2018-05-15 09:24:59.830,71245,88044,B,,20180515,746.0,92459830,79,58934.0
2018-05-15 09:24:59.830,71245,91731,B,,20180515,746.0,92459830,39,29094.0
2018-05-15 09:24:59.830,76667,91731,B,,20180515,746.0,92459830,235,175310.0
2018-05-15 09:24:59.830,77535,91731,B,,20180515,746.0,92459830,16,11936.0
2018-05-15 09:24:59.830,80842,91731,B,,20180515,746.0,92459830,185,138010.0
2018-05-15 09:24:59.830,83001,91731,B,,20180515,746.0,92459830,21,15666.0
2018-05-15 09:24:59.830,86239,91731,B,,20180515,746.0,92459830,349,260354.0
2018-05-15 09:24:59.830,86240,91731,B,,20180515,746.0,92459830,42,31332.0
2018-05-15 09:24:59.830,91470,91731,B,,20180515,746.0,92459830,113,84298.0
2018-05-15 09:24:59.830,91470,93928,B,,20180515,746.0,92459830,117,87282.0
2018-05-15 09:24:59.830,91471,93928,B,,20180515,746.0,92459830,30,22380.0
2018-05-15 09:24:59.830,91955,93928,B,,20180515,746.0,92459830,250,186500.0
2018-05-15 09:24:59.830,93927,93928,B,,20180515,746.0,92459830,103,76838.0
2018-05-15 09:24:59.830,93927,69037,S,,20180515,746.0,92459830,181,135026.0
2018-05-15 09:24:59.830,91346,69037,S,,20180515,746.0,92459830,19,14174.0
2018-05-15 09:24:59.830,91346,69038,S,,20180515,746.0,92459830,81,60426.0
2018-05-15 09:24:59.830,19141,69038,B,,20180515,746.0,92459830,19,14174.0
2018-05-15 09:24:59.830,19141,69039,B,,20180515,746.0,92459830,81,60426.0
2018-05-15 09:24:59.830,24752,69039,B,,20180515,746.0,92459830,100,74600.0
2018-05-15 09:24:59.830,72696,69039,S,,20180515,746.0,92459830,100,74600.0
2018-05-15 09:24:59.830,96884,69039,S,,20180515,746.0,92459830,1719,1282374.0
2018-05-15 09:24:59.830,96884,69049,S,,20180515,746.0,92459830,100,74600.0
2018-05-15 09:24:59.830,96884,27614,S,,20180515,746.0,92459830,100,74600.0
2018-05-15 09:24:59.830,96884,27615,S,,20180515,746.0,92459830,81,60426.0
2018-05-15 09:24:59.830,82693,27615,S,,20180515,746.0,92459830,100,74600.0
2018-05-15 09:24:59.830,46413,27615,S,,20180515,746.0,92459830,19,14174.0
2018-05-15 09:24:59.830,46413,1329,S,,20180515,746.0,92459830,100,74600.0
2018-05-15 09:24:59.830,46413,27613,S,,20180515,746.0,92459830,100,74600.0
2018-05-15 09:24:59.830,46413,12030,S,,20180515,746.0,92459830,81,60426.0
2018-05-15 09:24:59.830,55818,12030,S,,20180515,746.0,92459830,300,223800.0
2018-05-15 09:24:59.830,91886,12030,S,,20180515,746.0,92459830,1000,746000.0
2018-05-15 09:24:59.830,94515,12030,S,,20180515,746.0,92459830,2619,1953774.0
2018-05-15 09:24:59.830,94515,38504,S,,20180515,746.0,92459830,100,74600.0
2018-05-15 09:24:59.830,94515,44846,S,,20180515,746.0,92459830,100,74600.0
2018-05-15 09:24:59.830,94515,61424,S,,20180515,746.0,92459830,3281,2447626.0
2018-05-15 09:24:59.830,95753,61424,S,,20180515,746.0,92459830,200,149200.0
2018-05-15 09:24:59.830,741,61424,B,,20180515,746.0,92459830,100,74600.0
2018-05-15 09:24:59.830,52674,61424,B,,20180515,746.0,92459830,100,74600.0
2018-05-15 09:24:59.830,57250,61424,B,,20180515,746.0,92459830,100,74600.0
2018-05-15 09:24:59.830,69704,61424,S,,20180515,746.0,92459830,100,74600.0
2018-05-15 09:24:59.830,74170,61424,S,,20180515,746.0,92459830,100,74600.0
2018-05-15 09:24:59.830,77816,61424,S,,20180515,746.0,92459830,19,14174.0
2018-05-15 09:24:59.830,77816,67645,S,,20180515,746.0,92459830,81,60426.0
2018-05-15 09:24:59.830,84006,67645,S,,20180515,746.0,92459830,19,14174.0
2018-05-15 09:24:59.830,84006,70602,S,,20180515,746.0,92459830,200,149200.0
2018-05-15 09:24:59.830,84006,67343,S,,20180515,746.0,92459830,100,74600.0
2018-05-15 09:24:59.830,84006,74330,S,,20180515,746.0,92459830,100,74600.0
2018-05-15 09:24:59.830,84006,76558,S,,20180515,746.0,92459830,81,60426.0
2018-05-15 09:24:59.830,86691,76558,S,,20180515,746.0,92459830,19,14174.0
2018-05-15 09:24:59.830,86691,78131,S,,20180515,746.0,92459830,181,135026.0
2018-05-15 09:24:59.830,95454,78131,S,,20180515,746.0,92459830,100,74600.0
2018-05-15 09:24:59.830,95583,78131,S,,20180515,746.0,92459830,19,14174.0
2018-05-15 09:24:59.830,95583,66443,S,,20180515,746.0,92459830,76,56696.0
2018-05-15 09:24:59.830,98571,66443,S,,20180515,746.0,92459830,100,74600.0
2018-05-15 09:24:59.830,77428,66443,S,,20180515,746.0,92459830,100,74600.0
2018-05-15 09:24:59.830,85329,66443,S,,20180515,746.0,92459830,500,373000.0
2018-05-15 09:24:59.830,88926,66443,S,,20180515,746.0,92459830,100,74600.0
2018-05-15 09:24:59.830,97110,66443,S,,20180515,746.0,92459830,300,223800.0
2018-05-15 09:24:59.830,99794,66443,S,,20180515,746.0,92459830,100,74600.0
2018-05-15 09:24:59.830,12888,66443,B,,20180515,746.0,92459830,100,74600.0
2018-05-15 09:24:59.830,83547,66443,S,,20180515,746.0,92459830,500,373000.0
2018-05-15 09:24:59.830,94158,66443,S,,20180515,746.0,92459830,100,74600.0
2018-05-15 09:24:59.830,99023,66443,S,,20180515,746.0,92459830,424,316304.0
2018-05-15 09:24:59.830,99023,84300,S,,20180515,746.0,92459830,76,56696.0
2018-05-15 09:24:59.830,94883,84300,S,,20180515,746.0,92459830,58,43268.0
2018-05-15 09:24:59.830,43370,84300,B,,20180515,746.0,92459830,66,49236.0
2018-05-15 09:24:59.830,43370,77677,B,,20180515,746.0,92459830,34,25364.0
2018-05-15 09:24:59.830,46645,77677,B,,20180515,746.0,92459830,66,49236.0
2018-05-15 09:24:59.830,46645,74635,B,,20180515,746.0,92459830,34,25364.0
2018-05-15 09:24:59.830,47722,74635,B,,20180515,746.0,92459830,200,149200.0
2018-05-15 09:24:59.830,52796,74635,B,,20180515,746.0,92459830,66,49236.0
2018-05-15 09:24:59.830,52796,70723,B,,20180515,746.0,92459830,34,25364.0
2018-05-15 09:24:59.830,54006,70723,B,,20180515,746.0,92459830,466,347636.0
2018-05-15 09:24:59.830,54006,73382,B,,20180515,746.0,92459830,534,398364.0
2018-05-15 09:24:59.830,73682,73382,S,,20180515,746.0,92459830,100,74600.0
2018-05-15 09:24:59.830,59075,73382,B,,20180515,746.0,92459830,100,74600.0
2018-05-15 09:24:59.830,1604,73382,B,,20180515,746.0,92459830,100,74600.0
2018-05-15 09:24:59.830,49733,73382,B,,20180515,746.0,92459830,100,74600.0
2018-05-15 09:24:59.830,5342,73382,B,,20180515,746.0,92459830,66,49236.0
2018-05-15 09:24:59.830,5342,45177,B,,20180515,746.0,92459830,234,174564.0
2018-05-15 09:24:59.830,87872,45177,S,,20180515,746.0,92459830,100,74600.0
2018-05-15 09:24:59.830,27427,45177,B,,20180515,746.0,92459830,66,49236.0
2018-05-15 09:24:59.830,27427,54330,B,,20180515,746.0,92459830,34,25364.0
2018-05-15 09:24:59.830,56033,54330,S,,20180515,746.0,92459830,100,74600.0
2018-05-15 09:24:59.830,90942,54330,S,,20180515,746.0,92459830,166,123836.0
2018-05-15 09:24:59.830,90942,54593,S,,20180515,746.0,92459830,834,622164.0
2018-05-15 09:24:59.830,94620,54593,S,,20180515,746.0,92459830,366,273036.0
2018-05-15 09:24:59.830,94620,70067,S,,20180515,746.0,92459830,100,74600.0
2018-05-15 09:24:59.830,94620,72845,S,,20180515,746.0,92459830,34,25364.0
2018-05-15 09:24:59.830,97553,72845,S,,20180515,746.0,92459830,66,49236.0
2018-05-15 09:24:59.830,97553,79959,S,,20180515,746.0,92459830,34,25364.0
2018-05-15 09:24:59.830,11098,79959,B,,20180515,746.0,92459830,66,49236.0
2018-05-15 09:24:59.830,11098,67477,B,,20180515,746.0,92459830,200,149200.0
2018-05-15 09:24:59.830,11098,67527,B,,20180515,746.0,92459830,334,249164.0
2018-05-15 09:24:59.830,1601,67527,B,,20180515,746.0,92459830,66,49236.0
2018-05-15 09:24:59.830,1601,70696,B,,20180515,746.0,92459830,34,25364.0
2018-05-15 09:24:59.830,68932,70696,B,,20180515,746.0,92459830,100,74600.0
2018-05-15 09:24:59.830,100121,70696,S,,20180515,746.0,92459830,266,198436.0
2018-05-15 09:24:59.830,100121,69925,S,,20180515,746.0,92459830,81,60426.0
2018-05-15 09:24:59.830,94881,69925,S,,20180515,746.0,92459830,19,14174.0
2018-05-15 09:24:59.830,94881,70494,S,,20180515,746.0,92459830,81,60426.0
2018-05-15 09:24:59.830,99740,70494,S,,20180515,746.0,92459830,119,88774.0
2018-05-15 09:24:59.830,99740,71956,S,,20180515,746.0,92459830,81,60426.0
2018-05-15 09:24:59.830,90797,71956,S,,20180515,746.0,92459830,19,14174.0
2018-05-15 09:24:59.830,90797,73269,S,,20180515,746.0,92459830,81,60426.0
2018-05-15 09:24:59.830,67720,73269,B,,20180515,746.0,92459830,19,14174.0
2018-05-15 09:24:59.830,67720,74439,B,,20180515,746.0,92459830,81,60426.0
2018-05-15 09:24:59.830,1602,74439,B,,20180515,746.0,92459830,19,14174.0
2018-05-15 09:24:59.830,1602,75464,B,,20180515,746.0,92459830,81,60426.0
2018-05-15 09:24:59.830,81550,75464,S,,20180515,746.0,92459830,19,14174.0
2018-05-15 09:24:59.830,81550,91552,B,,20180515,746.0,92459830,81,60426.0
2018-05-15 09:24:59.830,98735,91552,S,,20180515,746.0,92459830,1000,746000.0
2018-05-15 09:24:59.830,82492,91552,B,,20180515,746.0,92459830,100,74600.0
2018-05-15 09:24:59.830,24382,91552,B,,20180515,746.0,92459830,100,74600.0
2018-05-15 09:24:59.830,65164,91552,B,,20180515,746.0,92459830,400,298400.0
2018-05-15 09:24:59.830,89365,91552,B,,20180515,746.0,92459830,100,74600.0
2018-05-15 09:24:59.830,912,91552,B,,20180515,746.0,92459830,100,74600.0
2018-05-15 09:24:59.830,15434,91552,B,,20180515,746.0,92459830,100,74600.0
2018-05-15 09:24:59.830,18624,91552,B,,20180515,746.0,92459830,100,74600.0
2018-05-15 09:24:59.830,36113,91552,B,,20180515,746.0,92459830,500,373000.0
2018-05-15 09:24:59.830,52232,91552,B,,20180515,746.0,92459830,100,74600.0
2018-05-15 09:24:59.830,60695,91552,B,,20180515,746.0,92459830,100,74600.0
2018-05-15 09:24:59.830,64466,91552,B,,20180515,746.0,92459830,100,74600.0
2018-05-15 09:24:59.830,79537,91552,B,,20180515,746.0,92459830,100,74600.0
2018-05-15 09:24:59.830,82195,91552,B,,20180515,746.0,92459830,19,14174.0
2018-05-15 09:24:59.830,82195,92194,B,,20180515,746.0,92459830,81,60426.0
2018-05-15 09:24:59.830,86980,92194,B,,20180515,746.0,92459830,19,14174.0
2018-05-15 09:24:59.830,86980,70689,S,,20180515,746.0,92459830,100,74600.0
2018-05-15 09:24:59.830,86980,76949,S,,20180515,746.0,92459830,81,60426.0
2018-05-15 09:24:59.830,88724,76949,S,,20180515,746.0,92459830,19,14174.0
2018-05-15 09:24:59.830,88724,94249,B,,20180515,746.0,92459830,200,149200.0
2018-05-15 09:24:59.830,88724,66188,S,,20180515,746.0,92459830,81,60426.0
2018-05-15 09:24:59.830,91334,66188,S,,20180515,746.0,92459830,19,14174.0
2018-05-15 09:24:59.830,91334,66355,S,,20180515,746.0,92459830,100,74600.0
2018-05-15 09:24:59.830,91334,95657,B,,20180515,746.0,92459830,200,149200.0
2018-05-15 09:24:59.830,91334,53469,S,,20180515,746.0,92459830,200,149200.0
2018-05-15 09:24:59.830,91334,64533,S,,20180515,746.0,92459830,181,135026.0
2018-05-15 09:24:59.830,92204,64533,S,,20180515,746.0,92459830,200,149200.0
2018-05-15 09:24:59.830,93065,64533,S,,20180515,746.0,92459830,19,14174.0
2018-05-15 09:24:59.830,93065,83698,S,,20180515,746.0,92459830,400,298400.0
2018-05-15 09:24:59.830,93065,85233,S,,20180515,746.0,92459830,200,149200.0
2018-05-15 09:24:59.830,93065,88187,S,,20180515,746.0,92459830,500,373000.0
2018-05-15 09:24:59.830,93065,90192,S,,20180515,746.0,92459830,100,74600.0
2018-05-15 09:24:59.830,93065,92484,S,,20180515,746.0,92459830,100,74600.0
2018-05-15 09:24:59.830,93065,76964,S,,20180515,746.0,92459830,100,74600.0
2018-05-15 09:24:59.830,93065,78398,S,,20180515,746.0,92459830,81,60426.0
2018-05-15 09:24:59.830,93911,78398,S,,20180515,746.0,92459830,19,14174.0
2018-05-15 09:24:59.830,93911,84451,S,,20180515,746.0,92459830,300,223800.0
2018-05-15 09:24:59.830,93911,91090,S,,20180515,746.0,92459830,181,135026.0
2018-05-15 09:24:59.830,94614,91090,S,,20180515,746.0,92459830,100,74600.0
2018-05-15 09:24:59.830,94826,91090,S,,20180515,746.0,92459830,19,14174.0
2018-05-15 09:24:59.830,94826,91438,S,,20180515,746.0,92459830,81,60426.0
2018-05-15 09:24:59.830,94933,91438,S,,20180515,746.0,92459830,19,14174.0
2018-05-15 09:24:59.830,94933,93543,S,,20180515,746.0,92459830,81,60426.0
2018-05-15 09:24:59.830,95419,93543,S,,20180515,746.0,92459830,1000,746000.0
2018-05-15 09:24:59.830,96252,93543,S,,20180515,746.0,92459830,200,149200.0
2018-05-15 09:24:59.830,96708,93543,S,,20180515,746.0,92459830,3619,2699774.0
2018-05-15 09:24:59.830,96708,77890,S,,20180515,746.0,92459830,400,298400.0
2018-05-15 09:24:59.830,96708,65351,S,,20180515,746.0,92459830,981,731826.0
2018-05-15 09:24:59.830,97490,65351,S,,20180515,746.0,92459830,100,74600.0
2018-05-15 09:24:59.830,98278,65351,S,,20180515,746.0,92459830,300,223800.0
2018-05-15 09:24:59.830,98674,65351,S,,20180515,746.0,92459830,100,74600.0
2018-05-15 09:24:59.830,98765,65351,S,,20180515,746.0,92459830,200,149200.0
2018-05-15 09:24:59.830,98816,65351,S,,20180515,746.0,92459830,200,149200.0
2018-05-15 09:24:59.830,99103,65351,S,,20180515,746.0,92459830,100,74600.0
2018-05-15 09:24:59.830,99383,65351,S,,20180515,746.0,92459830,100,74600.0
2018-05-15 09:24:59.830,99537,65351,S,,20180515,746.0,92459830,100,74600.0
2018-05-15 09:24:59.830,99632,65351,S,,20180515,746.0,92459830,500,373000.0
2018-05-15 09:24:59.830,99838,65351,S,,20180515,746.0,92459830,100,74600.0
2018-05-15 09:24:59.830,90540,65351,S,,20180515,746.0,92459830,100,74600.0
2018-05-15 09:24:59.830,98048,65351,S,,20180515,746.0,92459830,100,74600.0
2018-05-15 09:24:59.830,100122,65351,S,,20180515,746.0,92459830,148,110408.0
2018-05-15 09:24:59.830,93025,65351,S,,20180515,746.0,92459830,100,74600.0
2018-05-15 09:24:59.830,1603,65351,B,,20180515,746.0,92459830,71,52966.0
2018-05-15 09:24:59.830,1603,77151,B,,20180515,746.0,92459830,29,21634.0
2018-05-15 09:24:59.830,88476,77151,S,,20180515,746.0,92459830,71,52966.0
2018-05-15 09:24:59.830,88476,77622,S,,20180515,746.0,92459830,29,21634.0
2018-05-15 09:24:59.830,97554,77622,S,,20180515,746.0,92459830,71,52966.0
2018-05-15 09:24:59.830,97554,90995,S,,20180515,746.0,92459830,129,96234.0
2018-05-15 09:24:59.830,98534,90995,S,,20180515,746.0,92459830,71,52966.0
2018-05-15 09:24:59.830,98534,96396,S,,20180515,746.0,92459830,100,74600.0
2018-05-15 09:24:59.830,98534,85795,S,,20180515,746.0,92459830,500,373000.0
2018-05-15 09:24:59.830,98534,97055,S,,20180515,746.0,92459830,100,74600.0
2018-05-15 09:24:59.830,98534,83078,S,,20180515,746.0,92459830,100,74600.0
2018-05-15 09:24:59.830,98534,92575,S,,20180515,746.0,92459830,100,74600.0
2018-05-15 09:24:59.830,98534,97493,S,,20180515,746.0,92459830,100,74600.0
2018-05-15 09:24:59.830,98534,94708,S,,20180515,746.0,92459830,5000,3730000.0
2018-05-15 09:24:59.830,98534,91928,S,,20180515,746.0,92459830,500,373000.0
2018-05-15 09:24:59.830,98534,93763,S,,20180515,746.0,92459830,500,373000.0
2018-05-15 09:24:59.830,98534,87838,S,,20180515,746.0,92459830,500,373000.0
2018-05-15 09:24:59.830,98534,85990,S,,20180515,746.0,92459830,829,618434.0
2018-05-15 09:24:59.830,97162,85990,S,,20180515,746.0,92459830,1171,873566.0
2018-05-15 09:24:59.830,97162,80657,S,,20180515,746.0,92459830,100,74600.0
2018-05-15 09:24:59.830,97162,86783,S,,20180515,746.0,92459830,100,74600.0
2018-05-15 09:24:59.830,97162,87121,S,,20180515,746.0,92459830,100,74600.0
2018-05-15 09:24:59.830,97162,87760,S,,20180515,746.0,92459830,200,149200.0
2018-05-15 09:24:59.830,97162,87864,S,,20180515,746.0,92459830,100,74600.0
2018-05-15 09:24:59.830,97162,88965,S,,20180515,746.0,92459830,100,74600.0
2018-05-15 09:24:59.830,97162,90476,S,,20180515,746.0,92459830,100,74600.0
2018-05-15 09:24:59.830,97162,90778,S,,20180515,746.0,92459830,100,74600.0
2018-05-15 09:24:59.830,97162,92351,S,,20180515,746.0,92459830,100,74600.0
2018-05-15 09:24:59.830,97162,92546,S,,20180515,746.0,92459830,100,74600.0
2018-05-15 09:24:59.830,97162,94850,S,,20180515,746.0,92459830,100,74600.0
2018-05-15 09:24:59.830,97162,97407,B,,20180515,746.0,92459830,200,149200.0
2018-05-15 09:24:59.830,97162,98122,B,,20180515,746.0,92459830,429,320034.0
2018-05-15 09:24:59.830,913,98122,B,,20180515,746.0,92459830,100,74600.0
2018-05-15 09:24:59.830,49586,98122,B,,20180515,746.0,92459830,100,74600.0
2018-05-15 09:24:59.830,73207,98122,B,,20180515,746.0,92459830,100,74600.0
2018-05-15 09:24:59.830,73701,98122,B,,20180515,746.0,92459830,100,74600.0
2018-05-15 09:24:59.830,76369,98122,B,,20180515,746.0,92459830,3700,2760200.0
2018-05-15 09:24:59.830,89706,98122,B,,20180515,746.0,92459830,100,74600.0
2018-05-15 09:24:59.830,91953,98122,B,,20180515,746.0,92459830,3400,2536400.0
2018-05-15 09:24:59.830,94773,98122,B,,20180515,746.0,92459830,100,74600.0
2018-05-15 09:24:59.830,95001,98122,B,,20180515,746.0,92459830,200,149200.0
2018-05-15 09:24:59.830,95049,98122,B,,20180515,746.0,92459830,100,74600.0
2018-05-15 09:24:59.830,95811,98122,B,,20180515,746.0,92459830,100,74600.0
2018-05-15 09:24:59.830,96854,98122,B,,20180515,746.0,92459830,300,223800.0
2018-05-15 09:24:59.830,97044,98122,B,,20180515,746.0,92459830,100,74600.0
2018-05-15 09:24:59.830,97632,98122,B,,20180515,746.0,92459830,200,149200.0
2018-05-15 09:24:59.830,97691,98122,B,,20180515,746.0,92459830,800,596800.0
2018-05-15 09:24:59.830,98324,98122,S,,20180515,746.0,92459830,71,52966.0
2018-05-15 09:24:59.830,98324,97317,S,,20180515,746.0,92459830,400,298400.0
2018-05-15 09:24:59.830,98324,98824,B,,20180515,746.0,92459830,100,74600.0
2018-05-15 09:24:59.830,98324,81025,S,,20180515,746.0,92459830,400,298400.0
2018-05-15 09:24:59.830,98324,99309,B,,20180515,746.0,92459830,300,223800.0
2018-05-15 09:29:59.180,100564,214,S,,20180515,745.1,92959180,500,372550.0
2018-05-15 09:29:59.180,100564,20645,S,,20180515,745.0,92959180,100,74500.0
2018-05-15 09:29:59.250,100564,100660,B,,20180515,745.0,92959250,100,74500.0
2018-05-15 09:29:59.250,100639,100660,B,,20180515,745.0,92959250,200,149000.0
2018-05-15 09:29:59.250,100580,100660,B,,20180515,745.1,92959250,600,447060.0
2018-05-15 09:29:59.250,100466,100660,B,,20180515,745.99,92959250,100,74599.0
2018-05-15 09:29:59.250,100468,100660,B,,20180515,745.99,92959250,500,372995.0
2018-05-15 09:29:59.250,100651,100660,B,,20180515,745.99,92959250,500,372995.0
2018-05-15 09:29:59.430,101584,101286,S,,20180515,745.1,92959430,100,74510.0
2018-05-15 09:29:59.500,102196,101286,S,,20180515,745.1,92959500,100,74510.0
2018-05-15 09:29:59.530,102196,102658,B,,20180515,745.0,92959530,200,149000.0
2018-05-15 09:29:59.570,103079,66412,S,,20180515,743.05,92959570,100,74305.0
2018-05-15 09:29:59.570,102804,103474,B,,20180515,744.0,92959570,100,74400.0
2018-05-15 09:29:59.570,103122,103474,B,,20180515,744.81,92959570,100,74481.0
2018-05-15 09:29:59.570,103361,103474,B,,20180515,744.91,92959570,100,74491.0
2018-05-15 09:29:59.700,103923,104919,B,,20180515,744.98,92959700,100,74498.0
2018-05-15 09:29:59.820,103923,106355,B,,20180515,744.98,92959820,100,74498.0
2018-05-15 09:29:59.820,102196,106355,B,,20180515,745.0,92959820,100,74500.0
2018-05-15 09:29:59.820,102196,106424,B,,20180515,745.0,92959820,100,74500.0
2018-05-15 09:29:59.860,102196,107210,B,,20180515,745.0,92959860,100,74500.0
2018-05-15 09:29:59.900,102196,107439,B,,20180515,745.0,92959900,500,372500.0
2018-05-15 09:29:59.900,102196,107524,B,,20180515,745.0,92959900,100,74500.0
2018-05-15 09:29:59.900,107605,106758,S,,20180515,744.3,92959900,100,74430.0
2018-05-15 09:29:59.900,102196,107776,B,,20180515,745.0,92959900,100,74500.0
2018-05-15 09:29:59.990,102196,108926,B,,20180515,745.0,92959990,100,74500.0
2018-05-15 09:30:00.100,102196,110335,B,,20180515,745.0,93000100,400,298000.0
2018-05-15 09:30:00.220,111270,106758,S,,20180515,744.3,93000220,100,74430.0
2018-05-15 09:30:00.220,102196,111692,B,,20180515,745.0,93000220,1600,1192000.0
2018-05-15 09:30:00.350,102196,113094,B,,20180515,745.0,93000350,100,74500.0
2018-05-15 09:30:00.350,102196,113244,B,,20180515,745.0,93000350,200,149000.0
2018-05-15 09:30:00.440,114384,66412,S,,20180515,743.05,93000440,100,74305.0
2018-05-15 09:30:00.470,102196,115101,B,,20180515,745.0,93000470,200,149000.0
2018-05-15 09:30:00.540,102196,115622,B,,20180515,745.0,93000540,100,74500.0
2018-05-15 09:30:00.570,115925,66412,S,,20180515,743.05,93000570,100,74305.0
2018-05-15 09:30:00.570,111646,115995,B,,20180515,745.0,93000570,100,74500.0
2018-05-15 09:30:00.620,111646,116254,B,,20180515,745.0,93000620,100,74500.0
2018-05-15 09:30:00.760,114088,117359,B,,20180515,745.0,93000760,100,74500.0
2018-05-15 09:30:00.820,114088,117910,B,,20180515,745.0,93000820,100,74500.0
2018-05-15 09:30:00.860,114088,117943,B,,20180515,745.0,93000860,100,74500.0
2018-05-15 09:30:00.890,114088,118291,B,,20180515,745.0,93000890,200,149000.0
2018-05-15 09:30:00.950,114088,118633,B,,20180515,745.0,93000950,100,74500.0
2018-05-15 09:30:00.950,114088,118801,B,,20180515,745.0,93000950,100,74500.0
2018-05-15 09:30:01.020,114088,119274,B,,20180515,745.0,93001020,300,223500.0
2018-05-15 09:30:01.090,114088,119947,B,,20180515,745.0,93001090,100,74500.0
2018-05-15 09:30:01.090,114115,119949,B,,20180515,745.0,93001090,100,74500.0
2018-05-15 09:30:01.090,116168,119954,B,,20180515,745.0,93001090,100,74500.0
2018-05-15 09:30:01.090,116204,119956,B,,20180515,745.0,93001090,100,74500.0
2018-05-15 09:30:01.090,116204,119957,B,,20180515,745.0,93001090,100,74500.0
2018-05-15 09:30:01.130,119613,120161,B,,20180515,745.0,93001130,100,74500.0
2018-05-15 09:30:01.260,119613,122223,B,,20180515,745.0,93001260,100,74500.0
2018-05-15 09:30:01.260,119613,122229,B,,20180515,745.0,93001260,100,74500.0
2018-05-15 09:30:01.260,122743,120091,S,,20180515,744.01,93001260,100,74401.0
2018-05-15 09:30:01.260,122743,117149,S,,20180515,743.11,93001260,200,148622.0
2018-05-15 09:30:01.260,122743,66412,S,,20180515,743.05,93001260,100,74305.0
2018-05-15 09:30:01.260,122743,111367,S,,20180515,743.05,93001260,100,74305.0
2018-05-15 09:30:01.260,119613,123340,B,,20180515,745.0,93001260,300,223500.0
2018-05-15 09:30:01.260,119613,123471,B,,20180515,745.0,93001260,100,74500.0
2018-05-15 09:30:01.380,124097,111367,S,,20180515,743.05,93001380,200,148610.0
2018-05-15 09:30:01.380,124026,125077,B,,20180515,744.95,93001380,100,74495.0
2018-05-15 09:30:01.380,119613,125077,B,,20180515,745.0,93001380,100,74500.0
2018-05-15 09:30:01.380,119613,125097,B,,20180515,745.0,93001380,100,74500.0
2018-05-15 09:30:01.380,119613,125231,B,,20180515,745.0,93001380,100,74500.0
2018-05-15 09:30:01.490,126441,111367,S,,20180515,743.05,93001490,200,148610.0
2018-05-15 09:30:01.490,126441,111136,S,,20180515,743.02,93001490,100,74302.0
2018-05-15 09:30:01.490,119613,126655,B,,20180515,745.0,93001490,100,74500.0
2018-05-15 09:30:01.490,119613,126867,B,,20180515,745.0,93001490,100,74500.0
2018-05-15 09:30:01.490,119613,126910,B,,20180515,745.0,93001490,300,223500.0
2018-05-15 09:30:01.490,124856,126910,B,,20180515,745.0,93001490,100,74500.0
2018-05-15 09:30:01.490,124856,127057,B,,20180515,745.0,93001490,100,74500.0
2018-05-15 09:30:01.490,124856,127065,B,,20180515,745.0,93001490,100,74500.0
2018-05-15 09:30:01.600,124856,127505,B,,20180515,745.0,93001600,100,74500.0
2018-05-15 09:30:01.600,126708,127505,B,,20180515,745.0,93001600,200,149000.0
2018-05-15 09:30:01.600,128124,127734,S,,20180515,745.0,93001600,100,74500.0
2018-05-15 09:30:01.680,108499,128706,B,,20180515,745.03,93001680,500,372515.0
2018-05-15 09:30:01.680,105161,128706,B,,20180515,745.1,93001680,600,447060.0
2018-05-15 09:30:01.680,105987,128706,B,,20180515,745.1,93001680,300,223530.0
2018-05-15 09:30:01.680,107020,128706,B,,20180515,745.1,93001680,100,74510.0
2018-05-15 09:30:01.680,107715,128706,B,,20180515,745.1,93001680,100,74510.0
2018-05-15 09:30:01.680,108702,128706,B,,20180515,745.1,93001680,500,372550.0
2018-05-15 09:30:01.680,111243,128706,B,,20180515,745.1,93001680,500,372550.0
2018-05-15 09:30:01.680,112496,128706,B,,20180515,745.1,93001680,100,74510.0
2018-05-15 09:30:01.680,112811,128706,B,,20180515,745.1,93001680,100,74510.0
2018-05-15 09:30:01.800,130285,130461,B,,20180515,744.65,93001800,300,223395.0
2018-05-15 09:30:01.900,130285,132010,B,,20180515,744.65,93001900,100,74465.0
2018-05-15 09:30:01.900,131374,132010,B,,20180515,744.65,93001900,300,223395.0
2018-05-15 09:30:01.900,129716,132010,B,,20180515,745.0,93001900,500,372500.0
2018-05-15 09:30:01.900,131375,132010,B,,20180515,745.0,93001900,100,74500.0
2018-05-15 09:30:01.900,131720,132010,B,,20180515,745.0,93001900,100,74500.0
2018-05-15 09:30:01.900,114070,132036,B,,20180515,745.1,93001900,100,74510.0
2018-05-15 09:30:01.900,115268,132036,B,,20180515,745.1,93001900,100,74510.0
2018-05-15 09:30:01.900,118509,132036,B,,20180515,745.1,93001900,100,74510.0
2018-05-15 09:30:01.900,118871,132036,B,,20180515,745.1,93001900,200,149020.0
2018-05-15 09:30:01.940,120008,132346,B,,20180515,745.1,93001940,100,74510.0
2018-05-15 09:30:02.020,120008,133273,B,,20180515,745.1,93002020,100,74510.0
2018-05-15 09:30:02.050,123021,133487,B,,20180515,745.1,93002050,100,74510.0
2018-05-15 09:30:02.050,133501,132010,S,,20180515,745.0,93002050,300,223500.0
2018-05-15 09:30:02.050,123021,133670,B,,20180515,745.1,93002050,100,74510.0
2018-05-15 09:30:02.270,134974,135224,B,,20180515,744.98,93002270,100,74498.0
2018-05-15 09:30:02.440,134036,136438,B,,20180515,745.0,93002440,100,74500.0
2018-05-15 09:30:02.440,126354,136518,B,,20180515,745.1,93002440,100,74510.0
2018-05-15 09:30:02.690,136747,137676,B,,20180515,745.0,93002690,100,74500.0
2018-05-15 09:30:02.790,136747,137969,B,,20180515,745.0,93002790,100,74500.0
2018-05-15 09:30:02.940,138487,137969,S,,20180515,745.0,93002940,200,149000.0
2018-05-15 09:30:03.000,138809,137969,S,,20180515,745.0,93003000,200,149000.0
2018-05-15 09:30:03.230,138809,139526,B,,20180515,745.0,93003230,100,74500.0
2018-05-15 09:30:03.320,138809,139784,B,,20180515,745.0,93003320,100,74500.0
2018-05-15 09:30:04.020,138809,141336,B,,20180515,745.0,93004020,500,372500.0
2018-05-15 09:30:04.050,138809,141513,B,,20180515,745.0,93004050,200,149000.0
2018-05-15 09:30:04.210,138809,142675,B,,20180515,745.0,93004210,600,447000.0
2018-05-15 09:30:04.210,141047,142675,B,,20180515,745.0,93004210,100,74500.0
2018-05-15 09:30:04.240,131064,142750,B,,20180515,745.1,93004240,100,74510.0
2018-05-15 09:30:04.270,142838,142676,S,,20180515,745.0,93004270,100,74500.0
2018-05-15 09:30:04.270,142852,142676,S,,20180515,745.0,93004270,100,74500.0
2018-05-15 09:30:04.330,132439,143142,B,,20180515,745.1,93004330,100,74510.0
2018-05-15 09:30:04.330,133898,143142,B,,20180515,745.1,93004330,200,149020.0
2018-05-15 09:30:04.330,138212,143142,B,,20180515,745.1,93004330,200,149020.0
2018-05-15 09:30:04.530,138314,144103,B,,20180515,745.1,93004530,100,74510.0
2018-05-15 09:30:04.590,141716,144350,B,,20180515,745.1,93004590,100,74510.0
2018-05-15 09:30:04.590,141716,144351,B,,20180515,745.1,93004590,100,74510.0
2018-05-15 09:30:04.650,142677,144705,B,,20180515,745.1,93004650,100,74510.0
2018-05-15 09:30:04.740,143441,145143,B,,20180515,745.1,93004740,100,74510.0
2018-05-15 09:30:04.770,143442,145194,B,,20180515,745.1,93004770,100,74510.0
2018-05-15 09:30:04.770,143443,145194,B,,20180515,745.1,93004770,100,74510.0
2018-05-15 09:30:04.770,144135,145194,B,,20180515,745.1,93004770,200,149020.0
2018-05-15 09:30:04.770,144136,145194,B,,20180515,745.1,93004770,100,74510.0
2018-05-15 09:30:05.020,144137,145978,B,,20180515,745.1,93005020,100,74510.0
2018-05-15 09:30:05.070,146152,146151,S,,20180515,745.01,93005070,100,74501.0
2018-05-15 09:30:05.070,146152,142678,S,,20180515,745.0,93005070,100,74500.0
2018-05-15 09:30:05.170,146041,146358,B,,20180515,745.1,93005170,100,74510.0
2018-05-15 09:30:05.170,114523,146358,B,,20180515,745.41,93005170,100,74541.0
2018-05-15 09:30:05.170,114077,146358,B,,20180515,745.5,93005170,100,74550.0
2018-05-15 09:30:05.200,146414,142678,S,,20180515,745.0,93005200,100,74500.0
2018-05-15 09:30:05.200,146414,130286,S,,20180515,744.3,93005200,100,74430.0
2018-05-15 09:30:05.200,146414,138307,S,,20180515,744.3,93005200,100,74430.0
2018-05-15 09:30:05.200,146414,138983,S,,20180515,744.3,93005200,100,74430.0
2018-05-15 09:30:05.200,146414,146401,S,,20180515,744.3,93005200,100,74430.0
2018-05-15 09:30:05.470,146414,146836,B,,20180515,744.0,93005470,200,148800.0
2018-05-15 09:30:05.580,146414,146971,B,,20180515,744.0,93005580,100,74400.0
2018-05-15 09:30:06.230,146414,147559,B,,20180515,744.0,93006230,100,74400.0
2018-05-15 09:30:06.230,146414,147560,B,,20180515,744.0,93006230,500,372000.0
2018-05-15 09:30:06.900,146414,147868,B,,20180515,744.0,93006900,100,74400.0
2018-05-15 09:30:06.930,146414,147893,B,,20180515,744.0,93006930,700,520800.0
2018-05-15 09:30:06.980,147902,143240,S,,20180515,743.09,93006980,100,74309.0
2018-05-15 09:30:07.420,146414,148063,B,,20180515,744.0,93007420,600,446400.0
2018-05-15 09:30:07.420,146414,148064,B,,20180515,744.0,93007420,300,223200.0
2018-05-15 09:30:07.880,146414,148208,B,,20180515,744.0,93007880,400,297600.0
2018-05-15 09:30:11.570,148696,149264,B,,20180515,744.99,93011570,100,74499.0
2018-05-15 09:30:12.160,148696,149424,B,,20180515,744.99,93012160,200,148998.0
2018-05-15 09:30:12.450,149495,148208,S,,20180515,744.0,93012450,19,14136.0
2018-05-15 09:30:13.790,149886,148976,S,,20180515,744.0,93013790,500,372000.0
2018-05-15 09:30:13.790,149886,148977,S,,20180515,743.99,93013790,300,223197.0
2018-05-15 09:30:13.790,149886,149531,S,,20180515,743.19,93013790,100,74319.0
2018-05-15 09:30:13.790,149886,143240,S,,20180515,743.09,93013790,100,74309.0
2018-05-15 09:30:13.900,149935,149889,S,,20180515,744.49,93013900,100,74449.0
2018-05-15 09:30:14.330,148696,150090,B,,20180515,744.99,93014330,100,74499.0
2018-05-15 09:30:14.540,148696,150134,B,,20180515,744.99,93014540,200,148998.0
2018-05-15 09:30:14.540,150051,150134,B,,20180515,744.99,93014540,100,74499.0
2018-05-15 09:30:14.890,150051,150263,B,,20180515,744.99,93014890,100,74499.0
2018-05-15 09:30:15.830,150536,150069,S,,20180515,744.0,93015830,100,74400.0
2018-05-15 09:30:16.330,150051,150708,B,,20180515,744.99,93016330,1100,819489.0
2018-05-15 09:30:16.330,150710,150069,S,,20180515,744.0,93016330,100,74400.0
2018-05-15 09:30:16.330,150710,150277,S,,20180515,744.0,93016330,200,148800.0
2018-05-15 09:30:16.330,150710,150450,S,,20180515,744.0,93016330,100,74400.0
2018-05-15 09:30:16.630,150051,150799,B,,20180515,744.99,93016630,500,372495.0
2018-05-15 09:30:16.630,148185,150799,B,,20180515,745.0,93016630,300,223500.0
2018-05-15 09:30:16.630,148501,150799,B,,20180515,745.0,93016630,100,74500.0
2018-05-15 09:30:16.630,150703,150799,B,,20180515,745.0,93016630,100,74500.0
2018-05-15 09:30:16.630,149391,150799,B,,20180515,745.05,93016630,100,74505.0
2018-05-15 09:30:16.630,147283,150799,B,,20180515,745.1,93016630,300,223530.0
2018-05-15 09:30:16.630,150148,150799,B,,20180515,745.1,93016630,100,74510.0
2018-05-15 09:30:16.630,114077,150799,B,,20180515,745.5,93016630,900,670950.0
2018-05-15 09:30:16.630,116230,150799,B,,20180515,745.5,93016630,1700,1267350.0
2018-05-15 09:30:16.630,117318,150799,B,,20180515,745.5,93016630,200,149100.0
2018-05-15 09:30:16.630,119626,150799,B,,20180515,745.5,93016630,400,298200.0
2018-05-15 09:30:16.630,129511,150799,B,,20180515,745.5,93016630,500,372750.0
2018-05-15 09:30:16.630,131459,150799,B,,20180515,745.5,93016630,500,372750.0
2018-05-15 09:30:16.630,131617,150799,B,,20180515,745.5,93016630,1200,894600.0
2018-05-15 09:30:16.630,132147,150799,B,,20180515,745.5,93016630,400,298200.0
2018-05-15 09:30:16.630,101209,150799,B,,20180515,745.88,93016630,200,149176.0
2018-05-15 09:30:16.630,105630,150799,B,,20180515,745.88,93016630,200,149176.0
2018-05-15 09:30:16.630,114023,150799,B,,20180515,745.88,93016630,100,74588.0
2018-05-15 09:30:16.630,137510,150799,B,,20180515,745.88,93016630,100,74588.0
2018-05-15 09:30:16.630,146365,150799,B,,20180515,745.88,93016630,100,74588.0
2018-05-15 09:30:16.630,108732,150799,B,,20180515,745.9,93016630,100,74590.0
2018-05-15 09:30:17.700,151157,151069,S,,20180515,745.0,93017700,100,74500.0
2018-05-15 09:30:17.700,151157,150450,S,,20180515,744.0,93017700,400,297600.0
2018-05-15 09:30:19.080,151311,151622,B,,20180515,744.9,93019080,100,74490.0
2018-05-15 09:30:19.340,151695,150450,S,,20180515,744.0,93019340,100,74400.0
2018-05-15 09:30:19.380,151716,150450,S,,20180515,744.0,93019380,100,74400.0
2018-05-15 09:30:20.200,151311,151976,B,,20180515,744.9,93020200,100,74490.0
2018-05-15 09:30:20.510,152059,150450,S,,20180515,744.0,93020510,100,74400.0
2018-05-15 09:30:21.560,151311,152425,B,,20180515,744.9,93021560,100,74490.0
2018-05-15 09:30:21.660,152464,150456,S,,20180515,744.0,93021660,100,74400.0
2018-05-15 09:30:22.030,151311,152636,B,,20180515,744.9,93022030,700,521430.0
2018-05-15 09:30:22.960,151670,152942,B,,20180515,744.99,93022960,200,148998.0
2018-05-15 09:30:23.090,152996,152942,S,,20180515,745.0,93023090,100,74500.0
2018-05-15 09:30:23.170,153018,152942,S,,20180515,745.0,93023170,100,74500.0
2018-05-15 09:30:23.270,153057,152942,S,,20180515,745.0,93023270,100,74500.0
2018-05-15 09:30:24.240,153378,152942,S,,20180515,745.0,93024240,200,149000.0
2018-05-15 09:30:24.240,153378,152636,S,,20180515,744.9,93024240,600,446940.0
2018-05-15 09:30:24.240,153388,152636,S,,20180515,744.9,93024240,100,74490.0
2018-05-15 09:30:24.760,153553,152636,S,,20180515,744.9,93024760,100,74490.0
2018-05-15 09:30:25.030,153667,152636,S,,20180515,744.9,93025030,100,74490.0
2018-05-15 09:30:25.030,153667,152997,S,,20180515,744.9,93025030,100,74490.0
2018-05-15 09:30:25.750,153920,152591,S,,20180515,744.45,93025750,100,74445.0
2018-05-15 09:30:25.840,153667,153949,B,,20180515,744.9,93025840,100,74490.0
2018-05-15 09:30:25.840,153791,153949,B,,20180515,744.9,93025840,300,223470.0
2018-05-15 09:30:25.910,153974,153949,S,,20180515,744.9,93025910,100,74490.0
2018-05-15 09:30:26.140,154061,153949,S,,20180515,744.9,93026140,100,74490.0
2018-05-15 09:30:26.440,154187,152591,S,,20180515,744.45,93026440,100,74445.0
2018-05-15 09:30:26.640,154243,154209,S,,20180515,744.9,93026640,100,74490.0
2018-05-15 09:30:26.640,154243,152591,S,,20180515,744.45,93026640,200,148890.0
2018-05-15 09:30:26.840,154315,154252,S,,20180515,744.99,93026840,100,74499.0
2018-05-15 09:30:27.120,154435,154425,S,,20180515,745.0,93027120,100,74500.0
2018-05-15 09:30:27.960,151722,154759,B,,20180515,745.1,93027960,400,298040.0
2018-05-15 09:30:28.200,154864,154760,S,,20180515,745.1,93028200,100,74510.0
2018-05-15 09:30:28.250,154885,154760,S,,20180515,745.1,93028250,200,149020.0
2018-05-15 09:30:28.850,155105,154760,S,,20180515,745.1,93028850,100,74510.0
2018-05-15 09:30:28.850,155105,154425,S,,20180515,745.0,93028850,100,74500.0
2018-05-15 09:30:28.850,155105,154252,S,,20180515,744.99,93028850,900,670491.0
2018-05-15 09:30:29.340,155299,155154,S,,20180515,745.0,93029340,200,149000.0
2018-05-15 09:30:29.470,155347,155215,S,,20180515,745.0,93029470,100,74500.0
2018-05-15 09:30:29.880,155511,154252,S,,20180515,744.99,93029880,500,372495.0
2018-05-15 09:30:29.880,155511,155131,S,,20180515,744.99,93029880,200,148998.0
2018-05-15 09:30:30.030,155570,155532,S,,20180515,744.99,93030030,400,297996.0
2018-05-15 09:30:30.030,155570,154877,S,,20180515,744.9,93030030,100,74490.0
2018-05-15 09:30:30.030,155570,155101,S,,20180515,744.9,93030030,100,74490.0
2018-05-15 09:30:30.990,155973,150456,S,,20180515,744.0,93030990,100,74400.0
2018-05-15 09:30:31.580,155570,156219,B,,20180515,744.45,93031580,300,223335.0
2018-05-15 09:30:31.750,155643,156307,B,,20180515,744.9,93031750,100,74490.0
2018-05-15 09:30:31.750,155780,156307,B,,20180515,744.9,93031750,100,74490.0
2018-05-15 09:30:31.750,155155,156307,B,,20180515,745.1,93031750,100,74510.0
2018-05-15 09:30:31.750,155276,156307,B,,20180515,745.1,93031750,200,149020.0
2018-05-15 09:30:31.980,156398,156219,S,,20180515,744.45,93031980,100,74445.0
2018-05-15 09:30:32.730,156703,156219,S,,20180515,744.45,93032730,100,74445.0
2018-05-15 09:30:33.450,156998,156997,S,,20180515,745.1,93033450,300,223530.0
2018-05-15 09:30:33.450,156998,156719,S,,20180515,744.9,93033450,500,372450.0
2018-05-15 09:30:33.450,156998,156219,S,,20180515,744.45,93033450,500,372225.0
2018-05-15 09:30:33.450,156998,156489,S,,20180515,744.45,93033450,300,223335.0
2018-05-15 09:30:33.450,156998,156666,S,,20180515,744.45,93033450,100,74445.0
2018-05-15 09:30:34.470,157349,157408,B,,20180515,744.9,93034470,200,148980.0
2018-05-15 09:30:34.630,157349,157469,B,,20180515,744.9,93034630,300,223470.0
2018-05-15 09:30:34.870,157349,157557,B,,20180515,744.9,93034870,700,521430.0
2018-05-15 09:30:34.870,157325,157557,B,,20180515,745.0,93034870,100,74500.0
2018-05-15 09:30:35.120,157657,157589,S,,20180515,744.9,93035120,100,74490.0
2018-05-15 09:30:35.140,153345,157671,B,,20180515,745.4,93035140,300,223620.0
2018-05-15 09:30:35.140,157330,157671,B,,20180515,745.4,93035140,100,74540.0
2018-05-15 09:30:35.830,157976,157671,S,,20180515,745.43,93035830,100,74543.0
2018-05-15 09:30:37.250,155580,158546,B,,20180515,745.8,93037250,200,149160.0
2018-05-15 09:30:37.250,158375,158546,B,,20180515,745.8,93037250,100,74580.0
2018-05-15 09:30:37.410,158613,157671,S,,20180515,745.43,93037410,200,149086.0
2018-05-15 09:30:37.470,158375,158629,B,,20180515,745.8,93037470,100,74580.0
2018-05-15 09:30:37.940,158813,157671,S,,20180515,745.43,93037940,200,149086.0
2018-05-15 09:30:38.210,158375,158923,B,,20180515,745.8,93038210,100,74580.0
2018-05-15 09:30:39.620,159538,157671,S,,20180515,745.43,93039620,100,74543.0
2018-05-15 09:30:39.650,159550,157671,S,,20180515,745.43,93039650,100,74543.0
2018-05-15 09:30:39.680,159558,157671,S,,20180515,745.43,93039680,100,74543.0
2018-05-15 09:30:40.070,158375,159740,B,,20180515,745.8,93040070,100,74580.0
2018-05-15 09:30:40.070,159739,159740,B,,20180515,745.8,93040070,100,74580.0
2018-05-15 09:30:40.210,159788,158651,S,,20180515,745.43,93040210,100,74543.0
2018-05-15 09:30:40.230,159806,158651,S,,20180515,745.43,93040230,100,74543.0
2018-05-15 09:30:40.840,133713,160075,B,,20180515,745.9,93040840,100,74590.0
2018-05-15 09:30:42.240,160693,160238,S,,20180515,745.43,93042240,100,74543.0
2018-05-15 09:30:42.910,160951,160696,S,,20180515,745.61,93042910,200,149122.0
2018-05-15 09:30:43.070,160627,161012,B,,20180515,745.79,93043070,100,74579.0
2018-05-15 09:30:43.840,161350,161012,S,,20180515,745.79,93043840,100,74579.0
2018-05-15 09:30:44.080,161444,161012,S,,20180515,745.79,93044080,100,74579.0
2018-05-15 09:30:44.180,161485,161012,S,,20180515,745.79,93044180,100,74579.0
2018-05-15 09:30:44.180,161488,160696,S,,20180515,745.61,93044180,100,74561.0
2018-05-15 09:30:44.350,161559,160696,S,,20180515,745.61,93044350,100,74561.0
2018-05-15 09:30:44.710,161736,160696,S,,20180515,745.61,93044710,100,74561.0
2018-05-15 09:30:44.840,161786,160696,S,,20180515,745.61,93044840,100,74561.0
2018-05-15 09:30:45.830,161485,162167,B,,20180515,745.79,93045830,1600,1193264.0
2018-05-15 09:30:46.010,162264,162168,S,,20180515,745.79,93046010,700,522053.0
2018-05-15 09:30:46.010,162264,160696,S,,20180515,745.61,93046010,400,298244.0
2018-05-15 09:30:46.060,162290,161723,S,,20180515,745.61,93046060,100,74561.0
2018-05-15 09:30:46.140,162335,161723,S,,20180515,745.61,93046140,300,223683.0
2018-05-15 09:30:47.050,162699,161818,S,,20180515,745.61,93047050,100,74561.0
2018-05-15 09:30:47.050,162699,162318,S,,20180515,745.61,93047050,100,74561.0
2018-05-15 09:30:47.050,162699,162694,S,,20180515,745.6,93047050,100,74560.0
2018-05-15 09:30:47.670,162960,162694,S,,20180515,745.6,93047670,100,74560.0
2018-05-15 09:30:48.590,102526,163349,B,,20180515,745.95,93048590,200,149190.0
2018-05-15 09:30:48.590,116801,163349,B,,20180515,745.95,93048590,100,74595.0
2018-05-15 09:30:48.590,126464,163349,B,,20180515,745.96,93048590,100,74596.0
2018-05-15 09:30:48.590,140330,163349,B,,20180515,745.97,93048590,200,149194.0
2018-05-15 09:30:48.590,111711,163349,B,,20180515,745.98,93048590,100,74598.0
2018-05-15 09:30:48.590,112129,163349,B,,20180515,745.98,93048590,100,74598.0
2018-05-15 09:30:48.590,129736,163349,B,,20180515,745.98,93048590,100,74598.0
2018-05-15 09:30:48.590,130282,163349,B,,20180515,745.98,93048590,100,74598.0
2018-05-15 09:30:48.590,140719,163349,B,,20180515,745.98,93048590,100,74598.0
2018-05-15 09:30:48.590,100651,163349,B,,20180515,745.99,93048590,300,223797.0
2018-05-15 09:30:48.610,163360,163247,S,,20180515,745.8,93048610,100,74580.0
2018-05-15 09:30:49.150,163599,163367,S,,20180515,745.9,93049150,200,149180.0
2018-05-15 09:30:49.800,100651,163866,B,,20180515,745.99,93049800,300,223797.0
2018-05-15 09:30:49.850,100651,163891,B,,20180515,745.99,93049850,200,149198.0
2018-05-15 09:30:49.850,100651,163892,B,,20180515,745.99,93049850,500,372995.0
2018-05-15 09:30:49.920,163925,163908,S,,20180515,745.95,93049920,100,74595.0
2018-05-15 09:30:50.080,164006,163908,S,,20180515,745.95,93050080,100,74595.0
2018-05-15 09:30:50.640,164208,163908,S,,20180515,745.95,93050640,100,74595.0
2018-05-15 09:30:50.640,100651,164211,B,,20180515,745.99,93050640,100,74599.0
2018-05-15 09:30:50.720,164239,163908,S,,20180515,745.95,93050720,100,74595.0
2018-05-15 09:30:50.720,164239,164089,S,,20180515,745.86,93050720,200,149172.0
2018-05-15 09:30:50.860,100651,164300,B,,20180515,745.99,93050860,2000,1491980.0
2018-05-15 09:30:51.650,100651,164615,B,,20180515,745.99,93051650,200,149198.0
2018-05-15 09:30:52.360,164920,164547,S,,20180515,745.95,93052360,300,223785.0
2018-05-15 09:30:52.360,164920,164664,S,,20180515,745.95,93052360,300,223785.0
2018-05-15 09:30:52.360,164920,164724,S,,20180515,745.95,93052360,200,149190.0
2018-05-15 09:30:52.360,164920,164701,S,,20180515,745.93,93052360,200,149186.0
2018-05-15 09:30:52.360,164920,164339,S,,20180515,745.9,93052360,100,74590.0
2018-05-15 09:30:52.360,164920,164847,S,,20180515,745.9,93052360,200,149180.0
2018-05-15 09:30:52.380,100651,164928,B,,20180515,745.99,93052380,200,149198.0
2018-05-15 09:30:52.490,100651,164967,B,,20180515,745.99,93052490,300,223797.0
2018-05-15 09:30:52.870,100651,165128,B,,20180515,745.99,93052870,1800,1342782.0
2018-05-15 09:30:52.870,109067,165128,B,,20180515,745.99,93052870,200,149198.0
2018-05-15 09:30:53.180,165240,164871,S,,20180515,745.9,93053180,100,74590.0
2018-05-15 09:30:53.550,165380,164871,S,,20180515,745.9,93053550,100,74590.0
2018-05-15 09:30:53.550,165380,165241,S,,20180515,745.9,93053550,100,74590.0
2018-05-15 09:30:53.550,165380,164089,S,,20180515,745.86,93053550,200,149172.0
2018-05-15 09:30:53.670,109067,165425,B,,20180515,745.99,93053670,300,223797.0
2018-05-15 09:30:53.670,112043,165425,B,,20180515,745.99,93053670,100,74599.0
2018-05-15 09:30:53.670,112076,165425,B,,20180515,745.99,93053670,200,149198.0
2018-05-15 09:30:53.900,112076,165527,B,,20180515,745.99,93053900,100,74599.0
2018-05-15 09:30:53.900,113763,165527,B,,20180515,745.99,93053900,100,74599.0
2018-05-15 09:30:53.900,117938,165527,B,,20180515,745.99,93053900,100,74599.0
2018-05-15 09:30:53.900,131379,165527,B,,20180515,745.99,93053900,900,671391.0
2018-05-15 09:30:54.080,165594,165533,S,,20180515,745.89,93054080,100,74589.0
2018-05-15 09:30:54.180,131379,165646,B,,20180515,745.99,93054180,1100,820589.0
2018-05-15 09:30:54.180,133899,165646,B,,20180515,745.99,93054180,100,74599.0
2018-05-15 09:30:54.180,136033,165646,B,,20180515,745.99,93054180,800,596792.0
2018-05-15 09:30:54.480,165675,165778,B,,20180515,745.9,93054480,500,372950.0
2018-05-15 09:30:54.480,136033,165778,B,,20180515,745.99,93054480,500,372995.0
2018-05-15 09:30:54.720,136033,165887,B,,20180515,745.99,93054720,100,74599.0
2018-05-15 09:30:54.720,139149,165887,B,,20180515,745.99,93054720,300,223797.0
2018-05-15 09:30:55.770,139728,166369,B,,20180515,745.99,93055770,200,149198.0
2018-05-15 09:30:55.770,147249,166369,B,,20180515,745.99,93055770,200,149198.0
2018-05-15 09:30:55.770,166037,166369,B,,20180515,745.99,93055770,100,74599.0
2018-05-15 09:30:55.850,166417,166241,S,,20180515,745.94,93055850,400,298376.0
2018-05-15 09:30:55.850,166417,165955,S,,20180515,745.9,93055850,100,74590.0
2018-05-15 09:30:56.230,166566,166101,S,,20180515,745.9,93056230,100,74590.0
2018-05-15 09:30:56.610,166037,166708,B,,20180515,745.99,93056610,100,74599.0
2018-05-15 09:30:56.770,166758,166101,S,,20180515,745.9,93056770,100,74590.0
2018-05-15 09:30:56.800,166777,166102,S,,20180515,745.9,93056800,100,74590.0
2018-05-15 09:30:56.930,166833,166102,S,,20180515,745.9,93056930,100,74590.0
2018-05-15 09:30:57.400,166768,167030,B,,20180515,745.95,93057400,100,74595.0
2018-05-15 09:30:57.610,167119,166102,S,,20180515,745.9,93057610,300,223770.0
2018-05-15 09:30:57.610,167119,166103,S,,20180515,745.89,93057610,100,74589.0
2018-05-15 09:30:57.610,167119,166635,S,,20180515,745.89,93057610,400,298356.0
2018-05-15 09:30:57.610,167119,166636,S,,20180515,745.88,93057610,100,74588.0
2018-05-15 09:30:57.610,167119,164089,S,,20180515,745.86,93057610,100,74586.0
2018-05-15 09:30:57.610,166768,167121,B,,20180515,745.95,93057610,100,74595.0
2018-05-15 09:30:57.610,166945,167121,B,,20180515,745.95,93057610,100,74595.0
2018-05-15 09:30:57.610,166037,167121,B,,20180515,745.99,93057610,200,149198.0
2018-05-15 09:30:57.610,98324,167121,B,,20180515,746.0,93057610,100,74600.0
2018-05-15 09:30:57.960,167211,167277,B,,20180515,745.95,93057960,100,74595.0
2018-05-15 09:30:58.230,167321,167386,B,,20180515,745.9,93058230,100,74590.0
2018-05-15 09:30:58.380,167446,167386,S,,20180515,745.99,93058380,300,223797.0
2018-05-15 09:30:58.690,167565,167386,S,,20180515,745.99,93058690,100,74599.0
2018-05-15 09:30:59.550,167947,167386,S,,20180515,745.99,93059550,500,372995.0
2018-05-15 09:30:59.550,167947,167466,S,,20180515,745.95,93059550,200,149190.0
2018-05-15 09:30:59.640,167947,167991,B,,20180515,745.95,93059640,100,74595.0
2018-05-15 09:30:59.830,168074,167465,S,,20180515,745.9,93059830,400,298360.0
2018-05-15 09:30:59.830,168074,167974,S,,20180515,745.9,93059830,100,74590.0
2018-05-15 09:30:59.830,168074,167903,S,,20180515,745.89,93059830,300,223767.0
2018-05-15 09:30:59.830,168075,167903,S,,20180515,745.89,93059830,900,671301.0
2018-05-15 09:30:59.930,167947,168126,B,,20180515,745.95,93059930,100,74595.0
2018-05-15 09:31:00.780,168085,168491,B,,20180515,745.97,93100780,100,74597.0
2018-05-15 09:31:01.470,168811,167903,S,,20180515,745.89,93101470,100,74589.0
2018-05-15 09:31:01.530,168613,168836,B,,20180515,745.9,93101530,400,298360.0
2018-05-15 09:31:01.690,168623,168906,B,,20180515,745.9,93101690,300,223770.0
2018-05-15 09:31:01.970,168623,169059,B,,20180515,745.9,93101970,100,74590.0
2018-05-15 09:31:01.970,168624,169059,B,,20180515,745.9,93101970,200,149180.0
2018-05-15 09:31:02.510,98324,169340,B,,20180515,746.0,93102510,129,96234.0
2018-05-15 09:31:02.510,98747,169340,B,,20180515,746.0,93102510,100,74600.0
2018-05-15 09:31:02.510,99928,169340,B,,20180515,746.0,93102510,400,298400.0
2018-05-15 09:31:02.510,100539,169340,B,,20180515,746.0,93102510,200,149200.0
2018-05-15 09:31:02.510,100768,169340,B,,20180515,746.0,93102510,171,127566.0
2018-05-15 09:31:03.050,169598,169059,S,,20180515,745.99,93103050,100,74599.0
2018-05-15 09:31:03.550,169821,169059,S,,20180515,745.99,93103550,100,74599.0
2018-05-15 09:31:03.550,169821,169254,S,,20180515,745.99,93103550,100,74599.0
2018-05-15 09:31:03.550,169821,169303,S,,20180515,745.99,93103550,300,223797.0
2018-05-15 09:31:03.600,169858,169303,S,,20180515,745.99,93103600,100,74599.0
2018-05-15 09:31:03.910,100768,169998,B,,20180515,746.0,93103910,229,170834.0
2018-05-15 09:31:03.910,101517,169998,B,,20180515,746.0,93103910,100,74600.0
2018-05-15 09:31:03.910,107880,169998,B,,20180515,746.0,93103910,100,74600.0
2018-05-15 09:31:03.910,116891,169998,B,,20180515,746.0,93103910,71,52966.0
2018-05-15 09:31:03.960,116891,170025,B,,20180515,746.0,93103960,100,74600.0
2018-05-15 09:31:03.980,116891,170047,B,,20180515,746.0,93103980,100,74600.0
2018-05-15 09:31:04.120,170120,169303,S,,20180515,745.99,93104120,100,74599.0
2018-05-15 09:31:04.140,170126,169373,S,,20180515,745.99,93104140,100,74599.0
2018-05-15 09:31:04.720,116891,170368,B,,20180515,746.0,93104720,100,74600.0
2018-05-15 09:31:04.810,170412,170352,S,,20180515,745.99,93104810,100,74599.0
2018-05-15 09:31:04.810,170412,170377,S,,20180515,745.99,93104810,400,298396.0
2018-05-15 09:31:04.810,170412,170378,S,,20180515,745.98,93104810,100,74598.0
2018-05-15 09:31:04.810,170412,169101,S,,20180515,745.97,93104810,100,74597.0
2018-05-15 09:31:04.810,170412,167904,S,,20180515,745.88,93104810,1200,895056.0
2018-05-15 09:31:05.060,116891,170528,B,,20180515,746.0,93105060,300,223800.0
2018-05-15 09:31:05.410,116891,170674,B,,20180515,746.0,93105410,100,74600.0
2018-05-15 09:31:05.460,116891,170688,B,,20180515,746.0,93105460,100,74600.0
2018-05-15 09:31:07.030,116891,171398,B,,20180515,746.0,93107030,129,96234.0
2018-05-15 09:31:07.030,118082,171398,B,,20180515,746.0,93107030,100,74600.0
2018-05-15 09:31:07.030,123965,171398,B,,20180515,746.0,93107030,171,127566.0
2018-05-15 09:31:07.030,171401,171064,S,,20180515,745.99,93107030,100,74599.0
2018-05-15 09:31:07.060,123965,171415,B,,20180515,746.0,93107060,100,74600.0
2018-05-15 09:31:07.580,123965,171650,B,,20180515,746.0,93107580,100,74600.0
2018-05-15 09:31:07.820,123965,171740,B,,20180515,746.0,93107820,629,469234.0
2018-05-15 09:31:07.820,126253,171740,B,,20180515,746.0,93107820,200,149200.0
2018-05-15 09:31:07.820,128348,171740,B,,20180515,746.0,93107820,100,74600.0
2018-05-15 09:31:07.820,129122,171740,B,,20180515,746.0,93107820,171,127566.0
2018-05-15 09:31:07.900,171774,171400,S,,20180515,745.99,93107900,100,74599.0
2018-05-15 09:31:08.210,171892,171400,S,,20180515,745.99,93108210,100,74599.0
2018-05-15 09:31:08.640,129122,172074,B,,20180515,746.0,93108640,329,245434.0
2018-05-15 09:31:08.640,129292,172074,B,,20180515,746.0,93108640,100,74600.0
2018-05-15 09:31:08.640,132462,172074,B,,20180515,746.0,93108640,100,74600.0
2018-05-15 09:31:08.640,147002,172074,B,,20180515,746.0,93108640,100,74600.0
2018-05-15 09:31:08.640,149996,172074,B,,20180515,746.0,93108640,100,74600.0
2018-05-15 09:31:08.640,163351,172074,B,,20180515,746.0,93108640,71,52966.0
2018-05-15 09:31:09.250,163351,172347,B,,20180515,746.0,93109250,29,21634.0
2018-05-15 09:31:09.250,168322,172347,B,,20180515,746.0,93109250,71,52966.0
2018-05-15 09:31:09.250,172348,171539,S,,20180515,745.99,93109250,100,74599.0
2018-05-15 09:31:09.270,168322,172363,B,,20180515,746.0,93109270,29,21634.0
2018-05-15 09:31:09.270,168568,172363,B,,20180515,746.0,93109270,100,74600.0
2018-05-15 09:31:09.270,171190,172363,B,,20180515,746.0,93109270,100,74600.0
2018-05-15 09:31:09.270,172101,172363,B,,20180515,746.0,93109270,100,74600.0
2018-05-15 09:31:09.270,172239,172363,B,,20180515,746.0,93109270,71,52966.0
2018-05-15 09:31:09.610,172239,172519,B,,20180515,746.0,93109610,100,74600.0
2018-05-15 09:31:09.660,172239,172542,B,,20180515,746.0,93109660,129,96234.0
2018-05-15 09:31:10.150,172755,172542,S,,20180515,746.1,93110150,100,74610.0
2018-05-15 09:31:10.330,172846,172542,S,,20180515,746.1,93110330,771,575243.1
2018-05-15 09:31:10.330,172846,172559,S,,20180515,746.0,93110330,1000,746000.0
2018-05-15 09:31:10.330,172846,171644,S,,20180515,745.99,93110330,100,74599.0
2018-05-15 09:31:10.330,172846,172723,S,,20180515,745.99,93110330,100,74599.0
2018-05-15 09:31:10.330,172846,170775,S,,20180515,745.97,93110330,29,21633.13
2018-05-15 09:31:10.750,166638,173003,B,,20180515,746.2,93110750,100,74620.0
2018-05-15 09:31:11.260,173224,173014,S,,20180515,746.0,93111260,100,74600.0
2018-05-15 09:31:11.260,173224,173047,S,,20180515,746.0,93111260,900,671400.0
2018-05-15 09:31:11.400,166638,173288,B,,20180515,746.2,93111400,100,74620.0
2018-05-15 09:31:13.130,174062,173047,S,,20180515,746.0,93113130,100,74600.0
2018-05-15 09:31:13.230,174107,173047,S,,20180515,746.0,93113230,200,149200.0
2018-05-15 09:31:13.310,174147,173204,S,,20180515,746.0,93113310,100,74600.0
2018-05-15 09:31:13.460,174218,173204,S,,20180515,746.0,93113460,100,74600.0
2018-05-15 09:31:13.990,166638,174430,B,,20180515,746.2,93113990,300,223860.0
2018-05-15 09:31:14.500,174677,173204,S,,20180515,746.0,93114500,100,74600.0
2018-05-15 09:31:14.670,174764,173204,S,,20180515,746.0,93114670,300,223800.0
2018-05-15 09:31:14.810,166638,174836,B,,20180515,746.2,93114810,100,74620.0
2018-05-15 09:31:14.860,174868,173204,S,,20180515,746.0,93114860,100,74600.0
2018-05-15 09:31:15.050,174532,174953,B,,20180515,746.2,93115050,500,373100.0
2018-05-15 09:31:15.930,175309,173204,S,,20180515,746.0,93115930,1000,746000.0
2018-05-15 09:31:15.960,174532,175320,B,,20180515,746.2,93115960,400,298480.0
2018-05-15 09:31:16.470,89782,175566,B,,20180515,746.3,93116470,100,74630.0
2018-05-15 09:31:16.470,175348,175566,B,,20180515,746.3,93116470,100,74630.0
2018-05-15 09:31:17.070,175798,175320,S,,20180515,746.2,93117070,100,74620.0
2018-05-15 09:31:17.240,175888,175400,S,,20180515,746.2,93117240,300,223860.0
2018-05-15 09:31:17.240,175888,173225,S,,20180515,746.0,93117240,100,74600.0
2018-05-15 09:31:17.240,175888,173351,S,,20180515,746.0,93117240,100,74600.0
2018-05-15 09:31:17.240,175888,173507,S,,20180515,746.0,93117240,100,74600.0
2018-05-15 09:31:17.240,175888,173578,S,,20180515,746.0,93117240,100,74600.0
2018-05-15 09:31:17.240,175888,173888,S,,20180515,746.0,93117240,300,223800.0
2018-05-15 09:31:18.460,176395,175954,S,,20180515,746.2,93118460,10,7462.0
2018-05-15 09:31:18.490,175348,176424,B,,20180515,746.3,93118490,300,223890.0
2018-05-15 09:31:19.350,175348,176816,B,,20180515,746.3,93119350,300,223890.0
2018-05-15 09:31:20.870,177459,175968,S,,20180515,746.2,93120870,100,74620.0
2018-05-15 09:31:20.870,177459,176415,S,,20180515,746.2,93120870,200,149240.0
2018-05-15 09:31:20.870,177459,177038,S,,20180515,746.2,93120870,200,149240.0
2018-05-15 09:31:20.870,177459,177070,S,,20180515,746.2,93120870,400,298480.0
2018-05-15 09:31:20.870,177459,177235,S,,20180515,746.2,93120870,100,74620.0
2018-05-15 09:31:21.760,175348,177879,B,,20180515,746.3,93121760,100,74630.0
2018-05-15 09:31:21.760,175348,177884,B,,20180515,746.3,93121760,100,74630.0
2018-05-15 09:31:22.500,175348,178205,B,,20180515,746.3,93122500,400,298520.0
2018-05-15 09:31:22.500,176985,178205,B,,20180515,746.3,93122500,200,149260.0
2018-05-15 09:31:22.500,64316,178205,B,,20180515,746.4,93122500,100,74640.0
2018-05-15 09:31:22.500,80879,178205,B,,20180515,746.43,93122500,100,74643.0
2018-05-15 09:31:22.500,101023,178205,B,,20180515,746.44,93122500,700,522508.00000000006
2018-05-15 09:31:23.630,178520,178669,B,,20180515,746.43,93123630,100,74643.0
2018-05-15 09:31:23.870,178765,178738,S,,20180515,746.3,93123870,200,149260.0
2018-05-15 09:31:25.100,179256,178738,S,,20180515,746.3,93125100,200,149260.0
2018-05-15 09:31:25.260,179321,178738,S,,20180515,746.3,93125260,100,74630.0
2018-05-15 09:31:25.260,179321,178807,S,,20180515,746.3,93125260,800,597040.0
2018-05-15 09:31:25.260,179321,177235,S,,20180515,746.2,93125260,200,149240.0
2018-05-15 09:31:27.990,180411,179644,S,,20180515,746.3,93127990,200,149260.0
2018-05-15 09:31:28.050,180434,179644,S,,20180515,746.3,93128050,200,149260.0
2018-05-15 09:31:29.070,180882,180590,S,,20180515,746.3,93129070,100,74630.0
2018-05-15 09:31:29.930,181258,180669,S,,20180515,746.3,93129930,100,74630.0
2018-05-15 09:31:29.930,181258,180941,S,,20180515,746.3,93129930,100,74630.0
2018-05-15 09:31:30.000,181258,181276,B,,20180515,746.3,93130000,100,74630.0
2018-05-15 09:31:30.780,181258,181640,B,,20180515,746.3,93130780,100,74630.0
2018-05-15 09:31:31.080,181258,181815,B,,20180515,746.3,93131080,200,149260.0
2018-05-15 09:31:31.950,182236,177235,S,,20180515,746.2,93131950,200,149240.0
2018-05-15 09:31:31.950,182236,180879,S,,20180515,746.2,93131950,100,74620.0
2018-05-15 09:31:31.950,182236,181898,S,,20180515,746.2,93131950,100,74620.0
2018-05-15 09:31:31.950,182236,182095,S,,20180515,746.2,93131950,100,74620.0
2018-05-15 09:31:32.640,182236,182556,B,,20180515,746.2,93132640,200,149240.0
2018-05-15 09:31:32.830,182236,182644,B,,20180515,746.2,93132830,300,223860.0
2018-05-15 09:31:32.890,181258,182666,B,,20180515,746.3,93132890,100,74630.0
2018-05-15 09:31:33.050,181258,182749,B,,20180515,746.3,93133050,200,149260.0
2018-05-15 09:31:33.050,181259,182749,B,,20180515,746.3,93133050,300,223890.0
2018-05-15 09:31:33.280,181259,182838,B,,20180515,746.3,93133280,100,74630.0
2018-05-15 09:31:33.310,181259,182856,B,,20180515,746.3,93133310,300,223890.0
2018-05-15 09:31:33.950,181259,183124,B,,20180515,746.3,93133950,200,149260.0
2018-05-15 09:31:33.950,181655,183124,B,,20180515,746.3,93133950,100,74630.0
2018-05-15 09:31:34.010,183143,182799,S,,20180515,746.2,93134010,200,149240.0
2018-05-15 09:31:34.010,183143,176145,S,,20180515,746.12,93134010,800,596896.0
2018-05-15 09:31:34.110,183147,183198,B,,20180515,746.2,93134110,100,74620.0
2018-05-15 09:31:34.420,183356,176145,S,,20180515,746.12,93134420,100,74612.0
2018-05-15 09:31:34.530,183401,176145,S,,20180515,746.12,93134530,100,74612.0
2018-05-15 09:31:37.450,183815,184686,B,,20180515,746.2,93137450,100,74620.0
2018-05-15 09:31:37.550,184717,174364,S,,20180515,746.0,93137550,600,447600.0
2018-05-15 09:31:37.550,184717,174607,S,,20180515,746.0,93137550,100,74600.0
2018-05-15 09:31:37.550,184717,175077,S,,20180515,746.0,93137550,100,74600.0
2018-05-15 09:31:37.550,184717,177641,S,,20180515,746.0,93137550,100,74600.0
2018-05-15 09:31:37.550,184717,178887,S,,20180515,746.0,93137550,1000,746000.0
2018-05-15 09:31:37.550,184717,179695,S,,20180515,746.0,93137550,200,149200.0
2018-05-15 09:31:37.550,184717,182159,S,,20180515,746.0,93137550,200,149200.0
2018-05-15 09:31:37.620,182054,184765,B,,20180515,746.3,93137620,200,149260.0
2018-05-15 09:31:37.840,183004,184879,B,,20180515,746.3,93137840,100,74630.0
2018-05-15 09:31:38.010,183004,184948,B,,20180515,746.3,93138010,800,597040.0
2018-05-15 09:31:38.290,185085,184748,S,,20180515,746.0,93138290,100,74600.0
2018-05-15 09:31:38.320,183102,185097,B,,20180515,746.3,93138320,100,74630.0
2018-05-15 09:31:38.450,185177,184748,S,,20180515,746.0,93138450,100,74600.0
2018-05-15 09:31:38.530,185202,185187,S,,20180515,746.23,93138530,1000,746230.0
2018-05-15 09:31:38.880,185348,185187,S,,20180515,746.23,93138880,500,373115.0
2018-05-15 09:31:39.130,185444,185187,S,,20180515,746.23,93139130,900,671607.0
2018-05-15 09:31:39.130,185444,184788,S,,20180515,746.0,93139130,200,149200.0
2018-05-15 09:31:39.130,185444,173565,S,,20180515,745.99,93139130,100,74599.0
2018-05-15 09:31:39.130,185444,175857,S,,20180515,745.99,93139130,100,74599.0
2018-05-15 09:31:39.130,185444,170775,S,,20180515,745.97,93139130,571,425948.87
2018-05-15 09:31:39.130,185444,164089,S,,20180515,745.86,93139130,129,96215.94
2018-05-15 09:31:40.420,186027,164089,S,,20180515,745.86,93140420,400,298344.0
2018-05-15 09:31:41.350,186339,186455,B,,20180515,746.0,93141350,100,74600.0
2018-05-15 09:31:41.450,186489,164089,S,,20180515,745.86,93141450,100,74586.0
2018-05-15 09:31:41.480,186339,186502,B,,20180515,746.0,93141480,100,74600.0
2018-05-15 09:31:42.330,186550,186840,B,,20180515,745.9,93142330,100,74590.0
2018-05-15 09:31:42.460,186901,164089,S,,20180515,745.86,93142460,100,74586.0
2018-05-15 09:31:42.540,186922,164089,S,,20180515,745.86,93142540,371,276714.06
2018-05-15 09:31:42.540,186922,185998,S,,20180515,745.86,93142540,29,21629.94
2018-05-15 09:31:42.640,186955,185998,S,,20180515,745.86,93142640,71,52956.06
2018-05-15 09:31:42.640,186955,186370,S,,20180515,745.86,93142640,100,74586.0
2018-05-15 09:31:42.820,187054,164367,S,,20180515,745.8,93142820,100,74580.0
2018-05-15 09:31:42.820,187054,164787,S,,20180515,745.8,93142820,100,74580.0
2018-05-15 09:31:42.850,187058,179808,S,,20180515,745.72,93142850,100,74572.0
2018-05-15 09:31:42.990,186957,187121,B,,20180515,745.86,93142990,200,149172.0
2018-05-15 09:31:43.080,187037,187187,B,,20180515,745.86,93143080,100,74586.0
2018-05-15 09:31:43.150,187190,187215,B,,20180515,745.8,93143150,100,74580.0
2018-05-15 09:31:43.150,187037,187215,B,,20180515,745.86,93143150,100,74586.0
2018-05-15 09:31:43.150,187066,187215,B,,20180515,745.86,93143150,200,149172.0
2018-05-15 09:31:43.150,187071,187215,B,,20180515,745.86,93143150,500,372930.0
2018-05-15 09:31:43.150,187087,187215,B,,20180515,745.86,93143150,200,149172.0
2018-05-15 09:31:43.150,187088,187215,B,,20180515,745.86,93143150,100,74586.0
2018-05-15 09:31:43.150,187109,187215,B,,20180515,745.86,93143150,100,74586.0
2018-05-15 09:31:43.150,187110,187215,B,,20180515,745.86,93143150,100,74586.0
2018-05-15 09:31:43.150,187112,187215,B,,20180515,745.86,93143150,200,149172.0
2018-05-15 09:31:43.150,187119,187215,B,,20180515,745.86,93143150,300,223758.0
2018-05-15 09:31:43.150,187122,187215,B,,20180515,745.86,93143150,200,149172.0
2018-05-15 09:31:43.180,187122,187228,B,,20180515,745.86,93143180,100,74586.0
2018-05-15 09:31:43.230,187122,187249,B,,20180515,745.86,93143230,300,223758.0
2018-05-15 09:31:43.230,187126,187249,B,,20180515,745.86,93143230,100,74586.0
2018-05-15 09:31:43.280,187276,157933,S,,20180515,745.1,93143280,100,74510.0
2018-05-15 09:31:43.620,187127,187399,B,,20180515,745.86,93143620,200,149172.0
2018-05-15 09:31:43.620,187130,187399,B,,20180515,745.86,93143620,200,149172.0
2018-05-15 09:31:43.740,187155,187450,B,,20180515,745.86,93143740,200,149172.0
2018-05-15 09:31:43.930,187525,173411,S,,20180515,745.0,93143930,100,74500.0
2018-05-15 09:31:44.100,187277,187615,B,,20180515,745.86,93144100,100,74586.0
2018-05-15 09:31:44.540,187792,185605,S,,20180515,745.0,93144540,100,74500.0
2018-05-15 09:31:44.900,187792,187936,B,,20180515,745.0,93144900,200,149000.0
2018-05-15 09:31:45.990,187792,188396,B,,20180515,745.0,93145990,100,74500.0
2018-05-15 09:31:46.220,187792,188497,B,,20180515,745.0,93146220,100,74500.0
2018-05-15 09:31:46.470,187792,188574,B,,20180515,745.0,93146470,100,74500.0
2018-05-15 09:31:46.520,187792,188608,B,,20180515,745.0,93146520,100,74500.0
2018-05-15 09:31:48.370,189243,189329,B,,20180515,744.91,93148370,100,74491.0
2018-05-15 09:31:48.370,187792,189329,B,,20180515,745.0,93148370,300,223500.0
2018-05-15 09:31:48.370,188881,189329,B,,20180515,745.0,93148370,100,74500.0
2018-05-15 09:31:48.370,189327,189329,B,,20180515,745.0,93148370,200,149000.0
2018-05-15 09:31:48.660,189445,162570,S,,20180515,744.5,93148660,100,74450.0
2018-05-15 09:31:49.580,189327,189853,B,,20180515,745.0,93149580,100,74500.0
2018-05-15 09:31:49.630,189879,162570,S,,20180515,744.5,93149630,200,148900.0
2018-05-15 09:31:49.630,189879,188543,S,,20180515,744.5,93149630,100,74450.0
2018-05-15 09:31:49.630,189879,189722,S,,20180515,744.5,93149630,100,74450.0
2018-05-15 09:31:49.960,190006,189722,S,,20180515,744.5,93149960,200,148900.0
2018-05-15 09:31:50.010,189327,190035,B,,20180515,745.0,93150010,200,149000.0
2018-05-15 09:31:50.230,189327,190117,B,,20180515,745.0,93150230,100,74500.0
2018-05-15 09:31:50.860,190361,163979,S,,20180515,744.44,93150860,100,74444.0
2018-05-15 09:31:50.860,190361,161126,S,,20180515,744.02,93150860,200,148804.0
2018-05-15 09:31:50.890,189327,190376,B,,20180515,745.0,93150890,100,74500.0
2018-05-15 09:31:51.260,189327,190517,B,,20180515,745.0,93151260,200,149000.0
2018-05-15 09:31:51.260,189447,190517,B,,20180515,745.0,93151260,100,74500.0
2018-05-15 09:31:52.160,190908,161126,S,,20180515,744.02,93152160,100,74402.0
2018-05-15 09:31:52.340,190628,190985,B,,20180515,744.5,93152340,100,74450.0
2018-05-15 09:31:52.720,190628,191151,B,,20180515,744.5,93152720,300,223350.0
2018-05-15 09:31:52.880,190628,191218,B,,20180515,744.5,93152880,100,74450.0
2018-05-15 09:31:52.880,189447,191218,B,,20180515,745.0,93152880,100,74500.0
2018-05-15 09:31:53.060,189447,191292,B,,20180515,745.0,93153060,100,74500.0
2018-05-15 09:31:53.090,189447,191306,B,,20180515,745.0,93153090,100,74500.0
2018-05-15 09:31:53.480,189447,191461,B,,20180515,745.0,93153480,200,149000.0
2018-05-15 09:31:53.640,191515,161126,S,,20180515,744.02,93153640,200,148804.0
2018-05-15 09:31:53.640,191515,191016,S,,20180515,744.02,93153640,200,148804.0
2018-05-15 09:31:53.850,191508,191624,B,,20180515,744.5,93153850,100,74450.0
2018-05-15 09:31:55.470,192204,192304,B,,20180515,744.44,93155470,200,148888.0
2018-05-15 09:31:55.470,191508,192304,B,,20180515,744.5,93155470,100,74450.0
2018-05-15 09:31:55.470,191611,192304,B,,20180515,744.89,93155470,100,74489.0
2018-05-15 09:31:55.950,192457,192477,B,,20180515,744.5,93155950,100,74450.0
2018-05-15 09:31:55.950,189447,192477,B,,20180515,745.0,93155950,700,521500.0
2018-05-15 09:31:55.950,188454,192477,B,,20180515,745.1,93155950,200,149020.0
2018-05-15 09:31:57.410,193044,191016,S,,20180515,744.02,93157410,100,74402.0
2018-05-15 09:31:58.910,193651,191016,S,,20180515,744.02,93158910,200,148804.0
2018-05-15 09:31:58.940,193667,192273,S,,20180515,744.02,93158940,200,148804.0
2018-05-15 09:31:59.190,193034,193763,B,,20180515,744.5,93159190,200,148900.0
2018-05-15 09:31:59.370,193034,193837,B,,20180515,744.5,93159370,100,74450.0
2018-05-15 09:31:59.660,193943,192273,S,,20180515,744.02,93159660,300,223206.0
2018-05-15 09:31:59.660,193943,192274,S,,20180515,744.02,93159660,100,74402.0
2018-05-15 09:31:59.660,193943,158196,S,,20180515,744.01,93159660,100,74401.0
2018-05-15 09:31:59.660,193943,150456,S,,20180515,744.0,93159660,100,74400.0
2018-05-15 09:31:59.880,194046,150456,S,,20180515,744.0,93159880,200,148800.0
2018-05-15 09:31:59.880,194046,150844,S,,20180515,744.0,93159880,600,446400.0
2018-05-15 09:31:59.880,194047,150844,S,,20180515,744.0,93159880,400,297600.0
2018-05-15 09:31:59.880,194047,153730,S,,20180515,744.0,93159880,100,74400.0
2018-05-15 09:31:59.880,194047,173469,S,,20180515,744.0,93159880,200,148800.0
2018-05-15 09:31:59.880,194047,181412,S,,20180515,744.0,93159880,100,74400.0
2018-05-15 09:32:00.560,194243,194330,B,,20180515,744.39,93200560,300,223317.0
2018-05-15 09:32:00.770,194243,194447,B,,20180515,744.39,93200770,100,74439.0
2018-05-15 09:32:00.770,193034,194447,B,,20180515,744.5,93200770,600,446700.0
2018-05-15 09:32:00.770,193813,194447,B,,20180515,744.5,93200770,200,148900.0
2018-05-15 09:32:00.770,193983,194447,B,,20180515,744.5,93200770,100,74450.0
2018-05-15 09:32:00.820,194467,194111,S,,20180515,744.02,93200820,100,74402.0
2018-05-15 09:32:01.070,194568,194111,S,,20180515,744.02,93201070,100,74402.0
2018-05-15 09:32:01.360,194568,194709,B,,20180515,744.02,93201360,100,74402.0
2018-05-15 09:32:01.360,194631,194709,B,,20180515,744.37,93201360,200,148874.0
2018-05-15 09:32:01.820,194895,194749,S,,20180515,744.02,93201820,100,74402.0
2018-05-15 09:32:03.040,195448,190007,S,,20180515,744.0,93203040,100,74400.0
2018-05-15 09:32:03.040,195448,190237,S,,20180515,744.0,93203040,100,74400.0
2018-05-15 09:32:03.040,195448,193609,S,,20180515,744.0,93203040,100,74400.0
2018-05-15 09:32:03.040,195448,194660,S,,20180515,744.0,93203040,100,74400.0
2018-05-15 09:32:04.010,195871,190016,S,,20180515,743.58,93204010,100,74358.0
2018-05-15 09:32:04.090,195912,153190,S,,20180515,743.16,93204090,100,74316.0
2018-05-15 09:32:04.090,195912,158253,S,,20180515,743.12,93204090,900,668808.0
2018-05-15 09:32:04.200,195897,195961,B,,20180515,743.58,93204200,100,74358.0
2018-05-15 09:32:04.580,196136,195961,S,,20180515,743.58,93204580,200,148716.0
2018-05-15 09:32:04.580,196136,196096,S,,20180515,743.58,93204580,200,148716.0
2018-05-15 09:32:04.580,196136,158253,S,,20180515,743.12,93204580,1600,1188992.0
2018-05-15 09:32:04.690,196146,196177,B,,20180515,743.98,93204690,100,74398.0
2018-05-15 09:32:05.090,196294,196359,B,,20180515,743.58,93205090,100,74358.0
2018-05-15 09:32:05.090,196146,196359,B,,20180515,743.98,93205090,200,148796.0
2018-05-15 09:32:05.090,195911,196359,B,,20180515,743.99,93205090,600,446394.0
2018-05-15 09:32:05.090,195448,196359,B,,20180515,744.0,93205090,100,74400.0
2018-05-15 09:32:05.260,195448,196455,B,,20180515,744.0,93205260,100,74400.0
2018-05-15 09:32:05.280,196467,196417,S,,20180515,743.58,93205280,100,74358.0
2018-05-15 09:32:05.280,196467,158253,S,,20180515,743.12,93205280,200,148624.0
2018-05-15 09:32:06.190,196872,158253,S,,20180515,743.12,93206190,300,222936.0
2018-05-15 09:32:06.250,196899,158253,S,,20180515,743.12,93206250,200,148624.0
2018-05-15 09:32:07.240,197138,197337,B,,20180515,743.58,93207240,100,74358.0
2018-05-15 09:32:07.320,197274,197374,B,,20180515,743.58,93207320,100,74358.0
2018-05-15 09:32:07.390,195448,197413,B,,20180515,744.0,93207390,100,74400.0
2018-05-15 09:32:07.970,197660,158253,S,,20180515,743.12,93207970,100,74312.0
2018-05-15 09:32:08.300,197815,158253,S,,20180515,743.12,93208300,100,74312.0
2018-05-15 09:32:08.460,197450,197880,B,,20180515,743.97,93208460,100,74397.0
2018-05-15 09:32:09.640,197450,198369,B,,20180515,743.97,93209640,300,223191.0
2018-05-15 09:32:10.050,198576,158253,S,,20180515,743.12,93210050,800,594496.0
2018-05-15 09:32:10.050,198576,197350,S,,20180515,743.12,93210050,200,148624.0
2018-05-15 09:32:10.310,198674,197463,S,,20180515,743.12,93210310,200,148624.0
2018-05-15 09:32:10.910,198674,198925,B,,20180515,743.12,93210910,100,74312.0
2018-05-15 09:32:11.550,199222,153351,S,,20180515,743.1,93211550,100,74310.0
2018-05-15 09:32:11.920,198674,199350,B,,20180515,743.12,93211920,200,148624.0
2018-05-15 09:32:11.920,199242,199350,B,,20180515,743.12,93211920,200,148624.0
2018-05-15 09:32:11.920,197450,199350,B,,20180515,743.97,93211920,100,74397.0
2018-05-15 09:32:12.150,199434,153351,S,,20180515,743.1,93212150,100,74310.0
2018-05-15 09:32:12.410,199558,153351,S,,20180515,743.1,93212410,300,222930.0
2018-05-15 09:32:12.410,199558,131468,S,,20180515,743.08,93212410,100,74308.0
2018-05-15 09:32:13.010,197450,199833,B,,20180515,743.97,93213010,100,74397.0
2018-05-15 09:32:13.070,199852,199851,S,,20180515,743.1,93213070,300,222930.0
2018-05-15 09:32:13.440,200010,199851,S,,20180515,743.1,93213440,200,148620.0
2018-05-15 09:32:13.730,200132,199021,S,,20180515,743.08,93213730,100,74308.0
2018-05-15 09:32:13.930,197450,200201,B,,20180515,743.97,93213930,500,371985.0
2018-05-15 09:32:13.930,195448,200201,B,,20180515,744.0,93213930,1300,967200.0
2018-05-15 09:32:13.930,195828,200201,B,,20180515,744.0,93213930,100,74400.0
2018-05-15 09:32:13.930,195887,200201,B,,20180515,744.0,93213930,100,74400.0
2018-05-15 09:32:14.730,200523,128310,S,,20180515,743.06,93214730,100,74306.0
2018-05-15 09:32:15.310,200571,200747,B,,20180515,743.12,93215310,200,148624.0
2018-05-15 09:32:15.740,200920,111136,S,,20180515,743.02,93215740,100,74302.0
2018-05-15 09:32:15.740,200920,159924,S,,20180515,743.01,93215740,500,371505.0
2018-05-15 09:32:15.740,200920,115002,S,,20180515,743.0,93215740,500,371500.0
2018-05-15 09:32:15.740,200920,136226,S,,20180515,743.0,93215740,200,148600.0
2018-05-15 09:32:15.740,200920,141429,S,,20180515,743.0,93215740,300,222900.0
2018-05-15 09:32:15.890,200997,141429,S,,20180515,743.0,93215890,100,74300.0
2018-05-15 09:32:16.140,201117,141429,S,,20180515,743.0,93216140,100,74300.0
2018-05-15 09:32:16.190,200921,201149,B,,20180515,743.02,93216190,100,74302.0
2018-05-15 09:32:16.190,201146,201149,B,,20180515,743.1,93216190,200,148620.0
2018-05-15 09:32:16.190,201156,160892,S,,20180515,743.0,93216190,300,222900.0
2018-05-15 09:32:16.610,201150,201338,B,,20180515,743.02,93216610,100,74302.0
2018-05-15 09:32:17.380,201163,201629,B,,20180515,743.06,93217380,1000,743060.0
2018-05-15 09:32:17.510,201163,201686,B,,20180515,743.06,93217510,600,445835.99999999994
2018-05-15 09:32:17.510,201319,201686,B,,20180515,743.08,93217510,200,148616.0
2018-05-15 09:32:17.640,201733,201686,S,,20180515,743.08,93217640,100,74308.0
2018-05-15 09:32:18.420,202023,201337,S,,20180515,743.01,93218420,100,74301.0
2018-05-15 09:32:18.420,202023,192694,S,,20180515,743.0,93218420,100,74300.0
2018-05-15 09:32:18.420,202023,82836,S,,20180515,742.88,93218420,100,74288.0
2018-05-15 09:32:18.420,202023,110579,S,,20180515,742.8,93218420,200,148560.0
2018-05-15 09:32:18.730,202157,110579,S,,20180515,742.8,93218730,100,74280.0
2018-05-15 09:32:18.780,202153,202183,B,,20180515,743.01,93218780,100,74301.0
2018-05-15 09:32:18.780,201146,202183,B,,20180515,743.1,93218780,100,74310.0
2018-05-15 09:32:18.780,201784,202183,B,,20180515,743.11,93218780,100,74311.0
2018-05-15 09:32:18.780,200571,202183,B,,20180515,743.12,93218780,300,222936.0
2018-05-15 09:32:18.780,202062,202183,B,,20180515,743.12,93218780,700,520184.0
2018-05-15 09:32:18.780,200206,202183,B,,20180515,743.58,93218780,100,74358.0
2018-05-15 09:32:19.530,202505,202287,S,,20180515,743.02,93219530,100,74302.0
2018-05-15 09:32:19.530,202505,110579,S,,20180515,742.8,93219530,200,148560.0
2018-05-15 09:32:19.910,202557,202663,B,,20180515,743.1,93219910,100,74310.0
2018-05-15 09:32:19.910,202364,202663,B,,20180515,743.12,93219910,400,297248.0
2018-05-15 09:32:20.020,202706,202663,S,,20180515,743.15,93220020,500,371575.0
2018-05-15 09:32:20.250,202804,202663,S,,20180515,743.15,93220250,200,148630.0
2018-05-15 09:32:20.460,202899,202663,S,,20180515,743.15,93220460,300,222945.0
2018-05-15 09:32:20.530,202924,202663,S,,20180515,743.15,93220530,100,74315.0
2018-05-15 09:32:20.660,202980,202663,S,,20180515,743.15,93220660,200,148630.0
2018-05-15 09:32:21.200,203218,202663,S,,20180515,743.15,93221200,100,74315.0
2018-05-15 09:32:22.520,203558,203756,B,,20180515,743.0,93222520,100,74300.0
2018-05-15 09:32:22.520,203573,203756,B,,20180515,743.0,93222520,300,222900.0
2018-05-15 09:32:22.520,203696,203756,B,,20180515,743.0,93222520,100,74300.0
2018-05-15 09:32:22.520,200206,203756,B,,20180515,743.58,93222520,200,148716.0
2018-05-15 09:32:22.520,201876,203756,B,,20180515,743.65,93222520,100,74365.0
2018-05-15 09:32:22.520,202718,203756,B,,20180515,743.8,93222520,100,74380.0
2018-05-15 09:32:22.520,203338,203756,B,,20180515,743.97,93222520,100,74397.0
2018-05-15 09:32:22.730,203845,203793,S,,20180515,743.0,93222730,100,74300.0
2018-05-15 09:32:22.730,203845,202288,S,,20180515,742.8,93222730,100,74280.0
2018-05-15 09:32:22.730,203845,202785,S,,20180515,742.8,93222730,100,74280.0
2018-05-15 09:32:22.870,203898,202785,S,,20180515,742.8,93222870,100,74280.0
2018-05-15 09:32:24.920,204756,204264,S,,20180515,742.8,93224920,200,148560.0
2018-05-15 09:32:25.130,204854,204265,S,,20180515,742.8,93225130,200,148560.0
2018-05-15 09:32:25.470,204979,204265,S,,20180515,742.8,93225470,100,74280.0
2018-05-15 09:32:25.740,205113,204980,S,,20180515,742.8,93225740,100,74280.0
2018-05-15 09:32:25.900,205113,205162,B,,20180515,742.8,93225900,100,74280.0
2018-05-15 09:32:26.790,205113,205534,B,,20180515,742.8,93226790,200,148560.0
2018-05-15 09:32:26.950,205113,205594,B,,20180515,742.8,93226950,100,74280.0
2018-05-15 09:32:27.630,205113,205863,B,,20180515,742.8,93227630,200,148560.0
2018-05-15 09:32:27.630,205226,205863,B,,20180515,742.8,93227630,300,222840.0
2018-05-15 09:32:27.930,205983,125647,S,,20180515,742.65,93227930,100,74265.0
2018-05-15 09:32:27.930,205226,205984,B,,20180515,742.8,93227930,200,148560.0
2018-05-15 09:32:27.930,205996,205984,S,,20180515,742.8,93227930,500,371400.0
2018-05-15 09:32:28.670,206080,206292,B,,20180515,742.79,93228670,100,74279.0
2018-05-15 09:32:28.770,206340,112508,S,,20180515,742.63,93228770,100,74263.0
2018-05-15 09:32:28.770,206340,112300,S,,20180515,742.61,93228770,100,74261.0
2018-05-15 09:32:28.810,205996,206346,B,,20180515,742.8,93228810,100,74280.0
2018-05-15 09:32:29.070,206450,107464,S,,20180515,742.51,93229070,100,74251.0
2018-05-15 09:32:29.180,205996,206489,B,,20180515,742.8,93229180,300,222840.0
2018-05-15 09:32:29.180,206213,206489,B,,20180515,742.8,93229180,100,74280.0
2018-05-15 09:32:29.180,206312,206489,B,,20180515,742.8,93229180,300,222840.0
2018-05-15 09:32:29.180,206092,206489,B,,20180515,742.81,93229180,100,74281.0
2018-05-15 09:32:29.180,205489,206489,B,,20180515,742.88,93229180,200,148576.0
2018-05-15 09:32:29.290,206532,121360,S,,20180515,742.44,93229290,100,74244.0
2018-05-15 09:32:29.610,206500,206668,B,,20180515,742.65,93229610,100,74265.0
2018-05-15 09:32:29.950,206793,121360,S,,20180515,742.44,93229950,100,74244.0
2018-05-15 09:32:30.160,206892,106711,S,,20180515,742.43,93230160,200,148486.0
2018-05-15 09:32:31.210,207325,144470,S,,20180515,742.42,93231210,100,74242.0
2018-05-15 09:32:32.360,207752,207372,S,,20180515,742.42,93232360,100,74242.0
2018-05-15 09:32:32.360,207758,61399,S,,20180515,742.41,93232360,100,74241.0
2018-05-15 09:32:33.890,208342,111366,S,,20180515,742.41,93233890,300,222723.0
2018-05-15 09:32:33.980,208382,111366,S,,20180515,742.41,93233980,200,148482.0
2018-05-15 09:32:34.000,208395,111366,S,,20180515,742.41,93234000,200,148482.0
2018-05-15 09:32:34.000,208396,111366,S,,20180515,742.41,93234000,200,148482.0
2018-05-15 09:32:34.030,208412,111366,S,,20180515,742.41,93234030,100,74241.0
2018-05-15 09:32:34.030,208412,124784,S,,20180515,742.41,93234030,100,74241.0
2018-05-15 09:32:34.030,208412,155692,S,,20180515,742.41,93234030,100,74241.0
2018-05-15 09:32:34.030,208412,208413,B,,20180515,742.41,93234030,200,148482.0
2018-05-15 09:32:34.350,208412,208547,B,,20180515,742.41,93234350,200,148482.0
2018-05-15 09:32:34.760,208745,7567,S,,20180515,742.4,93234760,100,74240.0
2018-05-15 09:32:35.250,208412,208958,B,,20180515,742.41,93235250,100,74241.0
2018-05-15 09:32:35.320,208412,208991,B,,20180515,742.41,93235320,100,74241.0
2018-05-15 09:32:35.640,208412,209112,B,,20180515,742.41,93235640,300,222723.0
2018-05-15 09:32:35.640,208425,209112,B,,20180515,742.41,93235640,300,222723.0
2018-05-15 09:32:35.640,208426,209112,B,,20180515,742.41,93235640,300,222723.0
2018-05-15 09:32:35.640,208439,209112,B,,20180515,742.41,93235640,400,296964.0
2018-05-15 09:32:35.640,208441,209112,B,,20180515,742.41,93235640,200,148482.0
2018-05-15 09:32:35.640,208521,209112,B,,20180515,742.41,93235640,300,222723.0
2018-05-15 09:32:35.640,208530,209112,B,,20180515,742.41,93235640,300,222723.0
2018-05-15 09:32:35.640,208543,209112,B,,20180515,742.41,93235640,200,148482.0
2018-05-15 09:32:35.640,208544,209112,B,,20180515,742.41,93235640,100,74241.0
2018-05-15 09:32:35.640,208552,209112,B,,20180515,742.41,93235640,300,222723.0
2018-05-15 09:32:35.640,208553,209112,B,,20180515,742.41,93235640,200,148482.0
2018-05-15 09:32:35.640,208618,209112,B,,20180515,742.41,93235640,200,148482.0
2018-05-15 09:32:35.640,208987,209112,B,,20180515,742.41,93235640,1200,890892.0
2018-05-15 09:32:35.640,208996,209112,B,,20180515,742.41,93235640,300,222723.0
2018-05-15 09:32:35.640,209097,209112,B,,20180515,742.41,93235640,700,519687.0
2018-05-15 09:32:35.640,208869,209112,B,,20180515,742.42,93235640,100,74242.0
2018-05-15 09:32:35.640,208154,209112,B,,20180515,742.51,93235640,200,148502.0
2018-05-15 09:32:35.640,206787,209112,B,,20180515,742.61,93235640,900,668349.0
2018-05-15 09:32:35.640,208181,209112,B,,20180515,742.61,93235640,700,519827.0
2018-05-15 09:32:35.640,206788,209112,B,,20180515,742.63,93235640,800,594104.0
2018-05-15 09:32:35.640,206879,209112,B,,20180515,742.65,93235640,100,74265.0
2018-05-15 09:32:35.640,207542,209112,B,,20180515,742.65,93235640,600,445590.0
2018-05-15 09:32:35.640,208837,209112,B,,20180515,742.65,93235640,200,148530.0
2018-05-15 09:32:35.640,206964,209112,B,,20180515,742.8,93235640,400,297120.0
2018-05-15 09:32:35.640,207144,209112,B,,20180515,742.8,93235640,100,74280.0
2018-05-15 09:32:35.640,207530,209112,B,,20180515,742.8,93235640,300,222840.0
2018-05-15 09:32:35.640,207733,209112,B,,20180515,742.8,93235640,100,74280.0
2018-05-15 09:32:35.640,208059,209112,B,,20180515,742.8,93235640,100,74280.0
2018-05-15 09:32:35.640,208651,209112,B,,20180515,742.8,93235640,100,74280.0
2018-05-15 09:32:35.850,209212,132363,S,,20180515,742.01,93235850,100,74201.0
2018-05-15 09:32:35.880,209136,209219,B,,20180515,742.65,93235880,100,74265.0
2018-05-15 09:32:35.880,208651,209219,B,,20180515,742.8,93235880,300,222840.0
2018-05-15 09:32:36.310,208651,209395,B,,20180515,742.8,93236310,100,74280.0
2018-05-15 09:32:36.310,208957,209395,B,,20180515,742.8,93236310,100,74280.0
2018-05-15 09:32:36.310,205489,209395,B,,20180515,742.88,93236310,300,222864.0
2018-05-15 09:32:36.310,205171,209395,B,,20180515,742.99,93236310,100,74299.0
2018-05-15 09:32:36.310,205207,209395,B,,20180515,742.99,93236310,100,74299.0
2018-05-15 09:32:36.310,203951,209395,B,,20180515,743.0,93236310,300,222900.0
2018-05-15 09:32:37.110,209728,132363,S,,20180515,742.01,93237110,100,74201.0
2018-05-15 09:32:37.500,209899,205295,S,,20180515,742.01,93237500,200,148402.0
2018-05-15 09:32:38.000,209733,210118,B,,20180515,742.41,93238000,100,74241.0
2018-05-15 09:32:38.490,209637,210301,B,,20180515,742.5,93238490,100,74250.0
2018-05-15 09:32:38.490,209712,210301,B,,20180515,742.51,93238490,100,74251.0
2018-05-15 09:32:38.490,209901,210301,B,,20180515,742.65,93238490,100,74265.0
2018-05-15 09:32:38.490,210124,210301,B,,20180515,742.65,93238490,100,74265.0
2018-05-15 09:32:38.490,210293,210301,B,,20180515,742.65,93238490,100,74265.0
2018-05-15 09:32:38.490,209732,210301,B,,20180515,742.8,93238490,100,74280.0
2018-05-15 09:32:38.490,209743,210301,B,,20180515,742.8,93238490,100,74280.0
2018-05-15 09:32:38.490,204921,210301,B,,20180515,743.0,93238490,100,74300.0
2018-05-15 09:32:38.490,204992,210301,B,,20180515,743.0,93238490,100,74300.0
2018-05-15 09:32:38.490,205483,210301,B,,20180515,743.0,93238490,100,74300.0
2018-05-15 09:32:38.490,205950,210301,B,,20180515,743.0,93238490,100,74300.0
2018-05-15 09:32:38.490,206283,210301,B,,20180515,743.0,93238490,200,148600.0
2018-05-15 09:32:38.490,207171,210301,B,,20180515,743.0,93238490,100,74300.0
2018-05-15 09:32:38.570,210314,210301,S,,20180515,743.0,93238570,100,74300.0
2018-05-15 09:32:38.700,210369,210301,S,,20180515,743.0,93238700,100,74300.0
2018-05-15 09:32:38.720,210382,210301,S,,20180515,743.0,93238720,200,148600.0
2018-05-15 09:32:39.090,210534,210301,S,,20180515,743.0,93239090,100,74300.0
2018-05-15 09:32:39.270,204148,210607,B,,20180515,743.01,93239270,100,74301.0
2018-05-15 09:32:39.830,210822,210301,S,,20180515,743.0,93239830,100,74300.0
2018-05-15 09:32:39.890,210852,210301,S,,20180515,743.0,93239890,400,297200.0
2018-05-15 09:32:40.000,210914,210301,S,,20180515,743.0,93240000,400,297200.0
2018-05-15 09:32:40.000,210915,210301,S,,20180515,743.0,93240000,200,148600.0
2018-05-15 09:32:40.000,210915,210353,S,,20180515,743.0,93240000,200,148600.0
2018-05-15 09:32:40.030,210928,210353,S,,20180515,743.0,93240030,600,445800.0
2018-05-15 09:32:40.050,210939,210353,S,,20180515,743.0,93240050,100,74300.0
2018-05-15 09:32:40.550,211140,210940,S,,20180515,742.41,93240550,100,74241.0
2018-05-15 09:32:40.870,211245,211297,B,,20180515,742.42,93240870,100,74242.0
2018-05-15 09:32:40.870,210939,211298,B,,20180515,743.0,93240870,200,148600.0
2018-05-15 09:32:41.370,211458,211513,B,,20180515,742.41,93241370,100,74241.0
2018-05-15 09:32:41.370,211458,211514,B,,20180515,742.41,93241370,200,148482.0
2018-05-15 09:32:41.490,211458,211553,B,,20180515,742.41,93241490,2500,1856025.0
2018-05-15 09:32:41.490,211458,211554,B,,20180515,742.41,93241490,100,74241.0
2018-05-15 09:32:42.010,211458,211775,B,,20180515,742.41,93242010,100,74241.0
2018-05-15 09:32:42.010,211536,211775,B,,20180515,742.41,93242010,100,74241.0
2018-05-15 09:32:42.220,211833,211841,B,,20180515,742.01,93242220,100,74201.0
2018-05-15 09:32:42.220,211536,211841,B,,20180515,742.41,93242220,100,74241.0
2018-05-15 09:32:42.220,211661,211841,B,,20180515,742.42,93242220,100,74242.0
2018-05-15 09:32:42.220,211567,211841,B,,20180515,742.8,93242220,100,74280.0
2018-05-15 09:32:42.220,210939,211841,B,,20180515,743.0,93242220,100,74300.0
2018-05-15 09:32:42.220,210949,211841,B,,20180515,743.0,93242220,400,297200.0
2018-05-15 09:32:42.220,210964,211841,B,,20180515,743.0,93242220,100,74300.0
2018-05-15 09:32:42.220,211847,20790,S,,20180515,742.0,93242220,100,74200.0
2018-05-15 09:32:43.770,212453,212081,S,,20180515,742.02,93243770,500,371010.0
2018-05-15 09:32:44.340,212650,21224,S,,20180515,742.0,93244340,100,74200.0
2018-05-15 09:32:44.340,212650,26866,S,,20180515,742.0,93244340,200,148400.0
2018-05-15 09:32:44.690,212777,30902,S,,20180515,742.0,93244690,100,74200.0
2018-05-15 09:32:44.690,212777,44174,S,,20180515,742.0,93244690,100,74200.0
2018-05-15 09:32:44.690,212777,57659,S,,20180515,742.0,93244690,100,74200.0
2018-05-15 09:32:44.690,212777,65332,S,,20180515,742.0,93244690,100,74200.0
2018-05-15 09:32:44.690,212777,137758,S,,20180515,742.0,93244690,100,74200.0
2018-05-15 09:32:44.690,212777,149488,S,,20180515,742.0,93244690,100,74200.0
2018-05-15 09:32:44.690,212777,185460,S,,20180515,742.0,93244690,100,74200.0
2018-05-15 09:32:44.690,212777,208555,S,,20180515,742.0,93244690,100,74200.0
2018-05-15 09:32:44.690,212777,208812,S,,20180515,742.0,93244690,100,74200.0
2018-05-15 09:32:44.690,212777,212149,S,,20180515,742.0,93244690,100,74200.0
2018-05-15 09:32:44.690,212777,212285,S,,20180515,742.0,93244690,200,148400.0
2018-05-15 09:32:44.870,212777,212845,B,,20180515,742.0,93244870,600,445200.0
2018-05-15 09:32:44.870,212337,212845,B,,20180515,742.41,93244870,100,74241.0
2018-05-15 09:32:44.870,211955,212845,B,,20180515,742.65,93244870,100,74265.0
2018-05-15 09:32:45.860,213189,212980,S,,20180515,742.0,93245860,100,74200.0
2018-05-15 09:32:46.290,212906,213379,B,,20180515,742.01,93246290,300,222603.0
2018-05-15 09:32:46.290,212928,213379,B,,20180515,742.01,93246290,200,148402.0
2018-05-15 09:32:46.570,213221,213470,B,,20180515,742.65,93246570,100,74265.0
2018-05-15 09:32:46.570,212967,213470,B,,20180515,742.99,93246570,100,74299.0
2018-05-15 09:32:46.570,210964,213470,B,,20180515,743.0,93246570,300,222900.0
2018-05-15 09:32:46.570,210970,213470,B,,20180515,743.0,93246570,400,297200.0
2018-05-15 09:32:46.570,211041,213470,B,,20180515,743.0,93246570,400,297200.0
2018-05-15 09:32:46.570,211061,213470,B,,20180515,743.0,93246570,400,297200.0
2018-05-15 09:32:46.570,211080,213470,B,,20180515,743.0,93246570,2000,1486000.0
2018-05-15 09:32:46.570,211100,213470,B,,20180515,743.0,93246570,400,297200.0
2018-05-15 09:32:46.570,211118,213470,B,,20180515,743.0,93246570,400,297200.0
2018-05-15 09:32:46.570,211138,213470,B,,20180515,743.0,93246570,400,297200.0
2018-05-15 09:32:46.570,211254,213470,B,,20180515,743.0,93246570,400,297200.0
2018-05-15 09:32:46.570,211348,213470,B,,20180515,743.0,93246570,100,74300.0
2018-05-15 09:32:46.570,212743,213470,B,,20180515,743.0,93246570,700,520100.0
2018-05-15 09:32:46.570,213135,213470,B,,20180515,743.0,93246570,500,371500.0
2018-05-15 09:32:46.780,204050,213541,B,,20180515,743.08,93246780,100,74308.0
2018-05-15 09:32:46.780,207263,213541,B,,20180515,743.08,93246780,100,74308.0
2018-05-15 09:32:46.810,213547,213541,S,,20180515,743.08,93246810,100,74308.0
2018-05-15 09:32:47.750,213917,213541,S,,20180515,743.08,93247750,100,74308.0
2018-05-15 09:32:48.410,214175,213541,S,,20180515,743.08,93248410,100,74308.0
2018-05-15 09:32:48.430,214183,213470,S,,20180515,743.0,93248430,100,74300.0
2018-05-15 09:32:48.460,214193,213470,S,,20180515,743.0,93248460,100,74300.0
2018-05-15 09:32:48.460,214194,213470,S,,20180515,743.0,93248460,700,520100.0
2018-05-15 09:32:48.870,214352,213470,S,,20180515,743.0,93248870,100,74300.0
2018-05-15 09:32:49.310,214518,213470,S,,20180515,743.0,93249310,2300,1708900.0
2018-05-15 09:32:49.420,214577,213470,S,,20180515,743.0,93249420,100,74300.0
2018-05-15 09:32:49.420,214577,213545,S,,20180515,743.0,93249420,100,74300.0
2018-05-15 09:32:49.550,214649,213704,S,,20180515,742.5,93249550,1000,742500.0
2018-05-15 09:32:49.550,214649,214095,S,,20180515,742.41,93249550,100,74241.0
2018-05-15 09:32:49.790,214577,214734,B,,20180515,743.0,93249790,100,74300.0
2018-05-15 09:32:49.980,214810,214095,S,,20180515,742.41,93249980,200,148482.0
2018-05-15 09:32:50.300,214577,214899,B,,20180515,743.0,93250300,200,148600.0
2018-05-15 09:32:50.460,214963,214900,S,,20180515,742.99,93250460,100,74299.0
2018-05-15 09:32:50.670,214963,215042,B,,20180515,742.65,93250670,100,74265.0
2018-05-15 09:32:50.670,214577,215042,B,,20180515,743.0,93250670,100,74300.0
2018-05-15 09:32:50.960,215124,215159,B,,20180515,742.99,93250960,100,74299.0
2018-05-15 09:32:50.980,215169,214095,S,,20180515,742.41,93250980,100,74241.0
2018-05-15 09:32:50.980,215124,215177,B,,20180515,742.99,93250980,100,74299.0
2018-05-15 09:32:51.220,215124,215265,B,,20180515,742.99,93251220,200,148598.0
2018-05-15 09:32:51.280,215275,214095,S,,20180515,742.41,93251280,148,109876.68
2018-05-15 09:32:51.860,215529,214095,S,,20180515,742.41,93251860,200,148482.0
2018-05-15 09:32:52.700,215901,214095,S,,20180515,742.41,93252700,100,74241.0
2018-05-15 09:32:53.240,215931,216142,B,,20180515,742.42,93253240,100,74242.0
2018-05-15 09:32:53.240,215124,216142,B,,20180515,742.99,93253240,100,74299.0
2018-05-15 09:32:54.230,216520,214095,S,,20180515,742.41,93254230,152,112846.31999999999
2018-05-15 09:32:54.230,216520,215851,S,,20180515,742.41,93254230,148,109876.68
2018-05-15 09:32:54.820,216749,215851,S,,20180515,742.41,93254820,152,112846.31999999999
2018-05-15 09:32:54.820,216749,216037,S,,20180515,742.41,93254820,148,109876.68
2018-05-15 09:32:54.970,216494,216810,B,,20180515,742.8,93254970,100,74280.0
2018-05-15 09:32:55.530,217090,216810,S,,20180515,742.8,93255530,200,148560.0
2018-05-15 09:32:55.730,217180,216810,S,,20180515,742.8,93255730,100,74280.0
2018-05-15 09:32:57.160,217746,216810,S,,20180515,742.8,93257160,100,74280.0
2018-05-15 09:32:57.160,217746,217009,S,,20180515,742.41,93257160,100,74241.0
2018-05-15 09:32:57.160,217752,217009,S,,20180515,742.41,93257160,300,222723.0
2018-05-15 09:32:57.480,214577,217860,B,,20180515,743.0,93257480,400,297200.0
2018-05-15 09:32:58.600,218312,217785,S,,20180515,742.65,93258600,700,519855.0
2018-05-15 09:32:59.160,218550,218281,S,,20180515,742.65,93259160,100,74265.0
2018-05-15 09:32:59.830,218826,218552,S,,20180515,742.65,93259830,100,74265.0
2018-05-15 09:32:59.910,218852,217009,S,,20180515,742.41,93259910,100,74241.0
2018-05-15 09:32:59.910,218852,214262,S,,20180515,742.1,93259910,100,74210.0
2018-05-15 09:32:59.910,218852,215939,S,,20180515,742.1,93259910,100,74210.0
2018-05-15 09:32:59.910,218852,216538,S,,20180515,742.1,93259910,100,74210.0
2018-05-15 09:32:59.910,218852,215699,S,,20180515,742.07,93259910,100,74207.0
2018-05-15 09:33:00.050,218901,218777,S,,20180515,742.01,93300050,100,74201.0
2018-05-15 09:33:00.170,218852,218959,B,,20180515,742.07,93300170,100,74207.0
2018-05-15 09:33:00.230,218985,214634,S,,20180515,742.0,93300230,100,74200.0
2018-05-15 09:33:00.340,218852,219033,B,,20180515,742.07,93300340,100,74207.0
2018-05-15 09:33:00.980,218852,219308,B,,20180515,742.07,93300980,200,148414.0
2018-05-15 09:33:00.980,218853,219308,B,,20180515,742.07,93300980,900,667863.0
2018-05-15 09:33:01.060,218897,219338,B,,20180515,742.41,93301060,100,74241.0
2018-05-15 09:33:01.060,217890,219338,B,,20180515,742.8,93301060,300,222840.0
2018-05-15 09:33:01.480,219516,219363,S,,20180515,742.65,93301480,100,74265.0
2018-05-15 09:33:02.020,219728,219363,S,,20180515,742.65,93302020,100,74265.0
2018-05-15 09:33:02.380,219892,219363,S,,20180515,742.65,93302380,100,74265.0
2018-05-15 09:33:03.530,220334,220357,B,,20180515,742.07,93303530,100,74207.0
2018-05-15 09:33:04.340,220695,219705,S,,20180515,742.01,93304340,100,74201.0
2018-05-15 09:33:04.340,220695,220049,S,,20180515,742.01,93304340,100,74201.0
2018-05-15 09:33:05.020,220334,221001,B,,20180515,742.07,93305020,500,371035.0
2018-05-15 09:33:06.650,220334,221674,B,,20180515,742.07,93306650,100,74207.0
2018-05-15 09:33:06.650,220615,221674,B,,20180515,742.41,93306650,100,74241.0
2018-05-15 09:33:06.650,221056,221674,B,,20180515,742.64,93306650,100,74264.0
2018-05-15 09:33:06.650,219892,221674,B,,20180515,742.65,93306650,200,148530.0
2018-05-15 09:33:06.710,221710,220740,S,,20180515,742.01,93306710,100,74201.0
2018-05-15 09:33:06.990,221865,221886,B,,20180515,742.06,93306990,100,74206.0
2018-05-15 09:33:07.390,222038,221917,S,,20180515,742.41,93307390,100,74241.0
2018-05-15 09:33:07.610,222014,222125,B,,20180515,742.42,93307610,100,74242.0
2018-05-15 09:33:07.660,222149,221917,S,,20180515,742.41,93307660,100,74241.0
2018-05-15 09:33:08.420,222486,221917,S,,20180515,742.41,93308420,800,593928.0
2018-05-15 09:33:08.420,222486,222353,S,,20180515,742.41,93308420,100,74241.0
2018-05-15 09:33:09.590,222486,222957,B,,20180515,742.4,93309590,100,74240.0
2018-05-15 09:33:09.720,223012,222738,S,,20180515,742.07,93309720,100,74207.0
2018-05-15 09:33:10.490,223012,223324,B,,20180515,742.07,93310490,100,74207.0
2018-05-15 09:33:10.980,223505,221957,S,,20180515,742.01,93310980,100,74201.0
2018-05-15 09:33:11.080,223012,223551,B,,20180515,742.07,93311080,200,148414.0
2018-05-15 09:33:11.160,223588,223552,S,,20180515,742.06,93311160,100,74206.0
2018-05-15 09:33:11.310,223655,221974,S,,20180515,742.01,93311310,100,74201.0
2018-05-15 09:33:11.770,223833,221974,S,,20180515,742.01,93311770,100,74201.0
2018-05-15 09:33:11.840,223859,221974,S,,20180515,742.01,93311840,100,74201.0
2018-05-15 09:33:12.980,223012,224290,B,,20180515,742.07,93312980,200,148414.0
2018-05-15 09:33:12.980,223368,224290,B,,20180515,742.07,93312980,100,74207.0
2018-05-15 09:33:12.980,222486,224290,B,,20180515,742.4,93312980,700,519680.0
2018-05-15 09:33:13.250,224393,224380,S,,20180515,742.07,93313250,300,222621.00000000003
2018-05-15 09:33:13.250,224393,221974,S,,20180515,742.01,93313250,1700,1261417.0
2018-05-15 09:33:14.200,224818,224500,S,,20180515,742.07,93314200,100,74207.0
2018-05-15 09:33:14.230,224832,222610,S,,20180515,742.01,93314230,100,74201.0
2018-05-15 09:33:14.580,224818,224950,B,,20180515,742.07,93314580,100,74207.0
2018-05-15 09:33:14.890,225071,224616,S,,20180515,742.01,93314890,100,74201.0
2018-05-15 09:33:15.640,225204,225358,B,,20180515,742.01,93315640,100,74201.0
2018-05-15 09:33:16.870,225838,225862,B,,20180515,742.01,93316870,100,74201.0
2018-05-15 09:33:17.000,225901,225862,S,,20180515,742.01,93317000,100,74201.0
2018-05-15 09:33:17.760,224818,226229,B,,20180515,742.07,93317760,100,74207.0
2018-05-15 09:33:18.730,226602,214634,S,,20180515,742.0,93318730,100,74200.0
2018-05-15 09:33:18.820,226450,226646,B,,20180515,742.01,93318820,100,74201.0
2018-05-15 09:33:19.240,226450,226857,B,,20180515,742.01,93319240,1800,1335618.0
2018-05-15 09:33:19.300,226887,214634,S,,20180515,742.0,93319300,100,74200.0
2018-05-15 09:33:20.110,227224,214634,S,,20180515,742.0,93320110,100,74200.0
2018-05-15 09:33:20.370,226450,227307,B,,20180515,742.01,93320370,200,148402.0
2018-05-15 09:33:20.370,226664,227307,B,,20180515,742.01,93320370,200,148402.0
2018-05-15 09:33:20.370,226668,227307,B,,20180515,742.01,93320370,200,148402.0
2018-05-15 09:33:20.370,226817,227307,B,,20180515,742.01,93320370,100,74201.0
2018-05-15 09:33:20.510,222486,227350,B,,20180515,742.4,93320510,100,74240.0
2018-05-15 09:33:20.510,227358,227307,S,,20180515,742.01,93320510,100,74201.0
2018-05-15 09:33:20.960,227561,227307,S,,20180515,742.01,93320960,2000,1484020.0
2018-05-15 09:33:21.480,227745,227307,S,,20180515,742.01,93321480,1000,742010.0
2018-05-15 09:33:22.180,228035,227307,S,,20180515,742.01,93322180,100,74201.0
2018-05-15 09:33:22.560,222486,228204,B,,20180515,742.4,93322560,200,148480.0
2018-05-15 09:33:22.560,228208,228143,S,,20180515,742.02,93322560,100,74202.0
2018-05-15 09:33:22.770,228284,228143,S,,20180515,742.02,93322770,100,74202.0
2018-05-15 09:33:23.140,228434,228143,S,,20180515,742.02,93323140,100,74202.0
2018-05-15 09:33:24.650,229010,228478,S,,20180515,742.07,93324650,100,74207.0
2018-05-15 09:33:24.680,229048,228143,S,,20180515,742.02,93324680,200,148404.0
2018-05-15 09:33:24.770,229067,228143,S,,20180515,742.02,93324770,400,296808.0
2018-05-15 09:33:25.890,229363,229532,B,,20180515,742.12,93325890,200,148424.0
2018-05-15 09:33:25.890,222486,229532,B,,20180515,742.4,93325890,100,74240.0
2018-05-15 09:33:26.520,222486,229745,B,,20180515,742.4,93326520,900,668160.0
2018-05-15 09:33:26.520,228888,229745,B,,20180515,742.4,93326520,100,74240.0
2018-05-15 09:33:26.930,228888,229917,B,,20180515,742.4,93326930,500,371200.0
2018-05-15 09:33:27.700,230198,229600,S,,20180515,742.07,93327700,100,74207.0
2018-05-15 09:33:27.840,230239,229600,S,,20180515,742.07,93327840,100,74207.0
2018-05-15 09:33:27.990,230300,229600,S,,20180515,742.07,93327990,100,74207.0
2018-05-15 09:33:28.330,228888,230419,B,,20180515,742.4,93328330,100,74240.0
2018-05-15 09:33:28.330,230432,230134,S,,20180515,742.07,93328330,100,74207.0
2018-05-15 09:33:28.620,230544,230161,S,,20180515,742.07,93328620,200,148414.0
2018-05-15 09:33:28.730,230583,230518,S,,20180515,742.07,93328730,100,74207.0
2018-05-15 09:33:28.910,230041,230641,B,,20180515,742.4,93328910,100,74240.0
2018-05-15 09:33:28.910,230101,230641,B,,20180515,742.4,93328910,100,74240.0
2018-05-15 09:33:29.030,230689,230641,S,,20180515,742.41,93329030,600,445446.0
2018-05-15 09:33:29.030,230692,230641,S,,20180515,742.41,93329030,200,148482.0
2018-05-15 09:33:29.560,230918,230641,S,,20180515,742.41,93329560,1000,742410.0
2018-05-15 09:33:29.560,230918,229599,S,,20180515,742.06,93329560,100,74206.0
2018-05-15 09:33:29.770,230986,229599,S,,20180515,742.06,93329770,100,74206.0
2018-05-15 09:33:29.770,230986,228143,S,,20180515,742.02,93329770,100,74202.0
2018-05-15 09:33:29.790,231002,228143,S,,20180515,742.02,93329790,200,148404.0
2018-05-15 09:33:29.890,231025,228143,S,,20180515,742.02,93329890,1000,742020.0
2018-05-15 09:33:29.990,231064,228143,S,,20180515,742.02,93329990,800,593616.0
2018-05-15 09:33:30.160,231064,231134,B,,20180515,742.02,93330160,100,74202.0
2018-05-15 09:33:31.310,231639,231136,S,,20180515,742.07,93331310,3,2226.21
2018-05-15 09:33:31.310,231640,231136,S,,20180515,742.07,93331310,11,8162.77
2018-05-15 09:33:31.730,231819,231546,S,,20180515,742.07,93331730,100,74207.0
2018-05-15 09:33:32.680,232209,231949,S,,20180515,742.5,93332680,200,148500.0
2018-05-15 09:33:33.980,232731,232570,S,,20180515,742.55,93333980,100,74255.0
2018-05-15 09:33:34.540,219892,232979,B,,20180515,742.65,93334540,500,371325.0
2018-05-15 09:33:34.610,233005,232570,S,,20180515,742.55,93334610,300,222765.0
2018-05-15 09:33:34.610,233005,231949,S,,20180515,742.5,93334610,100,74250.0
2018-05-15 09:33:35.050,233168,231949,S,,20180515,742.5,93335050,400,297000.0
2018-05-15 09:33:36.100,219892,233574,B,,20180515,742.65,93336100,400,297060.0
2018-05-15 09:33:36.670,233791,231949,S,,20180515,742.5,93336670,1300,965250.0
2018-05-15 09:33:36.670,233791,233146,S,,20180515,742.5,93336670,300,222750.0
2018-05-15 09:33:36.670,233791,233214,S,,20180515,742.5,93336670,100,74250.0
2018-05-15 09:33:36.670,233791,233147,S,,20180515,742.49,93336670,100,74249.0
2018-05-15 09:33:36.670,233791,232937,S,,20180515,742.4,93336670,100,74240.0
2018-05-15 09:33:36.670,233791,233394,S,,20180515,742.4,93336670,100,74240.0
2018-05-15 09:33:36.670,233794,233394,S,,20180515,742.4,93336670,300,222720.0
2018-05-15 09:33:36.670,233794,233782,S,,20180515,742.4,93336670,100,74240.0
2018-05-15 09:33:36.760,233842,232756,S,,20180515,742.3,93336760,500,371150.0
