,AskOrder,BidOrder,BSFlags,FunctionCode,Date,Price,Time,Volume,Amount
2018-05-10 09:24:59.300,54757,53601,S,,20180510,703.5,92459300,600,422100.0
2018-05-10 09:24:59.300,54757,54758,B,,20180510,703.5,92459300,40964,28818174.0
2018-05-10 09:24:59.300,59899,54758,S,,20180510,703.5,92459300,636,447426.0
2018-05-10 09:24:59.300,59899,60895,B,,20180510,703.5,92459300,164,115374.0
2018-05-10 09:24:59.300,68662,60895,S,,20180510,703.5,92459300,936,658476.0
2018-05-10 09:24:59.300,68662,62916,S,,20180510,703.5,92459300,3900,2743650.0
2018-05-10 09:24:59.300,68662,65622,S,,20180510,703.5,92459300,100,70350.0
2018-05-10 09:24:59.300,68662,65623,S,,20180510,703.5,92459300,100,70350.0
2018-05-10 09:24:59.300,68662,22884,S,,20180510,703.5,92459300,200,140700.0
2018-05-10 09:24:59.300,68662,27352,S,,20180510,703.5,92459300,100,70350.0
2018-05-10 09:24:59.300,68662,75587,B,,20180510,703.5,92459300,1364,959574.0
2018-05-10 09:24:59.300,75632,75587,S,,20180510,703.5,92459300,500,351750.0
2018-05-10 09:24:59.300,87166,75587,S,,20180510,703.5,92459300,100,70350.0
2018-05-10 09:24:59.300,103939,75587,S,,20180510,703.5,92459300,100,70350.0
2018-05-10 09:24:59.300,40550,75587,B,,20180510,703.5,92459300,100,70350.0
2018-05-10 09:24:59.300,40552,75587,B,,20180510,703.5,92459300,100,70350.0
2018-05-10 09:24:59.300,71659,75587,B,,20180510,703.5,92459300,100,70350.0
2018-05-10 09:24:59.300,71660,75587,B,,20180510,703.5,92459300,436,306726.0
2018-05-10 09:24:59.300,71660,75585,B,,20180510,703.5,92459300,364,256074.0
2018-05-10 09:24:59.300,15818,75585,B,,20180510,703.5,92459300,136,95676.0
2018-05-10 09:24:59.300,15818,80339,B,,20180510,703.5,92459300,64,45024.0
2018-05-10 09:24:59.300,26081,80339,B,,20180510,703.5,92459300,100,70350.0
2018-05-10 09:24:59.300,71893,80339,B,,20180510,703.5,92459300,100,70350.0
2018-05-10 09:24:59.300,19851,80339,B,,20180510,703.5,92459300,100,70350.0
2018-05-10 09:24:59.300,70176,80339,B,,20180510,703.5,92459300,100,70350.0
2018-05-10 09:24:59.300,86223,80339,S,,20180510,703.5,92459300,700,492450.0
2018-05-10 09:24:59.300,98997,80339,S,,20180510,703.5,92459300,600,422100.0
2018-05-10 09:24:59.300,100706,80339,S,,20180510,703.5,92459300,300,211050.0
2018-05-10 09:24:59.300,100846,80339,S,,20180510,703.5,92459300,100,70350.0
2018-05-10 09:24:59.300,101497,80339,S,,20180510,703.5,92459300,100,70350.0
2018-05-10 09:24:59.300,104360,80339,S,,20180510,703.5,92459300,136,95676.0
2018-05-10 09:24:59.300,104360,95093,S,,20180510,703.5,92459300,100,70350.0
2018-05-10 09:24:59.300,104360,105656,B,,20180510,703.5,92459300,100,70350.0
2018-05-10 09:24:59.300,104360,105588,B,,20180510,703.5,92459300,664,467124.0
2018-05-10 09:24:59.300,106560,105588,S,,20180510,703.5,92459300,500,351750.0
2018-05-10 09:24:59.300,98806,105588,B,,20180510,703.5,92459300,36,25326.0
2018-05-10 09:24:59.300,98806,105937,B,,20180510,703.5,92459300,964,678174.0
2018-05-10 09:24:59.300,101047,105937,B,,20180510,703.5,92459300,236,166026.0
2018-05-10 09:24:59.300,101047,106906,B,,20180510,703.5,92459300,1200,844200.0
2018-05-10 09:24:59.300,101047,100589,S,,20180510,703.5,92459300,100,70350.0
2018-05-10 09:24:59.300,101047,101468,B,,20180510,703.5,92459300,200,140700.0
2018-05-10 09:24:59.300,101047,83764,S,,20180510,703.5,92459300,100,70350.0
2018-05-10 09:24:59.300,101047,100244,S,,20180510,703.5,92459300,64,45024.0
2018-05-10 09:24:59.300,103500,100244,S,,20180510,703.5,92459300,236,166026.0
2018-05-10 09:24:59.300,103500,93443,S,,20180510,703.5,92459300,664,467124.0
2018-05-10 09:24:59.300,102603,93443,S,,20180510,703.5,92459300,100,70350.0
2018-05-10 09:24:59.300,85179,93443,B,,20180510,703.5,92459300,100,70350.0
2018-05-10 09:24:59.300,95846,93443,S,,20180510,703.5,92459300,100,70350.0
2018-05-10 09:24:59.300,341,93443,B,,20180510,703.5,92459300,836,588126.0
2018-05-10 09:24:59.300,341,100325,B,,20180510,703.5,92459300,700,492450.0
2018-05-10 09:24:59.300,341,106919,B,,20180510,703.5,92459300,3464,2436924.0
2018-05-10 09:24:59.300,1379,106919,B,,20180510,703.5,92459300,100,70350.0
2018-05-10 09:24:59.300,22589,106919,B,,20180510,703.5,92459300,100,70350.0
2018-05-10 09:24:59.300,70018,106919,B,,20180510,703.5,92459300,100,70350.0
2018-05-10 09:24:59.300,83036,106919,B,,20180510,703.5,92459300,100,70350.0
2018-05-10 09:24:59.300,41730,106919,B,,20180510,703.5,92459300,100,70350.0
2018-05-10 09:24:59.300,46891,106919,B,,20180510,703.5,92459300,200,140700.0
2018-05-10 09:24:59.300,96246,106919,B,,20180510,703.5,92459300,500,351750.0
2018-05-10 09:24:59.300,100645,106919,B,,20180510,703.5,92459300,100,70350.0
2018-05-10 09:24:59.300,100675,106919,B,,20180510,703.5,92459300,136,95676.0
2018-05-10 09:24:59.300,100675,102125,B,,20180510,703.5,92459300,300,211050.0
2018-05-10 09:24:59.300,100675,97509,S,,20180510,703.5,92459300,3000,2110500.0
2018-05-10 09:24:59.300,100675,95321,S,,20180510,703.5,92459300,100,70350.0
2018-05-10 09:24:59.300,100675,98931,S,,20180510,703.5,92459300,300,211050.0
2018-05-10 09:24:59.300,100675,101787,B,,20180510,703.5,92459300,300,211050.0
2018-05-10 09:24:59.300,100675,102712,B,,20180510,703.5,92459300,100,70350.0
2018-05-10 09:24:59.300,100675,97657,S,,20180510,703.5,92459300,800,562800.0
2018-05-10 09:24:59.300,100675,98769,S,,20180510,703.5,92459300,300,211050.0
2018-05-10 09:24:59.300,100675,100761,B,,20180510,703.5,92459300,2300,1618050.0
2018-05-10 09:24:59.300,100675,102165,B,,20180510,703.5,92459300,100,70350.0
2018-05-10 09:24:59.300,100675,104328,B,,20180510,703.5,92459300,264,185724.0
2018-05-10 09:24:59.300,102806,104328,B,,20180510,703.5,92459300,100,70350.0
2018-05-10 09:24:59.300,106114,104328,S,,20180510,703.5,92459300,600,422100.0
2018-05-10 09:24:59.300,22860,104328,B,,20180510,703.5,92459300,1836,1291626.0
2018-05-10 09:24:59.300,22860,106078,B,,20180510,703.5,92459300,1000,703500.0
2018-05-10 09:24:59.300,22860,103138,B,,20180510,703.5,92459300,200,140700.0
2018-05-10 09:24:59.300,22860,93849,B,,20180510,703.5,92459300,100,70350.0
2018-05-10 09:24:59.300,22860,93315,B,,20180510,703.5,92459300,100,70350.0
2018-05-10 09:24:59.300,22860,94231,B,,20180510,703.5,92459300,100,70350.0
2018-05-10 09:24:59.300,22860,95201,B,,20180510,703.5,92459300,100,70350.0
2018-05-10 09:24:59.300,22860,100769,B,,20180510,703.5,92459300,100,70350.0
2018-05-10 09:24:59.300,22860,104318,B,,20180510,703.5,92459300,1464,1029924.0
2018-05-10 09:24:59.300,69501,104318,B,,20180510,703.5,92459300,100,70350.0
2018-05-10 09:24:59.300,94559,104318,B,,20180510,703.5,92459300,1000,703500.0
2018-05-10 09:24:59.300,97973,104318,B,,20180510,703.5,92459300,500,351750.0
2018-05-10 09:24:59.300,105210,104318,S,,20180510,703.5,92459300,100,70350.0
2018-05-10 09:24:59.300,99009,104318,B,,20180510,703.5,92459300,100,70350.0
2018-05-10 09:24:59.300,106767,104318,S,,20180510,703.5,92459300,364,256074.0
2018-05-10 09:29:59.390,96266,108019,B,,20180510,704.54,92959390,100,70454.0
2018-05-10 09:29:59.390,106768,108019,B,,20180510,704.67,92959390,156,109928.51999999999
2018-05-10 09:29:59.390,72998,108019,B,,20180510,704.98,92959390,100,70498.0
2018-05-10 09:29:59.390,8933,108019,B,,20180510,704.99,92959390,200,140998.0
2018-05-10 09:29:59.390,888,108019,B,,20180510,705.0,92959390,500,352500.0
2018-05-10 09:29:59.390,19036,108019,B,,20180510,705.0,92959390,1144,806520.0
2018-05-10 09:29:59.390,19036,108066,B,,20180510,705.0,92959390,556,391980.0
2018-05-10 09:29:59.390,50768,108066,B,,20180510,705.0,92959390,44,31020.0
2018-05-10 09:29:59.450,108366,108570,B,,20180510,704.5,92959450,100,70450.0
2018-05-10 09:29:59.480,108928,107281,S,,20180510,704.0,92959480,300,211200.0
2018-05-10 09:29:59.650,110702,107300,S,,20180510,704.0,92959650,100,70400.0
2018-05-10 09:29:59.650,50768,110750,B,,20180510,705.0,92959650,456,321480.0
2018-05-10 09:29:59.650,53321,110750,B,,20180510,705.0,92959650,44,31020.0
2018-05-10 09:29:59.650,110759,107300,S,,20180510,704.0,92959650,500,352000.0
2018-05-10 09:30:00.140,116512,111209,S,,20180510,704.54,93000140,100,70454.0
2018-05-10 09:30:00.170,111828,117112,B,,20180510,704.96,93000170,100,70496.0
2018-05-10 09:30:00.280,117843,118488,B,,20180510,704.9,93000280,100,70490.0
2018-05-10 09:30:00.430,120130,111209,S,,20180510,704.54,93000430,200,140908.0
2018-05-10 09:30:00.430,120321,111209,S,,20180510,704.54,93000430,200,140908.0
2018-05-10 09:30:00.560,120969,122034,B,,20180510,704.95,93000560,100,70495.0
2018-05-10 09:30:00.560,116274,122034,B,,20180510,704.99,93000560,200,140998.0
2018-05-10 09:30:00.560,122061,121392,S,,20180510,704.56,93000560,100,70456.0
2018-05-10 09:30:00.600,120269,122286,B,,20180510,704.99,93000600,500,352495.0
2018-05-10 09:30:00.600,53321,122286,B,,20180510,705.0,93000600,456,321480.0
2018-05-10 09:30:00.600,56230,122286,B,,20180510,705.0,93000600,100,70500.0
2018-05-10 09:30:00.600,75890,122286,B,,20180510,705.0,93000600,100,70500.0
2018-05-10 09:30:00.770,123736,122286,S,,20180510,705.0,93000770,100,70500.0
2018-05-10 09:30:01.010,125117,122286,S,,20180510,705.0,93001010,100,70500.0
2018-05-10 09:30:01.010,125141,122286,S,,20180510,705.0,93001010,100,70500.0
2018-05-10 09:30:01.110,25524,125522,B,,20180510,705.04,93001110,100,70504.0
2018-05-10 09:30:01.110,125964,122286,S,,20180510,705.0,93001110,100,70500.0
2018-05-10 09:30:01.170,127250,122286,S,,20180510,705.0,93001170,100,70500.0
2018-05-10 09:30:01.170,127264,122286,S,,20180510,705.0,93001170,200,141000.0
2018-05-10 09:30:01.260,128567,122286,S,,20180510,705.0,93001260,100,70500.0
2018-05-10 09:30:01.470,132678,122286,S,,20180510,705.0,93001470,100,70500.0
2018-05-10 09:30:01.470,133234,122286,S,,20180510,705.0,93001470,100,70500.0
2018-05-10 09:30:01.570,133516,122286,S,,20180510,705.0,93001570,100,70500.0
2018-05-10 09:30:01.570,134395,122286,S,,20180510,705.0,93001570,100,70500.0
2018-05-10 09:30:01.650,135165,122286,S,,20180510,705.0,93001650,1500,1057500.0
2018-05-10 09:30:01.650,135339,122286,S,,20180510,705.0,93001650,600,423000.0
2018-05-10 09:30:01.720,135936,122286,S,,20180510,705.0,93001720,100,70500.0
2018-05-10 09:30:01.720,135969,122286,S,,20180510,705.0,93001720,100,70500.0
2018-05-10 09:30:01.840,136819,122286,S,,20180510,705.0,93001840,100,70500.0
2018-05-10 09:30:01.920,138067,122286,S,,20180510,705.0,93001920,300,211500.0
2018-05-10 09:30:01.990,138728,122286,S,,20180510,705.0,93001990,100,70500.0
2018-05-10 09:30:02.060,139330,122286,S,,20180510,705.0,93002060,100,70500.0
2018-05-10 09:30:02.090,139695,122286,S,,20180510,705.0,93002090,4,2820.0
2018-05-10 09:30:02.220,141114,122286,S,,20180510,705.0,93002220,200,141000.0
2018-05-10 09:30:02.320,141953,122286,S,,20180510,705.0,93002320,100,70500.0
2018-05-10 09:30:02.320,141962,122286,S,,20180510,705.0,93002320,300,211500.0
2018-05-10 09:30:02.350,142110,122286,S,,20180510,705.0,93002350,100,70500.0
2018-05-10 09:30:02.350,142242,122286,S,,20180510,705.0,93002350,600,423000.0
2018-05-10 09:30:02.490,91869,143151,B,,20180510,705.1,93002490,100,70510.0
2018-05-10 09:30:02.780,145036,122286,S,,20180510,705.0,93002780,100,70500.0
2018-05-10 09:30:02.940,56515,145868,B,,20180510,705.3,93002940,100,70530.0
2018-05-10 09:30:03.330,91756,147475,B,,20180510,705.3,93003330,100,70530.0
2018-05-10 09:30:03.360,147491,122286,S,,20180510,705.0,93003360,100,70500.0
2018-05-10 09:30:03.360,147512,122286,S,,20180510,705.0,93003360,500,352500.0
2018-05-10 09:30:03.410,147696,122286,S,,20180510,705.0,93003410,100,70500.0
2018-05-10 09:30:03.410,147711,122286,S,,20180510,705.0,93003410,100,70500.0
2018-05-10 09:30:03.410,132489,147760,B,,20180510,705.38,93003410,100,70538.0
2018-05-10 09:30:03.480,147997,122286,S,,20180510,705.0,93003480,100,70500.0
2018-05-10 09:30:03.760,148814,122286,S,,20180510,705.0,93003760,100,70500.0
2018-05-10 09:30:03.930,149289,149034,S,,20180510,705.1,93003930,100,70510.0
2018-05-10 09:30:03.930,149289,149204,S,,20180510,705.1,93003930,100,70510.0
2018-05-10 09:30:04.740,150805,149204,S,,20180510,705.1,93004740,100,70510.0
2018-05-10 09:30:04.890,151863,150448,S,,20180510,705.1,93004890,100,70510.0
2018-05-10 09:30:04.890,151863,122286,S,,20180510,705.0,93004890,100,70500.0
2018-05-10 09:30:05.290,153673,122286,S,,20180510,705.0,93005290,100,70500.0
2018-05-10 09:30:06.650,140304,156166,B,,20180510,705.5,93006650,100,70550.0
2018-05-10 09:30:06.650,98199,156166,B,,20180510,705.8,93006650,100,70580.0
2018-05-10 09:30:07.650,156922,156166,S,,20180510,705.8,93007650,300,211740.0
2018-05-10 09:30:07.650,156922,156781,S,,20180510,705.1,93007650,1200,846120.0
2018-05-10 09:30:09.960,56258,157955,B,,20180510,705.88,93009960,100,70588.0
2018-05-10 09:30:12.780,158858,159135,B,,20180510,705.5,93012780,1000,705500.0
2018-05-10 09:30:13.960,159558,159380,S,,20180510,705.81,93013960,100,70581.0
2018-05-10 09:30:13.960,159558,159237,S,,20180510,705.5,93013960,200,141100.0
2018-05-10 09:30:13.960,159558,159240,S,,20180510,705.5,93013960,200,141100.0
2018-05-10 09:30:15.690,159558,160139,B,,20180510,705.5,93015690,300,211650.0
2018-05-10 09:30:15.850,159558,160208,B,,20180510,705.5,93015850,200,141100.0
2018-05-10 09:30:16.580,160495,160208,S,,20180510,705.5,93016580,200,141100.0
2018-05-10 09:30:18.270,161113,160208,S,,20180510,705.5,93018270,200,141100.0
2018-05-10 09:30:18.750,161295,161255,S,,20180510,705.51,93018750,100,70551.0
2018-05-10 09:30:19.410,160377,161609,B,,20180510,705.8,93019410,100,70580.0
2018-05-10 09:30:20.010,161841,161255,S,,20180510,705.51,93020010,200,141102.0
2018-05-10 09:30:20.210,161233,161916,B,,20180510,705.8,93020210,100,70580.0
2018-05-10 09:30:20.420,161997,161255,S,,20180510,705.51,93020420,1000,705510.0
2018-05-10 09:30:21.140,109994,162241,B,,20180510,705.89,93021140,100,70589.0
2018-05-10 09:30:21.640,109994,162413,B,,20180510,705.89,93021640,100,70589.0
2018-05-10 09:30:21.740,162466,162407,S,,20180510,705.81,93021740,300,211742.99999999997
2018-05-10 09:30:21.820,109994,162497,B,,20180510,705.89,93021820,300,211767.0
2018-05-10 09:30:22.490,111983,162830,B,,20180510,705.95,93022490,100,70595.0
2018-05-10 09:30:22.510,162834,162497,S,,20180510,705.89,93022510,100,70589.0
2018-05-10 09:30:23.340,163121,162685,S,,20180510,705.89,93023340,400,282356.0
2018-05-10 09:30:23.810,163298,162685,S,,20180510,705.89,93023810,100,70589.0
2018-05-10 09:30:24.310,163470,162685,S,,20180510,705.89,93024310,200,141178.0
2018-05-10 09:30:24.310,163470,163170,S,,20180510,705.89,93024310,300,211767.0
2018-05-10 09:30:24.380,163493,163170,S,,20180510,705.89,93024380,300,211767.0
2018-05-10 09:30:24.550,163575,163170,S,,20180510,705.89,93024550,700,494123.0
2018-05-10 09:30:24.640,163575,163606,B,,20180510,705.89,93024640,400,282356.0
2018-05-10 09:30:24.980,128264,163763,B,,20180510,705.98,93024980,100,70598.0
2018-05-10 09:30:25.050,162683,163805,B,,20180510,705.98,93025050,500,352990.0
2018-05-10 09:30:25.100,163826,163606,S,,20180510,705.9,93025100,500,352950.0
2018-05-10 09:30:25.200,163862,163832,S,,20180510,705.95,93025200,100,70595.0
2018-05-10 09:30:25.200,163865,163016,S,,20180510,705.88,93025200,600,423528.0
2018-05-10 09:30:25.200,163865,162407,S,,20180510,705.81,93025200,400,282324.0
2018-05-10 09:30:25.250,62953,163886,B,,20180510,706.0,93025250,100,70600.0
2018-05-10 09:30:25.250,161175,163886,B,,20180510,706.0,93025250,100,70600.0
2018-05-10 09:30:25.250,161978,163886,B,,20180510,706.0,93025250,100,70600.0
2018-05-10 09:30:25.250,153314,163886,B,,20180510,706.06,93025250,100,70606.0
2018-05-10 09:30:25.460,163887,163964,B,,20180510,705.89,93025460,200,141178.0
2018-05-10 09:30:25.850,164170,163964,S,,20180510,705.98,93025850,100,70598.0
2018-05-10 09:30:26.950,164572,163991,S,,20180510,705.98,93026950,500,352990.0
2018-05-10 09:30:27.290,164695,164127,S,,20180510,705.89,93027290,100,70589.0
2018-05-10 09:30:27.290,164695,162407,S,,20180510,705.81,93027290,100,70581.0
2018-05-10 09:30:27.620,164368,164817,B,,20180510,705.99,93027620,100,70599.0
2018-05-10 09:30:27.890,164983,164851,S,,20180510,705.98,93027890,100,70598.0
2018-05-10 09:30:30.500,164761,166104,B,,20180510,706.0,93030500,100,70600.0
2018-05-10 09:30:30.610,153314,166141,B,,20180510,706.06,93030610,500,353030.0
2018-05-10 09:30:30.680,153314,166185,B,,20180510,706.06,93030680,300,211817.99999999997
2018-05-10 09:30:31.360,166521,166104,S,,20180510,706.0,93031360,100,70600.0
2018-05-10 09:30:31.360,166521,164851,S,,20180510,705.98,93031360,100,70598.0
2018-05-10 09:30:32.750,167111,164851,S,,20180510,705.98,93032750,100,70598.0
2018-05-10 09:30:32.950,167178,164851,S,,20180510,705.98,93032950,300,211794.0
2018-05-10 09:30:33.000,166598,167198,B,,20180510,706.0,93033000,200,141200.0
2018-05-10 09:30:33.380,167349,166928,S,,20180510,705.98,93033380,100,70598.0
2018-05-10 09:30:33.380,167354,162407,S,,20180510,705.81,93033380,200,141162.0
2018-05-10 09:30:33.480,166598,167402,B,,20180510,706.0,93033480,300,211800.0
2018-05-10 09:30:33.680,166598,167496,B,,20180510,706.0,93033680,100,70600.0
2018-05-10 09:30:33.680,166598,167504,B,,20180510,706.0,93033680,200,141200.0
2018-05-10 09:30:33.860,166598,167603,B,,20180510,706.0,93033860,100,70600.0
2018-05-10 09:30:34.490,167936,167603,S,,20180510,706.0,93034490,100,70600.0
2018-05-10 09:30:34.650,168012,167603,S,,20180510,706.0,93034650,100,70600.0
2018-05-10 09:30:35.070,168217,167665,S,,20180510,706.0,93035070,100,70600.0
2018-05-10 09:30:35.170,168217,168262,B,,20180510,706.0,93035170,400,282400.0
2018-05-10 09:30:35.560,168426,168262,S,,20180510,706.0,93035560,100,70600.0
2018-05-10 09:30:35.560,168426,168309,S,,20180510,706.0,93035560,100,70600.0
2018-05-10 09:30:35.730,168500,168309,S,,20180510,706.0,93035730,100,70600.0
2018-05-10 09:30:35.870,168546,168309,S,,20180510,706.0,93035870,100,70600.0
2018-05-10 09:30:36.020,168601,168254,S,,20180510,705.99,93036020,100,70599.0
2018-05-10 09:30:36.070,168625,168254,S,,20180510,705.99,93036070,100,70599.0
2018-05-10 09:30:36.140,168642,168254,S,,20180510,705.99,93036140,200,141198.0
2018-05-10 09:30:36.620,168871,167406,S,,20180510,705.98,93036620,100,70598.0
2018-05-10 09:30:36.850,168861,169038,B,,20180510,706.0,93036850,200,141200.0
2018-05-10 09:30:37.730,169459,169462,B,,20180510,706.0,93037730,100,70600.0
2018-05-10 09:30:38.400,153314,169740,B,,20180510,706.06,93038400,100,70606.0
2018-05-10 09:30:38.420,169463,169754,B,,20180510,706.06,93038420,100,70606.0
2018-05-10 09:30:39.040,169988,169876,S,,20180510,706.13,93039040,100,70613.0
2018-05-10 09:30:39.600,29805,170220,B,,20180510,706.28,93039600,100,70628.0
2018-05-10 09:30:39.600,59250,170220,B,,20180510,706.43,93039600,100,70643.0
2018-05-10 09:30:39.600,135442,170220,B,,20180510,706.43,93039600,100,70643.0
2018-05-10 09:30:43.290,171886,171143,S,,20180510,706.06,93043290,100,70606.0
2018-05-10 09:30:43.400,171952,171143,S,,20180510,706.06,93043400,100,70606.0
2018-05-10 09:30:43.400,171952,169904,S,,20180510,706.02,93043400,400,282408.0
2018-05-10 09:30:45.040,172711,169904,S,,20180510,706.02,93045040,100,70602.0
2018-05-10 09:30:45.660,172288,172970,B,,20180510,706.06,93045660,100,70606.0
2018-05-10 09:30:45.910,173136,173095,S,,20180510,706.16,93045910,100,70616.0
2018-05-10 09:30:46.100,59595,173208,B,,20180510,706.5,93046100,100,70650.0
2018-05-10 09:30:46.120,173221,173183,S,,20180510,706.06,93046120,200,141212.0
2018-05-10 09:30:46.120,173221,171094,S,,20180510,706.0,93046120,100,70600.0
2018-05-10 09:30:46.120,173221,171271,S,,20180510,706.0,93046120,100,70600.0
2018-05-10 09:30:46.120,173221,171423,S,,20180510,706.0,93046120,100,70600.0
2018-05-10 09:30:46.780,173521,167737,S,,20180510,705.98,93046780,100,70598.0
2018-05-10 09:30:47.280,173221,173749,B,,20180510,706.0,93047280,400,282400.0
2018-05-10 09:30:48.110,173221,174118,B,,20180510,706.0,93048110,100,70600.0
2018-05-10 09:30:49.320,174453,174719,B,,20180510,706.49,93049320,100,70649.0
2018-05-10 09:30:49.470,174225,174798,B,,20180510,706.5,93049470,100,70650.0
2018-05-10 09:30:50.480,175269,175014,S,,20180510,706.06,93050480,100,70606.0
2018-05-10 09:30:50.480,175269,174730,S,,20180510,706.0,93050480,300,211800.0
2018-05-10 09:30:50.620,174225,175334,B,,20180510,706.5,93050620,300,211950.0
2018-05-10 09:30:51.160,174225,175583,B,,20180510,706.5,93051160,100,70650.0
2018-05-10 09:30:51.260,174225,175629,B,,20180510,706.5,93051260,100,70650.0
2018-05-10 09:30:51.290,174225,175636,B,,20180510,706.5,93051290,100,70650.0
2018-05-10 09:30:51.390,174225,175699,B,,20180510,706.5,93051390,100,70650.0
2018-05-10 09:30:51.420,174225,175713,B,,20180510,706.5,93051420,100,70650.0
2018-05-10 09:30:51.450,174225,175729,B,,20180510,706.5,93051450,100,70650.0
2018-05-10 09:30:51.480,174225,175733,B,,20180510,706.5,93051480,100,70650.0
2018-05-10 09:30:52.310,176137,176060,S,,20180510,706.06,93052310,100,70606.0
2018-05-10 09:30:53.310,176580,176238,S,,20180510,706.37,93053310,100,70637.0
2018-05-10 09:30:53.310,174225,176595,B,,20180510,706.5,93053310,400,282600.0
2018-05-10 09:30:53.310,174622,176595,B,,20180510,706.5,93053310,100,70650.0
2018-05-10 09:30:53.310,175786,176595,B,,20180510,706.5,93053310,100,70650.0
2018-05-10 09:30:53.570,176722,176283,S,,20180510,706.3,93053570,100,70630.0
2018-05-10 09:30:53.630,176745,176283,S,,20180510,706.3,93053630,100,70630.0
2018-05-10 09:30:54.310,176830,177040,B,,20180510,706.5,93054310,100,70650.0
2018-05-10 09:30:54.820,177301,176283,S,,20180510,706.3,93054820,500,353150.0
2018-05-10 09:30:54.820,177301,177048,S,,20180510,706.06,93054820,100,70606.0
2018-05-10 09:30:54.820,177301,174730,S,,20180510,706.0,93054820,200,141200.0
2018-05-10 09:30:54.820,177301,175404,S,,20180510,706.0,93054820,100,70600.0
2018-05-10 09:30:54.920,177301,177359,B,,20180510,706.0,93054920,100,70600.0
2018-05-10 09:30:55.030,177301,177399,B,,20180510,706.0,93055030,100,70600.0
2018-05-10 09:30:55.270,177535,167821,S,,20180510,705.98,93055270,300,211794.0
2018-05-10 09:30:55.270,177535,169845,S,,20180510,705.98,93055270,3200,2259136.0
2018-05-10 09:30:55.270,177535,172641,S,,20180510,705.98,93055270,2000,1411960.0
2018-05-10 09:30:55.340,177535,177556,B,,20180510,705.98,93055340,100,70598.0
2018-05-10 09:30:55.360,177535,177568,B,,20180510,705.98,93055360,200,141196.0
2018-05-10 09:30:56.780,178164,174176,S,,20180510,705.95,93056780,100,70595.0
2018-05-10 09:30:56.930,177535,178219,B,,20180510,705.98,93056930,100,70598.0
2018-05-10 09:30:57.160,178305,169713,S,,20180510,705.9,93057160,200,141180.0
2018-05-10 09:30:57.160,178305,168005,S,,20180510,705.89,93057160,500,352945.0
2018-05-10 09:30:57.180,178322,168005,S,,20180510,705.89,93057180,100,70589.0
2018-05-10 09:30:57.730,177535,178592,B,,20180510,705.98,93057730,800,564784.0
2018-05-10 09:30:58.020,178744,168005,S,,20180510,705.89,93058020,100,70589.0
2018-05-10 09:30:58.380,178927,168005,S,,20180510,705.89,93058380,100,70589.0
2018-05-10 09:30:58.380,177535,178928,B,,20180510,705.98,93058380,100,70598.0
2018-05-10 09:30:58.830,179145,168005,S,,20180510,705.89,93058830,400,282356.0
2018-05-10 09:30:59.140,177535,179302,B,,20180510,705.98,93059140,100,70598.0
2018-05-10 09:30:59.370,179428,179301,S,,20180510,705.92,93059370,100,70592.0
2018-05-10 09:30:59.940,179535,179693,B,,20180510,705.97,93059940,100,70597.0
2018-05-10 09:31:01.000,180247,179301,S,,20180510,705.92,93101000,200,141184.0
2018-05-10 09:31:01.000,180270,180113,S,,20180510,705.92,93101000,100,70592.0
2018-05-10 09:31:01.050,180270,180279,B,,20180510,705.92,93101050,100,70592.0
2018-05-10 09:31:01.180,177535,180345,B,,20180510,705.98,93101180,100,70598.0
2018-05-10 09:31:01.620,177535,180588,B,,20180510,705.98,93101620,1500,1058970.0
2018-05-10 09:31:01.620,177535,180589,B,,20180510,705.98,93101620,500,352990.0
2018-05-10 09:31:01.620,179694,180589,B,,20180510,705.98,93101620,100,70598.0
2018-05-10 09:31:01.620,179795,180589,B,,20180510,705.98,93101620,100,70598.0
2018-05-10 09:31:01.620,180370,180589,B,,20180510,705.98,93101620,100,70598.0
2018-05-10 09:31:01.620,180560,180589,B,,20180510,705.98,93101620,500,352990.0
2018-05-10 09:31:01.620,177301,180589,B,,20180510,706.0,93101620,200,141200.0
2018-05-10 09:31:01.880,180703,168005,S,,20180510,705.89,93101880,300,211767.0
2018-05-10 09:31:01.930,180664,180721,B,,20180510,705.92,93101930,100,70592.0
2018-05-10 09:31:01.960,180728,168005,S,,20180510,705.89,93101960,1000,705890.0
2018-05-10 09:31:01.960,180728,168020,S,,20180510,705.89,93101960,300,211767.0
2018-05-10 09:31:02.230,180727,180864,B,,20180510,705.98,93102230,100,70598.0
2018-05-10 09:31:02.380,180929,168020,S,,20180510,705.89,93102380,100,70589.0
2018-05-10 09:31:02.380,180929,168049,S,,20180510,705.89,93102380,400,282356.0
2018-05-10 09:31:02.810,180727,181121,B,,20180510,705.98,93102810,100,70598.0
2018-05-10 09:31:03.040,180727,181209,B,,20180510,705.98,93103040,100,70598.0
2018-05-10 09:31:03.040,181005,181209,B,,20180510,705.98,93103040,200,141196.0
2018-05-10 09:31:03.040,181190,181209,B,,20180510,705.98,93103040,100,70598.0
2018-05-10 09:31:03.040,177301,181209,B,,20180510,706.0,93103040,700,494200.0
2018-05-10 09:31:03.040,180540,181209,B,,20180510,706.0,93103040,100,70600.0
2018-05-10 09:31:03.040,177921,181209,B,,20180510,706.01,93103040,100,70601.0
2018-05-10 09:31:03.040,178271,181209,B,,20180510,706.3,93103040,300,211890.0
2018-05-10 09:31:03.040,178870,181209,B,,20180510,706.36,93103040,100,70636.0
2018-05-10 09:31:03.040,178021,181209,B,,20180510,706.45,93103040,100,70645.0
2018-05-10 09:31:03.040,180226,181209,B,,20180510,706.48,93103040,200,141296.0
2018-05-10 09:31:04.710,182048,182086,B,,20180510,706.3,93104710,100,70630.0
2018-05-10 09:31:04.810,181069,182138,B,,20180510,706.49,93104810,100,70649.0
2018-05-10 09:31:04.920,182201,168049,S,,20180510,705.89,93104920,300,211767.0
2018-05-10 09:31:04.950,182233,168049,S,,20180510,705.89,93104950,300,211767.0
2018-05-10 09:31:05.000,182021,182270,B,,20180510,706.49,93105000,100,70649.0
2018-05-10 09:31:05.580,182550,182488,S,,20180510,705.98,93105580,100,70598.0
2018-05-10 09:31:05.760,182636,182562,S,,20180510,706.0,93105760,100,70600.0
2018-05-10 09:31:05.980,182021,182750,B,,20180510,706.49,93105980,100,70649.0
2018-05-10 09:31:07.340,183638,182562,S,,20180510,706.0,93107340,300,211800.0
2018-05-10 09:31:07.360,183671,182562,S,,20180510,706.0,93107360,100,70600.0
2018-05-10 09:31:08.080,184015,182562,S,,20180510,706.0,93108080,1000,706000.0
2018-05-10 09:31:08.080,184015,182563,S,,20180510,706.0,93108080,1000,706000.0
2018-05-10 09:31:08.830,184241,184395,B,,20180510,706.25,93108830,100,70625.0
2018-05-10 09:31:09.030,184241,184520,B,,20180510,706.25,93109030,700,494375.0
2018-05-10 09:31:09.110,184556,182563,S,,20180510,706.0,93109110,100,70600.0
2018-05-10 09:31:09.190,184589,184569,S,,20180510,706.06,93109190,100,70606.0
2018-05-10 09:31:09.190,184589,182563,S,,20180510,706.0,93109190,200,141200.0
2018-05-10 09:31:09.980,185115,182563,S,,20180510,706.0,93109980,100,70600.0
2018-05-10 09:31:10.290,184740,185263,B,,20180510,706.43,93110290,100,70643.0
2018-05-10 09:31:10.770,185502,182563,S,,20180510,706.0,93110770,100,70600.0
2018-05-10 09:31:11.660,185908,182906,S,,20180510,706.0,93111660,100,70600.0
2018-05-10 09:31:11.710,185930,182938,S,,20180510,706.0,93111710,100,70600.0
2018-05-10 09:31:12.250,186212,182938,S,,20180510,706.0,93112250,200,141200.0
2018-05-10 09:31:12.290,184740,186234,B,,20180510,706.43,93112290,100,70643.0
2018-05-10 09:31:12.500,186327,182938,S,,20180510,706.0,93112500,400,282400.0
2018-05-10 09:31:12.500,186327,182968,S,,20180510,706.0,93112500,100,70600.0
2018-05-10 09:31:12.500,186327,183066,S,,20180510,706.0,93112500,700,494200.0
2018-05-10 09:31:12.500,186327,184857,S,,20180510,706.0,93112500,100,70600.0
2018-05-10 09:31:12.500,186327,184906,S,,20180510,706.0,93112500,100,70600.0
2018-05-10 09:31:12.570,186355,183822,S,,20180510,705.98,93112570,100,70598.0
2018-05-10 09:31:12.930,186327,186587,B,,20180510,706.0,93112930,200,141200.0
2018-05-10 09:31:13.110,186664,184335,S,,20180510,705.98,93113110,100,70598.0
2018-05-10 09:31:13.350,186793,184858,S,,20180510,705.95,93113350,100,70595.0
2018-05-10 09:31:13.350,186793,184859,S,,20180510,705.9,93113350,100,70590.0
2018-05-10 09:31:13.350,186793,168049,S,,20180510,705.89,93113350,200,141178.0
2018-05-10 09:31:14.930,186327,187504,B,,20180510,706.0,93114930,200,141200.0
2018-05-10 09:31:15.730,187865,168049,S,,20180510,705.89,93115730,500,352945.0
2018-05-10 09:31:16.990,188574,168049,S,,20180510,705.89,93116990,100,70589.0
2018-05-10 09:31:17.240,186327,188696,B,,20180510,706.0,93117240,200,141200.0
2018-05-10 09:31:17.240,186370,188696,B,,20180510,706.0,93117240,100,70600.0
2018-05-10 09:31:17.240,186414,188696,B,,20180510,706.0,93117240,100,70600.0
2018-05-10 09:31:17.240,186417,188696,B,,20180510,706.0,93117240,300,211800.0
2018-05-10 09:31:17.240,186531,188696,B,,20180510,706.0,93117240,100,70600.0
2018-05-10 09:31:17.240,186606,188696,B,,20180510,706.0,93117240,100,70600.0
2018-05-10 09:31:17.240,186610,188696,B,,20180510,706.0,93117240,200,141200.0
2018-05-10 09:31:17.240,186619,188696,B,,20180510,706.0,93117240,200,141200.0
2018-05-10 09:31:17.240,186850,188696,B,,20180510,706.0,93117240,200,141200.0
2018-05-10 09:31:17.240,186850,188697,B,,20180510,706.0,93117240,100,70600.0
2018-05-10 09:31:17.240,186970,188697,B,,20180510,706.0,93117240,200,141200.0
2018-05-10 09:31:17.240,187234,188697,B,,20180510,706.0,93117240,100,70600.0
2018-05-10 09:31:17.240,188341,188697,B,,20180510,706.0,93117240,100,70600.0
2018-05-10 09:31:17.400,188768,188697,S,,20180510,706.0,93117400,100,70600.0
2018-05-10 09:31:17.420,188782,188697,S,,20180510,706.0,93117420,100,70600.0
2018-05-10 09:31:17.540,188844,188697,S,,20180510,706.0,93117540,400,282400.0
2018-05-10 09:31:18.070,189084,188697,S,,20180510,706.0,93118070,100,70600.0
2018-05-10 09:31:18.500,187484,189261,B,,20180510,706.3,93118500,100,70630.0
2018-05-10 09:31:18.600,189325,189183,S,,20180510,706.18,93118600,100,70618.0
2018-05-10 09:31:18.600,189325,188697,S,,20180510,706.0,93118600,300,211800.0
2018-05-10 09:31:18.800,189434,188723,S,,20180510,705.9,93118800,100,70590.0
2018-05-10 09:31:18.850,189450,189475,B,,20180510,706.18,93118850,100,70618.0
2018-05-10 09:31:19.200,189546,189631,B,,20180510,706.0,93119200,100,70600.0
2018-05-10 09:31:19.230,189653,189587,S,,20180510,705.98,93119230,100,70598.0
2018-05-10 09:31:20.630,190106,190320,B,,20180510,706.0,93120630,100,70600.0
2018-05-10 09:31:20.630,190251,190320,B,,20180510,706.0,93120630,100,70600.0
2018-05-10 09:31:21.220,189451,190608,B,,20180510,706.18,93121220,100,70618.0
2018-05-10 09:31:21.220,190085,190608,B,,20180510,706.2,93121220,100,70620.0
2018-05-10 09:31:21.220,189816,190608,B,,20180510,706.28,93121220,100,70628.0
2018-05-10 09:31:21.390,189816,190699,B,,20180510,706.28,93121390,100,70628.0
2018-05-10 09:31:21.650,188257,190789,B,,20180510,706.3,93121650,200,141260.0
2018-05-10 09:31:21.780,190878,190379,S,,20180510,705.98,93121780,100,70598.0
2018-05-10 09:31:21.930,190964,190983,B,,20180510,706.18,93121930,400,282472.0
2018-05-10 09:31:21.930,188257,190983,B,,20180510,706.3,93121930,300,211890.0
2018-05-10 09:31:21.930,189065,190983,B,,20180510,706.3,93121930,100,70630.0
2018-05-10 09:31:23.110,191513,191129,S,,20180510,706.0,93123110,100,70600.0
2018-05-10 09:31:23.450,191684,191282,S,,20180510,706.0,93123450,100,70600.0
2018-05-10 09:31:23.850,191831,191852,B,,20180510,706.0,93123850,100,70600.0
2018-05-10 09:31:24.180,192006,191987,S,,20180510,706.28,93124180,100,70628.0
2018-05-10 09:31:24.550,192175,191987,S,,20180510,706.28,93124550,100,70628.0
2018-05-10 09:31:24.630,192223,191987,S,,20180510,706.28,93124630,600,423768.0
2018-05-10 09:31:24.820,192303,191987,S,,20180510,706.28,93124820,400,282512.0
2018-05-10 09:31:24.820,192308,191987,S,,20180510,706.28,93124820,100,70628.0
2018-05-10 09:31:25.000,192395,191987,S,,20180510,706.28,93125000,100,70628.0
2018-05-10 09:31:25.000,192397,191987,S,,20180510,706.28,93125000,200,141256.0
2018-05-10 09:31:25.040,192420,191987,S,,20180510,706.28,93125040,100,70628.0
2018-05-10 09:31:25.040,192430,191987,S,,20180510,706.28,93125040,200,141256.0
2018-05-10 09:31:25.230,192507,191987,S,,20180510,706.28,93125230,100,70628.0
2018-05-10 09:31:26.730,193162,192718,S,,20180510,706.0,93126730,100,70600.0
2018-05-10 09:31:26.730,193162,191106,S,,20180510,705.98,93126730,100,70598.0
2018-05-10 09:31:26.730,193162,168049,S,,20180510,705.89,93126730,500,352945.0
2018-05-10 09:31:27.210,193371,168049,S,,20180510,705.89,93127210,200,141178.0
2018-05-10 09:31:30.770,193475,195030,B,,20180510,705.98,93130770,100,70598.0
2018-05-10 09:31:30.770,194560,195030,B,,20180510,705.98,93130770,100,70598.0
2018-05-10 09:31:30.770,193898,195030,B,,20180510,706.0,93130770,400,282400.0
2018-05-10 09:31:31.700,195271,195518,B,,20180510,705.98,93131700,100,70598.0
2018-05-10 09:31:31.700,193898,195518,B,,20180510,706.0,93131700,100,70600.0
2018-05-10 09:31:31.700,194130,195518,B,,20180510,706.0,93131700,300,211800.0
2018-05-10 09:31:31.700,194621,195518,B,,20180510,706.0,93131700,100,70600.0
2018-05-10 09:31:31.700,194652,195518,B,,20180510,706.0,93131700,100,70600.0
2018-05-10 09:31:31.950,195628,195518,S,,20180510,706.0,93131950,100,70600.0
2018-05-10 09:31:31.970,195648,195518,S,,20180510,706.0,93131970,600,423600.0
2018-05-10 09:31:32.490,195885,195518,S,,20180510,706.0,93132490,2100,1482600.0
2018-05-10 09:31:32.490,195886,195518,S,,20180510,706.0,93132490,400,282400.0
2018-05-10 09:31:32.490,195887,195518,S,,20180510,706.0,93132490,100,70600.0
2018-05-10 09:31:32.610,195940,195518,S,,20180510,706.0,93132610,200,141200.0
2018-05-10 09:31:32.630,195956,195518,S,,20180510,706.0,93132630,600,423600.0
2018-05-10 09:31:32.920,196093,195518,S,,20180510,706.0,93132920,100,70600.0
2018-05-10 09:31:34.790,197060,195518,S,,20180510,706.0,93134790,100,70600.0
2018-05-10 09:31:35.160,197241,195518,S,,20180510,706.0,93135160,500,353000.0
2018-05-10 09:31:35.270,197292,195518,S,,20180510,706.0,93135270,100,70600.0
2018-05-10 09:31:36.080,193830,197689,B,,20180510,706.08,93136080,700,494256.0
2018-05-10 09:31:36.400,193830,197831,B,,20180510,706.08,93136400,100,70608.0
2018-05-10 09:31:36.400,193830,197832,B,,20180510,706.08,93136400,100,70608.0
2018-05-10 09:31:36.400,193830,197833,B,,20180510,706.08,93136400,100,70608.0
2018-05-10 09:31:36.550,196514,197902,B,,20180510,706.08,93136550,100,70608.0
2018-05-10 09:31:36.570,197518,197915,B,,20180510,706.08,93136570,100,70608.0
2018-05-10 09:31:36.660,197944,195518,S,,20180510,706.0,93136660,100,70600.0
2018-05-10 09:31:36.660,197916,197949,B,,20180510,706.07,93136660,300,211821.00000000003
2018-05-10 09:31:36.790,198030,195518,S,,20180510,706.0,93136790,100,70600.0
2018-05-10 09:31:36.840,198068,195518,S,,20180510,706.0,93136840,500,353000.0
2018-05-10 09:31:36.890,197916,198101,B,,20180510,706.07,93136890,100,70607.0
2018-05-10 09:31:37.120,197916,198214,B,,20180510,706.07,93137120,100,70607.0
2018-05-10 09:31:37.930,197916,198614,B,,20180510,706.07,93137930,100,70607.0
2018-05-10 09:31:38.240,197916,198763,B,,20180510,706.07,93138240,100,70607.0
2018-05-10 09:31:38.240,193978,198763,B,,20180510,706.18,93138240,100,70618.0
2018-05-10 09:31:38.240,194819,198763,B,,20180510,706.18,93138240,100,70618.0
2018-05-10 09:31:38.240,196449,198763,B,,20180510,706.18,93138240,100,70618.0
2018-05-10 09:31:38.240,197296,198763,B,,20180510,706.18,93138240,100,70618.0
2018-05-10 09:31:38.240,194435,198763,B,,20180510,706.2,93138240,100,70620.0
2018-05-10 09:31:38.240,194442,198763,B,,20180510,706.25,93138240,100,70625.0
2018-05-10 09:31:38.240,192574,198763,B,,20180510,706.28,93138240,100,70628.0
2018-05-10 09:31:38.240,193355,198763,B,,20180510,706.28,93138240,200,141256.0
2018-05-10 09:31:38.790,199012,195518,S,,20180510,706.0,93138790,100,70600.0
2018-05-10 09:31:38.970,199085,195518,S,,20180510,706.0,93138970,200,141200.0
2018-05-10 09:31:38.970,199100,195518,S,,20180510,706.0,93138970,100,70600.0
2018-05-10 09:31:40.160,199670,195518,S,,20180510,706.0,93140160,100,70600.0
2018-05-10 09:31:40.400,199774,195518,S,,20180510,706.0,93140400,100,70600.0
2018-05-10 09:31:40.730,199908,199946,B,,20180510,706.01,93140730,100,70601.0
2018-05-10 09:31:41.110,200133,195518,S,,20180510,706.0,93141110,100,70600.0
2018-05-10 09:31:41.560,200325,200232,S,,20180510,706.18,93141560,400,282472.0
2018-05-10 09:31:41.560,200334,195518,S,,20180510,706.0,93141560,100,70600.0
2018-05-10 09:31:42.250,200325,200614,B,,20180510,706.08,93142250,100,70608.0
2018-05-10 09:31:42.330,200687,195518,S,,20180510,706.0,93142330,100,70600.0
2018-05-10 09:31:42.820,200982,195518,S,,20180510,706.0,93142820,100,70600.0
2018-05-10 09:31:43.070,200325,201069,B,,20180510,706.08,93143070,100,70608.0
2018-05-10 09:31:43.070,200905,201069,B,,20180510,706.08,93143070,100,70608.0
2018-05-10 09:31:43.280,201189,195518,S,,20180510,706.0,93143280,200,141200.0
2018-05-10 09:31:44.000,201544,201349,S,,20180510,706.08,93144000,100,70608.0
2018-05-10 09:31:44.000,201544,195518,S,,20180510,706.0,93144000,200,141200.0
2018-05-10 09:31:44.000,201549,195518,S,,20180510,706.0,93144000,200,141200.0
2018-05-10 09:31:44.000,201549,196567,S,,20180510,706.0,93144000,100,70600.0
2018-05-10 09:31:44.000,201549,198678,S,,20180510,706.0,93144000,300,211800.0
2018-05-10 09:31:44.000,201549,200990,S,,20180510,706.0,93144000,100,70600.0
2018-05-10 09:31:44.000,201549,196570,S,,20180510,705.95,93144000,100,70595.0
2018-05-10 09:31:44.000,201549,196568,S,,20180510,705.9,93144000,100,70590.0
2018-05-10 09:31:44.000,201549,191724,S,,20180510,705.89,93144000,100,70589.0
2018-05-10 09:31:44.000,201549,193874,S,,20180510,705.89,93144000,100,70589.0
2018-05-10 09:31:44.280,201576,201693,B,,20180510,706.0,93144280,500,353000.0
2018-05-10 09:31:44.280,201684,201693,B,,20180510,706.0,93144280,200,141200.0
2018-05-10 09:31:45.690,202327,195085,S,,20180510,705.89,93145690,100,70589.0
2018-05-10 09:31:46.710,202327,202831,B,,20180510,705.89,93146710,200,141178.0
2018-05-10 09:31:46.710,201833,202831,B,,20180510,705.95,93146710,100,70595.0
2018-05-10 09:31:46.820,202879,202882,B,,20180510,705.89,93146820,100,70589.0
2018-05-10 09:31:46.820,202357,202882,B,,20180510,705.95,93146820,100,70595.0
2018-05-10 09:31:46.820,202778,202882,B,,20180510,705.95,93146820,300,211785.0
2018-05-10 09:31:46.870,202778,202911,B,,20180510,705.95,93146870,300,211785.0
2018-05-10 09:31:46.870,201684,202911,B,,20180510,706.0,93146870,100,70600.0
2018-05-10 09:31:46.870,202118,202911,B,,20180510,706.0,93146870,100,70600.0
2018-05-10 09:31:47.240,202958,203068,B,,20180510,705.91,93147240,100,70591.0
2018-05-10 09:31:47.860,203357,203360,B,,20180510,705.89,93147860,100,70589.0
2018-05-10 09:31:47.860,203138,203360,B,,20180510,705.9,93147860,100,70590.0
2018-05-10 09:31:48.960,203924,193868,S,,20180510,705.84,93148960,100,70584.0
2018-05-10 09:31:49.810,203734,204311,B,,20180510,705.91,93149810,100,70591.0
2018-05-10 09:31:49.810,203746,204311,B,,20180510,705.91,93149810,100,70591.0
2018-05-10 09:31:49.810,203768,204311,B,,20180510,705.91,93149810,100,70591.0
2018-05-10 09:31:49.810,203747,204311,B,,20180510,705.96,93149810,100,70596.0
2018-05-10 09:31:49.810,203769,204311,B,,20180510,705.96,93149810,100,70596.0
2018-05-10 09:31:49.950,204371,195120,S,,20180510,705.84,93149950,100,70584.0
2018-05-10 09:31:49.950,204371,162407,S,,20180510,705.81,93149950,100,70581.0
2018-05-10 09:31:51.280,204091,204984,B,,20180510,705.98,93151280,100,70598.0
2018-05-10 09:31:51.390,202202,205048,B,,20180510,706.0,93151390,100,70600.0
2018-05-10 09:31:51.390,202214,205048,B,,20180510,706.0,93151390,100,70600.0
2018-05-10 09:31:51.590,202303,205143,B,,20180510,706.0,93151590,100,70600.0
2018-05-10 09:31:51.590,202358,205143,B,,20180510,706.0,93151590,100,70600.0
2018-05-10 09:31:51.590,202650,205143,B,,20180510,706.0,93151590,500,353000.0
2018-05-10 09:31:51.610,202650,205156,B,,20180510,706.0,93151610,1000,706000.0
2018-05-10 09:31:51.610,203043,205156,B,,20180510,706.0,93151610,100,70600.0
2018-05-10 09:31:51.610,203611,205156,B,,20180510,706.0,93151610,100,70600.0
2018-05-10 09:31:51.640,205170,205171,B,,20180510,705.91,93151640,100,70591.0
2018-05-10 09:31:51.640,203680,205171,B,,20180510,706.0,93151640,100,70600.0
2018-05-10 09:31:51.640,204021,205171,B,,20180510,706.0,93151640,100,70600.0
2018-05-10 09:31:51.640,204099,205171,B,,20180510,706.0,93151640,100,70600.0
2018-05-10 09:31:51.760,204646,205255,B,,20180510,706.0,93151760,100,70600.0
2018-05-10 09:31:51.760,204669,205255,B,,20180510,706.0,93151760,100,70600.0
2018-05-10 09:31:51.760,202359,205255,B,,20180510,706.05,93151760,100,70605.0
2018-05-10 09:31:51.760,201815,205255,B,,20180510,706.08,93151760,100,70608.0
2018-05-10 09:31:51.940,202360,205351,B,,20180510,706.1,93151940,100,70610.0
2018-05-10 09:31:52.600,205703,205255,S,,20180510,706.08,93152600,100,70608.0
2018-05-10 09:31:53.160,205853,205946,B,,20180510,705.84,93153160,100,70584.0
2018-05-10 09:31:53.160,205916,205946,B,,20180510,705.87,93153160,500,352935.0
2018-05-10 09:31:53.440,206063,205946,S,,20180510,706.0,93153440,100,70600.0
2018-05-10 09:31:53.570,206114,206075,S,,20180510,706.08,93153570,500,353040.0
2018-05-10 09:31:53.950,206296,206075,S,,20180510,706.08,93153950,100,70608.0
2018-05-10 09:31:54.330,206464,206075,S,,20180510,706.08,93154330,100,70608.0
2018-05-10 09:31:54.590,206586,206075,S,,20180510,706.08,93154590,500,353040.0
2018-05-10 09:31:54.750,206672,206075,S,,20180510,706.08,93154750,300,211824.0
2018-05-10 09:31:55.140,206858,206075,S,,20180510,706.08,93155140,100,70608.0
2018-05-10 09:31:55.730,207153,206075,S,,20180510,706.08,93155730,100,70608.0
2018-05-10 09:31:56.130,207299,206075,S,,20180510,706.08,93156130,100,70608.0
2018-05-10 09:31:56.230,200906,207350,B,,20180510,706.13,93156230,100,70613.0
2018-05-10 09:31:56.670,207534,206075,S,,20180510,706.08,93156670,100,70608.0
2018-05-10 09:31:57.070,207709,206075,S,,20180510,706.08,93157070,100,70608.0
2018-05-10 09:31:57.510,207709,207942,B,,20180510,706.08,93157510,500,353040.0
2018-05-10 09:31:58.120,207709,208179,B,,20180510,706.08,93158120,200,141216.0
2018-05-10 09:31:58.120,208076,208212,B,,20180510,706.08,93158120,100,70608.0
2018-05-10 09:31:58.120,208215,208212,S,,20180510,706.08,93158120,100,70608.0
2018-05-10 09:31:59.390,208932,208289,S,,20180510,706.08,93159390,100,70608.0
2018-05-10 09:31:59.390,208932,208460,S,,20180510,706.08,93159390,300,211824.0
2018-05-10 09:31:59.600,209015,208460,S,,20180510,706.08,93159600,200,141216.0
2018-05-10 09:32:00.100,209228,208460,S,,20180510,706.08,93200100,100,70608.0
2018-05-10 09:32:00.590,209459,209303,S,,20180510,706.11,93200590,200,141222.0
2018-05-10 09:32:00.620,209471,209303,S,,20180510,706.11,93200620,100,70611.0
2018-05-10 09:32:00.720,208077,209539,B,,20180510,706.13,93200720,100,70613.0
2018-05-10 09:32:00.720,200907,209545,B,,20180510,706.18,93200720,100,70618.0
2018-05-10 09:32:00.800,200908,209601,B,,20180510,706.23,93200800,100,70623.0
2018-05-10 09:32:00.910,209695,209545,S,,20180510,706.18,93200910,100,70618.0
2018-05-10 09:32:01.350,209937,209545,S,,20180510,706.18,93201350,100,70618.0
2018-05-10 09:32:01.600,202513,210069,B,,20180510,706.26,93201600,100,70626.0
2018-05-10 09:32:01.650,210106,209545,S,,20180510,706.18,93201650,100,70618.0
2018-05-10 09:32:01.860,210210,209545,S,,20180510,706.18,93201860,100,70618.0
2018-05-10 09:32:02.110,210332,209595,S,,20180510,706.18,93202110,300,211853.99999999997
2018-05-10 09:32:02.110,210332,209600,S,,20180510,706.13,93202110,100,70613.0
2018-05-10 09:32:02.110,210332,210223,S,,20180510,706.13,93202110,100,70613.0
2018-05-10 09:32:02.110,210332,209700,S,,20180510,706.11,93202110,100,70611.0
2018-05-10 09:32:02.130,210337,210137,S,,20180510,706.11,93202130,100,70611.0
2018-05-10 09:32:03.390,210921,209366,S,,20180510,706.08,93203390,100,70608.0
2018-05-10 09:32:03.490,210481,210981,B,,20180510,706.13,93203490,100,70613.0
2018-05-10 09:32:03.490,210987,209366,S,,20180510,706.08,93203490,100,70608.0
2018-05-10 09:32:03.840,211133,211170,B,,20180510,706.13,93203840,100,70613.0
2018-05-10 09:32:03.840,210480,211170,B,,20180510,706.18,93203840,100,70618.0
2018-05-10 09:32:03.840,211134,211170,B,,20180510,706.18,93203840,100,70618.0
2018-05-10 09:32:04.030,210482,211317,B,,20180510,706.23,93204030,100,70623.0
2018-05-10 09:32:04.130,211382,211351,S,,20180510,706.13,93204130,100,70613.0
2018-05-10 09:32:04.420,211533,211351,S,,20180510,706.13,93204420,100,70613.0
2018-05-10 09:32:04.450,211553,211351,S,,20180510,706.13,93204450,100,70613.0
2018-05-10 09:32:04.450,211553,211427,S,,20180510,706.13,93204450,100,70613.0
2018-05-10 09:32:04.450,211563,209366,S,,20180510,706.08,93204450,500,353040.0
2018-05-10 09:32:04.450,211563,211207,S,,20180510,706.08,93204450,100,70608.0
2018-05-10 09:32:04.450,211563,211537,S,,20180510,706.08,93204450,100,70608.0
2018-05-10 09:32:04.550,211563,211606,B,,20180510,706.08,93204550,100,70608.0
2018-05-10 09:32:04.590,211608,211633,B,,20180510,706.08,93204590,100,70608.0
2018-05-10 09:32:04.980,211608,211807,B,,20180510,706.08,93204980,100,70608.0
2018-05-10 09:32:06.430,211608,212461,B,,20180510,706.08,93206430,300,211824.0
2018-05-10 09:32:06.540,211697,212511,B,,20180510,706.08,93206540,100,70608.0
2018-05-10 09:32:06.600,212543,207120,S,,20180510,706.0,93206600,100,70600.0
2018-05-10 09:32:06.740,211697,212719,B,,20180510,706.08,93206740,300,211824.0
2018-05-10 09:32:06.970,212856,207120,S,,20180510,706.0,93206970,100,70600.0
2018-05-10 09:32:07.070,212648,212921,B,,20180510,706.08,93207070,100,70608.0
2018-05-10 09:32:07.070,212664,212921,B,,20180510,706.08,93207070,100,70608.0
2018-05-10 09:32:07.070,212922,212921,S,,20180510,706.08,93207070,100,70608.0
2018-05-10 09:32:07.340,212777,213042,B,,20180510,706.11,93207340,100,70611.0
2018-05-10 09:32:08.130,213470,212921,S,,20180510,706.08,93208130,400,282432.0
2018-05-10 09:32:08.130,213470,213016,S,,20180510,706.08,93208130,100,70608.0
2018-05-10 09:32:08.470,213653,213094,S,,20180510,706.08,93208470,600,423648.0
2018-05-10 09:32:08.550,213653,213697,B,,20180510,706.04,93208550,100,70604.0
2018-05-10 09:32:08.750,213721,213811,B,,20180510,706.08,93208750,200,141216.0
2018-05-10 09:32:08.750,212294,213811,B,,20180510,706.13,93208750,200,141226.0
2018-05-10 09:32:09.580,214184,214144,S,,20180510,706.08,93209580,300,211824.0
2018-05-10 09:32:10.160,212605,214525,B,,20180510,706.13,93210160,100,70613.0
2018-05-10 09:32:10.160,212649,214525,B,,20180510,706.13,93210160,100,70613.0
2018-05-10 09:32:10.160,212665,214525,B,,20180510,706.13,93210160,100,70613.0
2018-05-10 09:32:10.920,214883,214144,S,,20180510,706.08,93210920,100,70608.0
2018-05-10 09:32:11.460,214737,215158,B,,20180510,706.13,93211460,200,141226.0
2018-05-10 09:32:11.700,214737,215270,B,,20180510,706.13,93211700,200,141226.0
2018-05-10 09:32:12.370,215603,215270,S,,20180510,706.13,93212370,100,70613.0
2018-05-10 09:32:12.450,215633,215270,S,,20180510,706.13,93212450,200,141226.0
2018-05-10 09:32:12.710,215752,215270,S,,20180510,706.13,93212710,100,70613.0
2018-05-10 09:32:12.810,214968,215799,B,,20180510,706.15,93212810,100,70615.0
2018-05-10 09:32:13.050,213651,215926,B,,20180510,706.23,93213050,100,70623.0
2018-05-10 09:32:13.050,210421,215926,B,,20180510,706.26,93213050,100,70626.0
2018-05-10 09:32:13.050,204143,215926,B,,20180510,706.27,93213050,100,70627.0
2018-05-10 09:32:13.410,204143,216113,B,,20180510,706.27,93213410,300,211881.0
2018-05-10 09:32:14.350,204143,216575,B,,20180510,706.27,93214350,100,70627.0
2018-05-10 09:32:14.350,211511,216575,B,,20180510,706.27,93214350,100,70627.0
2018-05-10 09:32:14.350,196198,216575,B,,20180510,706.28,93214350,100,70628.0
2018-05-10 09:32:14.590,216692,216007,S,,20180510,706.15,93214590,100,70615.0
2018-05-10 09:32:14.910,208812,216825,B,,20180510,706.28,93214910,100,70628.0
2018-05-10 09:32:14.910,211294,216825,B,,20180510,706.28,93214910,1500,1059420.0
2018-05-10 09:32:14.910,197512,216825,B,,20180510,706.3,93214910,100,70630.0
2018-05-10 09:32:14.910,199110,216825,B,,20180510,706.3,93214910,100,70630.0
2018-05-10 09:32:14.910,200402,216825,B,,20180510,706.3,93214910,100,70630.0
2018-05-10 09:32:14.910,203953,216825,B,,20180510,706.3,93214910,100,70630.0
2018-05-10 09:32:14.910,189693,216825,B,,20180510,706.35,93214910,100,70635.0
2018-05-10 09:32:14.910,203510,216825,B,,20180510,706.38,93214910,100,70638.0
2018-05-10 09:32:14.910,206156,216825,B,,20180510,706.38,93214910,100,70638.0
2018-05-10 09:32:14.910,190922,216825,B,,20180510,706.4,93214910,2000,1412800.0
2018-05-10 09:32:14.910,193801,216825,B,,20180510,706.4,93214910,100,70640.0
2018-05-10 09:32:14.910,195198,216825,B,,20180510,706.4,93214910,100,70640.0
2018-05-10 09:32:14.910,188237,216825,B,,20180510,706.48,93214910,100,70648.0
2018-05-10 09:32:14.910,181273,216825,B,,20180510,706.5,93214910,100,70650.0
2018-05-10 09:32:14.910,185583,216825,B,,20180510,706.5,93214910,500,353250.0
2018-05-10 09:32:14.910,191998,216825,B,,20180510,706.5,93214910,100,70650.0
2018-05-10 09:32:14.910,194518,216825,B,,20180510,706.5,93214910,100,70650.0
2018-05-10 09:32:14.990,201784,216867,B,,20180510,706.52,93214990,100,70652.0
2018-05-10 09:32:14.990,207751,216867,B,,20180510,706.56,93214990,100,70656.0
2018-05-10 09:32:14.990,176640,216867,B,,20180510,706.58,93214990,100,70658.0
2018-05-10 09:32:15.040,216887,216825,S,,20180510,706.5,93215040,100,70650.0
2018-05-10 09:32:15.300,217007,216825,S,,20180510,706.5,93215300,100,70650.0
2018-05-10 09:32:15.730,193392,217172,B,,20180510,706.58,93215730,100,70658.0
2018-05-10 09:32:15.860,217248,217172,S,,20180510,706.58,93215860,200,141316.0
2018-05-10 09:32:16.080,173776,217361,B,,20180510,706.59,93216080,100,70659.0
2018-05-10 09:32:16.370,217493,217361,S,,20180510,706.67,93216370,100,70667.0
2018-05-10 09:32:16.930,173355,217766,B,,20180510,706.73,93216930,100,70673.0
2018-05-10 09:32:16.930,26507,217766,B,,20180510,706.74,93216930,200,141348.0
2018-05-10 09:32:17.160,217876,217361,S,,20180510,706.67,93217160,100,70667.0
2018-05-10 09:32:17.180,217899,217361,S,,20180510,706.67,93217180,100,70667.0
2018-05-10 09:32:17.590,218082,217637,S,,20180510,706.64,93217590,100,70664.0
2018-05-10 09:32:17.590,218082,218017,S,,20180510,706.6,93217590,100,70660.0
2018-05-10 09:32:17.590,218082,217758,S,,20180510,706.59,93217590,100,70659.0
2018-05-10 09:32:17.590,218082,217172,S,,20180510,706.58,93217590,200,141316.0
2018-05-10 09:32:17.590,218082,217189,S,,20180510,706.58,93217590,100,70658.0
2018-05-10 09:32:17.590,218082,217387,S,,20180510,706.58,93217590,100,70658.0
2018-05-10 09:32:17.590,218082,217388,S,,20180510,706.58,93217590,1200,847896.0
2018-05-10 09:32:17.940,218082,218265,B,,20180510,706.58,93217940,300,211974.0
2018-05-10 09:32:18.180,218402,218208,S,,20180510,706.54,93218180,200,141308.0
2018-05-10 09:32:18.370,218082,218482,B,,20180510,706.58,93218370,300,211974.0
2018-05-10 09:32:18.390,26507,218509,B,,20180510,706.74,93218390,300,212022.0
2018-05-10 09:32:18.550,26507,218583,B,,20180510,706.74,93218550,100,70674.0
2018-05-10 09:32:18.690,218677,218576,S,,20180510,706.58,93218690,100,70658.0
2018-05-10 09:32:18.690,218677,218577,S,,20180510,706.58,93218690,200,141316.0
2018-05-10 09:32:18.690,218678,218577,S,,20180510,706.58,93218690,100,70658.0
2018-05-10 09:32:18.760,180273,218711,B,,20180510,706.88,93218760,100,70688.0
2018-05-10 09:32:18.760,197168,218717,B,,20180510,706.88,93218760,100,70688.0
2018-05-10 09:32:18.920,197168,218804,B,,20180510,706.88,93218920,100,70688.0
2018-05-10 09:32:19.190,197168,218951,B,,20180510,706.88,93219190,100,70688.0
2018-05-10 09:32:19.320,197168,219016,B,,20180510,706.88,93219320,100,70688.0
2018-05-10 09:32:19.760,197168,219208,B,,20180510,706.88,93219760,100,70688.0
2018-05-10 09:32:19.780,23689,219226,B,,20180510,706.9,93219780,100,70690.0
2018-05-10 09:32:19.980,23689,219321,B,,20180510,706.9,93219980,100,70690.0
2018-05-10 09:32:19.980,111988,219321,B,,20180510,706.95,93219980,100,70695.0
2018-05-10 09:32:19.980,10068,219321,B,,20180510,706.97,93219980,100,70697.0
2018-05-10 09:32:20.310,10068,219503,B,,20180510,706.97,93220310,100,70697.0
2018-05-10 09:32:20.610,180765,219641,B,,20180510,706.98,93220610,100,70698.0
2018-05-10 09:32:20.610,170759,219641,B,,20180510,706.99,93220610,100,70699.0
2018-05-10 09:32:20.610,218656,219641,B,,20180510,706.99,93220610,100,70699.0
2018-05-10 09:32:21.000,15221,219851,B,,20180510,707.0,93221000,100,70700.0
2018-05-10 09:32:21.000,32915,219851,B,,20180510,707.0,93221000,200,141400.0
2018-05-10 09:32:21.110,219902,219503,S,,20180510,706.97,93221110,200,141394.0
2018-05-10 09:32:21.690,32915,220181,B,,20180510,707.0,93221690,300,212100.0
2018-05-10 09:32:21.790,140013,220235,B,,20180510,707.0,93221790,100,70700.0
2018-05-10 09:32:21.790,172333,220235,B,,20180510,707.0,93221790,1500,1060500.0
2018-05-10 09:32:21.790,172334,220235,B,,20180510,707.0,93221790,300,212100.0
2018-05-10 09:32:21.790,172335,220235,B,,20180510,707.0,93221790,300,212100.0
2018-05-10 09:32:21.790,172336,220235,B,,20180510,707.0,93221790,700,494900.0
2018-05-10 09:32:21.790,172336,220246,B,,20180510,707.0,93221790,300,212100.0
2018-05-10 09:32:21.790,172337,220246,B,,20180510,707.0,93221790,200,141400.0
2018-05-10 09:32:21.810,172337,220265,B,,20180510,707.0,93221810,200,141400.0
2018-05-10 09:32:21.860,172337,220276,B,,20180510,707.0,93221860,100,70700.0
2018-05-10 09:32:21.860,172337,220281,B,,20180510,707.0,93221860,200,141400.0
2018-05-10 09:32:21.890,172337,220292,B,,20180510,707.0,93221890,300,212100.0
2018-05-10 09:32:21.940,172337,220322,B,,20180510,707.0,93221940,200,141400.0
2018-05-10 09:32:21.940,172337,220323,B,,20180510,707.0,93221940,400,282800.0
2018-05-10 09:32:21.940,172337,220324,B,,20180510,707.0,93221940,500,353500.0
2018-05-10 09:32:21.960,172337,220354,B,,20180510,707.0,93221960,500,353500.0
2018-05-10 09:32:22.030,172337,220390,B,,20180510,707.0,93222030,300,212100.0
2018-05-10 09:32:22.030,172337,220392,B,,20180510,707.0,93222030,500,353500.0
2018-05-10 09:32:22.030,172337,220393,B,,20180510,707.0,93222030,400,282800.0
2018-05-10 09:32:22.030,172337,220394,B,,20180510,707.0,93222030,500,353500.0
2018-05-10 09:32:22.030,172337,220396,B,,20180510,707.0,93222030,400,282800.0
2018-05-10 09:32:22.030,172337,220397,B,,20180510,707.0,93222030,500,353500.0
2018-05-10 09:32:22.060,172337,220406,B,,20180510,707.0,93222060,100,70700.0
2018-05-10 09:32:22.080,172337,220413,B,,20180510,707.0,93222080,500,353500.0
2018-05-10 09:32:22.080,172337,220415,B,,20180510,707.0,93222080,400,282800.0
2018-05-10 09:32:22.080,172337,220417,B,,20180510,707.0,93222080,100,70700.0
2018-05-10 09:32:22.080,172338,220417,B,,20180510,707.0,93222080,400,282800.0
2018-05-10 09:32:22.080,172338,220425,B,,20180510,707.0,93222080,100,70700.0
2018-05-10 09:32:22.110,220441,219332,S,,20180510,706.88,93222110,100,70688.0
2018-05-10 09:32:22.200,172338,220446,B,,20180510,707.0,93222200,100,70700.0
2018-05-10 09:32:22.200,172338,220491,B,,20180510,707.0,93222200,300,212100.0
2018-05-10 09:32:22.200,172340,220491,B,,20180510,707.0,93222200,300,212100.0
2018-05-10 09:32:22.200,192219,220491,B,,20180510,707.0,93222200,100,70700.0
2018-05-10 09:32:22.200,207556,220491,B,,20180510,707.0,93222200,100,70700.0
2018-05-10 09:32:22.200,208738,220491,B,,20180510,707.0,93222200,100,70700.0
2018-05-10 09:32:22.200,215575,220491,B,,20180510,707.0,93222200,100,70700.0
2018-05-10 09:32:22.370,220601,220491,S,,20180510,707.0,93222370,100,70700.0
2018-05-10 09:32:22.530,220661,220505,S,,20180510,707.0,93222530,100,70700.0
2018-05-10 09:32:22.830,22861,220823,B,,20180510,707.3,93222830,100,70730.0
2018-05-10 09:32:23.090,22861,220919,B,,20180510,707.3,93223090,300,212190.0
2018-05-10 09:32:23.550,22861,221129,B,,20180510,707.3,93223550,300,212190.0
2018-05-10 09:32:23.550,221133,220693,S,,20180510,707.02,93223550,4400,3110888.0
2018-05-10 09:32:23.680,22861,221182,B,,20180510,707.3,93223680,500,353650.0
2018-05-10 09:32:23.900,221276,220693,S,,20180510,707.02,93223900,500,353510.0
2018-05-10 09:32:23.950,22861,221303,B,,20180510,707.3,93223950,100,70730.0
2018-05-10 09:32:24.070,221378,220693,S,,20180510,707.02,93224070,400,282808.0
2018-05-10 09:32:24.090,22861,221399,B,,20180510,707.3,93224090,300,212190.0
2018-05-10 09:32:24.580,22861,221621,B,,20180510,707.3,93224580,400,282920.0
2018-05-10 09:32:24.580,221622,220693,S,,20180510,707.02,93224580,4400,3110888.0
2018-05-10 09:32:24.810,22861,221735,B,,20180510,707.3,93224810,2900,2051169.9999999998
2018-05-10 09:32:24.810,22861,221748,B,,20180510,707.3,93224810,100,70730.0
2018-05-10 09:32:25.470,59251,222142,B,,20180510,707.43,93225470,100,70743.0
2018-05-10 09:32:25.470,182775,222142,B,,20180510,707.43,93225470,100,70743.0
2018-05-10 09:32:25.470,43852,222142,B,,20180510,707.68,93225470,100,70768.0
2018-05-10 09:32:25.500,153234,222147,B,,20180510,707.68,93225500,100,70768.0
2018-05-10 09:32:25.500,213978,222147,B,,20180510,707.77,93225500,100,70777.0
2018-05-10 09:32:25.500,198836,222147,B,,20180510,707.88,93225500,100,70788.0
2018-05-10 09:32:25.550,222181,221748,S,,20180510,707.3,93225550,400,282920.0
2018-05-10 09:32:25.550,222181,221843,S,,20180510,707.3,93225550,500,353650.0
2018-05-10 09:32:25.550,222181,221844,S,,20180510,707.3,93225550,200,141460.0
2018-05-10 09:32:25.550,222181,221857,S,,20180510,707.3,93225550,100,70730.0
2018-05-10 09:32:26.040,222484,222346,S,,20180510,707.68,93226040,100,70768.0
2018-05-10 09:32:26.220,198836,222576,B,,20180510,707.88,93226220,500,353940.0
2018-05-10 09:32:26.480,198836,222679,B,,20180510,707.88,93226480,100,70788.0
2018-05-10 09:32:26.650,198836,222779,B,,20180510,707.88,93226650,300,212364.0
2018-05-10 09:32:26.800,222863,222779,S,,20180510,707.88,93226800,100,70788.0
2018-05-10 09:32:26.800,170761,222864,B,,20180510,707.89,93226800,100,70789.0
2018-05-10 09:32:26.800,23691,222864,B,,20180510,707.9,93226800,100,70790.0
2018-05-10 09:32:26.800,82544,222864,B,,20180510,707.9,93226800,100,70790.0
2018-05-10 09:32:26.800,111992,222864,B,,20180510,707.95,93226800,200,141590.0
2018-05-10 09:32:27.130,223015,222779,S,,20180510,707.88,93227130,100,70788.0
2018-05-10 09:32:27.130,223015,222854,S,,20180510,707.88,93227130,900,637092.0
2018-05-10 09:32:27.220,223063,222854,S,,20180510,707.88,93227220,100,70788.0
2018-05-10 09:32:27.270,114794,223099,B,,20180510,707.99,93227270,100,70799.0
2018-05-10 09:32:27.270,206506,223099,B,,20180510,707.99,93227270,100,70799.0
2018-05-10 09:32:27.270,8934,223099,B,,20180510,708.0,93227270,100,70800.0
2018-05-10 09:32:27.730,8934,223327,B,,20180510,708.0,93227730,100,70800.0
2018-05-10 09:32:27.730,55094,223327,B,,20180510,708.0,93227730,100,70800.0
2018-05-10 09:32:27.730,73553,223327,B,,20180510,708.0,93227730,100,70800.0
2018-05-10 09:32:27.730,78051,223327,B,,20180510,708.0,93227730,100,70800.0
2018-05-10 09:32:27.730,91168,223327,B,,20180510,708.0,93227730,100,70800.0
2018-05-10 09:32:27.880,97012,223414,B,,20180510,708.0,93227880,100,70800.0
2018-05-10 09:32:27.880,97012,223415,B,,20180510,708.0,93227880,400,283200.0
2018-05-10 09:32:27.950,104586,223473,B,,20180510,708.0,93227950,100,70800.0
2018-05-10 09:32:28.000,106732,223492,B,,20180510,708.0,93228000,100,70800.0
2018-05-10 09:32:28.000,113007,223492,B,,20180510,708.0,93228000,100,70800.0
2018-05-10 09:32:28.000,148391,223492,B,,20180510,708.0,93228000,300,212400.0
2018-05-10 09:32:28.000,182025,223492,B,,20180510,708.0,93228000,100,70800.0
2018-05-10 09:32:28.030,184054,223510,B,,20180510,708.0,93228030,100,70800.0
2018-05-10 09:32:28.030,190334,223510,B,,20180510,708.0,93228030,100,70800.0
2018-05-10 09:32:28.030,201128,223510,B,,20180510,708.0,93228030,100,70800.0
2018-05-10 09:32:28.030,202463,223510,B,,20180510,708.0,93228030,100,70800.0
2018-05-10 09:32:28.030,204092,223510,B,,20180510,708.0,93228030,100,70800.0
2018-05-10 09:32:28.130,140071,223567,B,,20180510,708.08,93228130,100,70808.0
2018-05-10 09:32:28.130,125202,223567,B,,20180510,708.18,93228130,100,70818.0
2018-05-10 09:32:28.130,93507,223567,B,,20180510,708.2,93228130,100,70820.0
2018-05-10 09:32:29.490,224316,223779,S,,20180510,708.02,93229490,300,212406.0
2018-05-10 09:32:29.490,224316,223510,S,,20180510,708.0,93229490,100,70800.0
2018-05-10 09:32:29.720,110914,224445,B,,20180510,708.33,93229720,100,70833.0
2018-05-10 09:32:29.720,59407,224445,B,,20180510,708.43,93229720,100,70843.0
2018-05-10 09:32:29.720,183768,224445,B,,20180510,708.5,93229720,100,70850.0
2018-05-10 09:32:30.680,19983,224868,B,,20180510,708.55,93230680,300,212565.0
2018-05-10 09:32:30.680,27691,224868,B,,20180510,708.55,93230680,100,70855.0
2018-05-10 09:32:30.950,136464,225069,B,,20180510,708.8,93230950,100,70880.0
2018-05-10 09:32:30.950,29333,225069,B,,20180510,708.86,93230950,100,70886.0
2018-05-10 09:32:30.950,61253,225069,B,,20180510,708.88,93230950,100,70888.0
2018-05-10 09:32:31.690,225462,224868,S,,20180510,708.55,93231690,100,70855.0
2018-05-10 09:32:32.190,225692,224935,S,,20180510,708.55,93232190,100,70855.0
2018-05-10 09:32:32.210,225704,225095,S,,20180510,708.55,93232210,200,141710.0
2018-05-10 09:32:32.210,225704,225144,S,,20180510,708.55,93232210,100,70855.0
2018-05-10 09:32:32.210,225704,225165,S,,20180510,708.55,93232210,100,70855.0
2018-05-10 09:32:32.210,225704,225297,S,,20180510,708.55,93232210,100,70855.0
2018-05-10 09:32:32.210,225704,225319,S,,20180510,708.55,93232210,100,70855.0
2018-05-10 09:32:32.660,225588,225901,B,,20180510,708.68,93232660,300,212603.99999999997
2018-05-10 09:32:33.010,225588,226044,B,,20180510,708.68,93233010,400,283472.0
2018-05-10 09:32:33.110,225588,226093,B,,20180510,708.68,93233110,200,141736.0
2018-05-10 09:32:33.540,225588,226302,B,,20180510,708.68,93233540,100,70868.0
2018-05-10 09:32:33.540,105075,226302,B,,20180510,708.88,93233540,400,283552.0
2018-05-10 09:32:34.110,105075,226678,B,,20180510,708.88,93234110,100,70888.0
2018-05-10 09:32:34.110,189132,226678,B,,20180510,708.88,93234110,100,70888.0
2018-05-10 09:32:34.290,226759,226365,S,,20180510,708.68,93234290,100,70868.0
2018-05-10 09:32:34.730,112218,226986,B,,20180510,708.95,93234730,100,70895.0
2018-05-10 09:32:34.730,107058,226986,B,,20180510,708.97,93234730,300,212691.0
2018-05-10 09:32:35.980,107058,227584,B,,20180510,708.97,93235980,100,70897.0
2018-05-10 09:32:35.980,10069,227584,B,,20180510,708.98,93235980,200,141796.0
2018-05-10 09:32:36.560,10069,227854,B,,20180510,708.98,93236560,100,70898.0
2018-05-10 09:32:36.560,128271,227854,B,,20180510,708.98,93236560,100,70898.0
2018-05-10 09:32:36.740,227970,227854,S,,20180510,708.98,93236740,100,70898.0
2018-05-10 09:32:36.740,227972,227854,S,,20180510,708.98,93236740,100,70898.0
2018-05-10 09:32:36.800,228000,227854,S,,20180510,708.98,93236800,100,70898.0
2018-05-10 09:32:36.800,228000,227577,S,,20180510,708.95,93236800,600,425370.0
2018-05-10 09:32:36.800,228000,227958,S,,20180510,708.95,93236800,100,70895.0
2018-05-10 09:32:36.800,228000,227959,S,,20180510,708.91,93236800,100,70891.0
2018-05-10 09:32:36.800,228000,227759,S,,20180510,708.88,93236800,100,70888.0
2018-05-10 09:32:36.800,228000,227960,S,,20180510,708.87,93236800,100,70887.0
2018-05-10 09:32:36.800,228000,227961,S,,20180510,708.83,93236800,100,70883.0
2018-05-10 09:32:36.800,228000,227002,S,,20180510,708.8,93236800,200,141760.0
2018-05-10 09:32:36.800,228000,227962,S,,20180510,708.79,93236800,100,70879.0
2018-05-10 09:32:36.800,228000,227963,S,,20180510,708.75,93236800,100,70875.0
2018-05-10 09:32:36.800,228000,226724,S,,20180510,708.68,93236800,1200,850415.9999999999
2018-05-10 09:32:36.800,228000,226725,S,,20180510,708.68,93236800,500,354340.0
2018-05-10 09:32:36.800,228000,227495,S,,20180510,708.68,93236800,1600,1133888.0
2018-05-10 09:32:37.180,17181,228227,B,,20180510,709.0,93237180,100,70900.0
2018-05-10 09:32:37.180,32916,228227,B,,20180510,709.0,93237180,500,354500.0
2018-05-10 09:32:37.180,103986,228227,B,,20180510,709.0,93237180,200,141800.0
2018-05-10 09:32:37.180,167158,228227,B,,20180510,709.0,93237180,100,70900.0
2018-05-10 09:32:38.000,187064,228639,B,,20180510,709.0,93238000,100,70900.0
2018-05-10 09:32:38.000,201407,228639,B,,20180510,709.0,93238000,100,70900.0
2018-05-10 09:32:38.280,228744,228639,S,,20180510,709.0,93238280,100,70900.0
2018-05-10 09:32:39.110,74007,229146,B,,20180510,709.1,93239110,100,70910.0
2018-05-10 09:32:39.420,224898,229279,B,,20180510,709.19,93239420,300,212757.00000000003
2018-05-10 09:32:40.370,224898,229803,B,,20180510,709.19,93240370,200,141838.0
2018-05-10 09:32:40.520,229880,229133,S,,20180510,709.0,93240520,100,70900.0
2018-05-10 09:32:41.040,59461,230114,B,,20180510,709.43,93241040,100,70943.0
2018-05-10 09:32:41.040,119233,230114,B,,20180510,709.5,93241040,100,70950.0
2018-05-10 09:32:42.220,230707,230114,S,,20180510,709.5,93242220,100,70950.0
2018-05-10 09:32:42.220,230707,230501,S,,20180510,709.43,93242220,300,212828.99999999997
2018-05-10 09:32:42.220,230707,230509,S,,20180510,709.43,93242220,300,212828.99999999997
2018-05-10 09:32:42.220,230707,230534,S,,20180510,709.43,93242220,300,212828.99999999997
2018-05-10 09:32:42.290,154077,230760,B,,20180510,709.56,93242290,300,212867.99999999997
2018-05-10 09:32:42.790,231042,230324,S,,20180510,709.19,93242790,100,70919.0
2018-05-10 09:32:42.910,154077,231089,B,,20180510,709.56,93242910,200,141912.0
2018-05-10 09:32:42.910,154077,231091,B,,20180510,709.56,93242910,100,70956.0
2018-05-10 09:32:42.910,154077,231095,B,,20180510,709.56,93242910,100,70956.0
2018-05-10 09:32:42.910,154077,231106,B,,20180510,709.56,93242910,100,70956.0
2018-05-10 09:32:42.910,154077,231107,B,,20180510,709.56,93242910,100,70956.0
2018-05-10 09:32:42.910,154077,231108,B,,20180510,709.56,93242910,100,70956.0
2018-05-10 09:32:43.740,231540,231156,S,,20180510,709.56,93243740,100,70956.0
2018-05-10 09:32:44.260,231774,231156,S,,20180510,709.56,93244260,100,70956.0
2018-05-10 09:32:44.260,231774,231167,S,,20180510,709.56,93244260,200,141912.0
2018-05-10 09:32:44.260,231774,231208,S,,20180510,709.56,93244260,200,141912.0
2018-05-10 09:32:44.260,231774,231210,S,,20180510,709.56,93244260,100,70956.0
2018-05-10 09:32:44.260,231774,231299,S,,20180510,709.56,93244260,100,70956.0
2018-05-10 09:32:44.260,231774,231615,S,,20180510,709.56,93244260,300,212867.99999999997
2018-05-10 09:32:44.260,231774,231669,S,,20180510,709.56,93244260,700,496691.99999999994
2018-05-10 09:32:44.260,231774,231770,S,,20180510,709.56,93244260,100,70956.0
2018-05-10 09:32:44.260,231774,230783,S,,20180510,709.19,93244260,200,141838.0
2018-05-10 09:32:44.350,231826,230783,S,,20180510,709.19,93244350,100,70919.0
2018-05-10 09:32:44.570,201148,231924,B,,20180510,709.6,93244570,100,70960.0
2018-05-10 09:32:44.570,35023,231924,B,,20180510,709.79,93244570,100,70979.0
2018-05-10 09:32:44.570,178730,231924,B,,20180510,709.8,93244570,100,70980.0
2018-05-10 09:32:44.810,232034,231874,S,,20180510,709.56,93244810,100,70956.0
2018-05-10 09:32:45.860,5768,232595,B,,20180510,709.88,93245860,100,70988.0
2018-05-10 09:32:45.910,58640,232619,B,,20180510,709.88,93245910,100,70988.0
2018-05-10 09:32:46.130,64113,232734,B,,20180510,709.88,93246130,100,70988.0
2018-05-10 09:32:46.430,232794,232890,B,,20180510,709.87,93246430,100,70987.0
2018-05-10 09:32:46.630,64113,232991,B,,20180510,709.88,93246630,100,70988.0
2018-05-10 09:32:46.630,14418,232991,B,,20180510,709.9,93246630,100,70990.0
2018-05-10 09:32:48.380,183811,233837,B,,20180510,709.9,93248380,300,212970.0
2018-05-10 09:32:48.450,183811,233868,B,,20180510,709.9,93248450,300,212970.0
2018-05-10 09:32:48.620,183811,233945,B,,20180510,709.9,93248620,200,141980.0
2018-05-10 09:32:48.620,98880,233945,B,,20180510,709.95,93248620,100,70995.0
2018-05-10 09:32:49.100,98880,234213,B,,20180510,709.95,93249100,100,70995.0
2018-05-10 09:32:49.100,112223,234213,B,,20180510,709.95,93249100,200,141990.0
2018-05-10 09:32:49.470,233102,234413,B,,20180510,709.96,93249470,100,70996.0
2018-05-10 09:32:50.130,49468,234709,B,,20180510,709.97,93250130,300,212991.0
2018-05-10 09:32:50.280,49468,234796,B,,20180510,709.97,93250280,300,212991.0
2018-05-10 09:32:50.440,234859,234068,S,,20180510,709.9,93250440,100,70990.0
2018-05-10 09:32:51.520,235297,234094,S,,20180510,709.9,93251520,100,70990.0
2018-05-10 09:32:51.730,49468,235383,B,,20180510,709.97,93251730,100,70997.0
2018-05-10 09:32:51.800,49468,235426,B,,20180510,709.97,93251800,100,70997.0
2018-05-10 09:32:51.830,49468,235428,B,,20180510,709.97,93251830,100,70997.0
2018-05-10 09:32:51.830,49468,235429,B,,20180510,709.97,93251830,100,70997.0
2018-05-10 09:32:51.830,235444,234095,S,,20180510,709.9,93251830,100,70990.0
2018-05-10 09:32:51.830,57416,235448,B,,20180510,709.97,93251830,100,70997.0
2018-05-10 09:32:51.830,133240,235448,B,,20180510,709.97,93251830,100,70997.0
2018-05-10 09:32:52.200,91150,235656,B,,20180510,709.98,93252200,100,70998.0
2018-05-10 09:32:52.200,198550,235656,B,,20180510,709.98,93252200,100,70998.0
2018-05-10 09:32:52.200,234331,235656,B,,20180510,709.98,93252200,100,70998.0
2018-05-10 09:32:52.200,108512,235656,B,,20180510,709.99,93252200,100,70999.0
2018-05-10 09:32:52.200,122360,235656,B,,20180510,709.99,93252200,100,70999.0
2018-05-10 09:32:52.200,128568,235656,B,,20180510,709.99,93252200,100,70999.0
2018-05-10 09:32:52.200,186828,235656,B,,20180510,709.99,93252200,100,70999.0
2018-05-10 09:32:52.200,235621,235656,B,,20180510,709.99,93252200,100,70999.0
2018-05-10 09:32:52.200,94,235656,B,,20180510,710.0,93252200,100,71000.0
2018-05-10 09:32:52.200,1146,235656,B,,20180510,710.0,93252200,500,355000.0
2018-05-10 09:32:52.200,3258,235656,B,,20180510,710.0,93252200,100,71000.0
2018-05-10 09:32:52.200,6219,235656,B,,20180510,710.0,93252200,100,71000.0
2018-05-10 09:32:52.200,8162,235656,B,,20180510,710.0,93252200,100,71000.0
2018-05-10 09:32:52.200,8310,235656,B,,20180510,710.0,93252200,200,142000.0
2018-05-10 09:32:52.200,13808,235656,B,,20180510,710.0,93252200,200,142000.0
2018-05-10 09:32:52.200,20519,235656,B,,20180510,710.0,93252200,200,142000.0
2018-05-10 09:32:52.200,35147,235656,B,,20180510,710.0,93252200,100,71000.0
2018-05-10 09:32:52.200,45729,235656,B,,20180510,710.0,93252200,100,71000.0
2018-05-10 09:32:52.200,47975,235656,B,,20180510,710.0,93252200,300,213000.0
2018-05-10 09:32:52.200,51316,235656,B,,20180510,710.0,93252200,500,355000.0
2018-05-10 09:32:52.200,53130,235656,B,,20180510,710.0,93252200,100,71000.0
2018-05-10 09:32:52.200,53322,235656,B,,20180510,710.0,93252200,500,355000.0
2018-05-10 09:32:52.200,54868,235656,B,,20180510,710.0,93252200,100,71000.0
2018-05-10 09:32:52.200,56276,235656,B,,20180510,710.0,93252200,100,71000.0
2018-05-10 09:32:52.200,83859,235656,B,,20180510,710.0,93252200,100,71000.0
2018-05-10 09:32:52.200,86967,235656,B,,20180510,710.0,93252200,100,71000.0
2018-05-10 09:32:52.200,96294,235656,B,,20180510,710.0,93252200,100,71000.0
2018-05-10 09:32:52.200,97512,235656,B,,20180510,710.0,93252200,100,71000.0
2018-05-10 09:32:52.200,100425,235656,B,,20180510,710.0,93252200,100,71000.0
2018-05-10 09:32:52.200,110461,235656,B,,20180510,710.0,93252200,100,71000.0
2018-05-10 09:32:52.200,115889,235656,B,,20180510,710.0,93252200,100,71000.0
2018-05-10 09:32:52.200,125681,235656,B,,20180510,710.0,93252200,200,142000.0
2018-05-10 09:32:52.200,136883,235656,B,,20180510,710.0,93252200,100,71000.0
2018-05-10 09:32:52.200,151959,235656,B,,20180510,710.0,93252200,100,71000.0
2018-05-10 09:32:52.200,172744,235656,B,,20180510,710.0,93252200,100,71000.0
2018-05-10 09:32:52.200,193021,235656,B,,20180510,710.0,93252200,200,142000.0
2018-05-10 09:32:52.200,205023,235656,B,,20180510,710.0,93252200,100,71000.0
2018-05-10 09:32:52.200,218036,235656,B,,20180510,710.0,93252200,500,355000.0
2018-05-10 09:32:52.200,223526,235656,B,,20180510,710.0,93252200,1000,710000.0
2018-05-10 09:32:52.200,228879,235656,B,,20180510,710.0,93252200,300,213000.0
2018-05-10 09:32:52.200,230093,235656,B,,20180510,710.0,93252200,100,71000.0
2018-05-10 09:32:52.200,234136,235656,B,,20180510,710.0,93252200,100,71000.0
2018-05-10 09:32:52.780,235947,235656,S,,20180510,710.0,93252780,100,71000.0
2018-05-10 09:32:53.840,236344,235656,S,,20180510,710.0,93253840,100,71000.0
2018-05-10 09:32:54.690,98544,236755,B,,20180510,710.5,93254690,100,71050.0
2018-05-10 09:32:54.690,213930,236755,B,,20180510,710.5,93254690,100,71050.0
2018-05-10 09:32:54.690,4878,236755,B,,20180510,710.58,93254690,100,71058.0
2018-05-10 09:32:54.690,110661,236755,B,,20180510,710.65,93254690,300,213195.0
2018-05-10 09:32:55.140,237009,235656,S,,20180510,710.0,93255140,500,355000.0
2018-05-10 09:32:55.320,237084,235656,S,,20180510,710.0,93255320,100,71000.0
2018-05-10 09:32:55.540,237204,235656,S,,20180510,710.0,93255540,600,426000.0
2018-05-10 09:32:55.540,237204,236666,S,,20180510,710.0,93255540,100,71000.0
2018-05-10 09:32:55.540,237204,236833,S,,20180510,710.0,93255540,100,71000.0
2018-05-10 09:32:55.540,237204,236995,S,,20180510,710.0,93255540,100,71000.0
2018-05-10 09:32:55.540,237204,237095,S,,20180510,710.0,93255540,500,355000.0
2018-05-10 09:32:55.540,237204,236902,S,,20180510,709.98,93255540,300,212994.0
2018-05-10 09:32:55.540,237204,235472,S,,20180510,709.97,93255540,100,70997.0
2018-05-10 09:32:55.540,237204,235590,S,,20180510,709.97,93255540,100,70997.0
2018-05-10 09:32:55.540,237204,235757,S,,20180510,709.97,93255540,100,70997.0
2018-05-10 09:32:55.840,237348,237303,S,,20180510,709.98,93255840,100,70998.0
2018-05-10 09:32:56.660,237752,237677,S,,20180510,710.37,93256660,100,71037.0
2018-05-10 09:32:57.200,238014,237677,S,,20180510,710.37,93257200,500,355185.0
2018-05-10 09:32:57.200,238014,237986,S,,20180510,710.0,93257200,300,213000.0
2018-05-10 09:32:57.340,238084,237986,S,,20180510,710.0,93257340,100,71000.0
2018-05-10 09:32:57.460,238023,238135,B,,20180510,710.5,93257460,200,142100.0
2018-05-10 09:32:57.690,238262,237986,S,,20180510,710.0,93257690,200,142000.0
2018-05-10 09:32:57.770,238023,238308,B,,20180510,710.5,93257770,100,71050.0
2018-05-10 09:32:58.070,238434,238308,S,,20180510,710.5,93258070,100,71050.0
2018-05-10 09:32:58.070,238440,238419,S,,20180510,710.5,93258070,100,71050.0
2018-05-10 09:32:58.160,238484,237986,S,,20180510,710.0,93258160,100,71000.0
2018-05-10 09:32:58.360,238557,237986,S,,20180510,710.0,93258360,100,71000.0
2018-05-10 09:32:59.290,238966,238596,S,,20180510,710.5,93259290,100,71050.0
2018-05-10 09:32:59.810,161243,239219,B,,20180510,710.82,93259810,100,71082.0
2018-05-10 09:32:59.850,239251,239220,S,,20180510,710.58,93259850,100,71058.0
2018-05-10 09:33:00.170,58852,239397,B,,20180510,710.88,93300170,100,71088.0
2018-05-10 09:33:00.320,239452,239220,S,,20180510,710.58,93300320,100,71058.0
2018-05-10 09:33:00.540,239565,239220,S,,20180510,710.58,93300540,500,355290.0
2018-05-10 09:33:00.960,239618,239768,B,,20180510,710.8,93300960,500,355400.0
2018-05-10 09:33:00.960,18693,239768,B,,20180510,710.9,93300960,100,71090.0
2018-05-10 09:33:00.960,54090,239768,B,,20180510,710.9,93300960,300,213270.0
2018-05-10 09:33:00.960,226785,239768,B,,20180510,710.9,93300960,300,213270.0
2018-05-10 09:33:00.960,226785,239769,B,,20180510,710.9,93300960,200,142180.0
2018-05-10 09:33:00.960,226785,239770,B,,20180510,710.9,93300960,200,142180.0
2018-05-10 09:33:00.960,226785,239772,B,,20180510,710.9,93300960,100,71090.0
2018-05-10 09:33:01.040,239806,239220,S,,20180510,710.58,93301040,400,284232.0
2018-05-10 09:33:02.090,3032,240302,B,,20180510,711.0,93302090,100,71100.0
2018-05-10 09:33:02.090,6497,240302,B,,20180510,711.0,93302090,200,142200.0
2018-05-10 09:33:02.090,24260,240302,B,,20180510,711.0,93302090,100,71100.0
2018-05-10 09:33:02.090,32917,240302,B,,20180510,711.0,93302090,300,213300.0
2018-05-10 09:33:02.210,240348,239827,S,,20180510,710.9,93302210,400,284360.0
2018-05-10 09:33:02.210,240348,239857,S,,20180510,710.9,93302210,200,142180.0
2018-05-10 09:33:02.290,32917,240394,B,,20180510,711.0,93302290,200,142200.0
2018-05-10 09:33:02.620,240541,239857,S,,20180510,710.9,93302620,100,71090.0
2018-05-10 09:33:02.620,54820,240544,B,,20180510,711.0,93302620,100,71100.0
2018-05-10 09:33:02.620,121311,240544,B,,20180510,711.0,93302620,100,71100.0
2018-05-10 09:33:02.750,240596,239934,S,,20180510,710.9,93302750,100,71090.0
2018-05-10 09:33:02.830,240627,239934,S,,20180510,710.9,93302830,100,71090.0
2018-05-10 09:33:02.950,240697,239953,S,,20180510,710.9,93302950,300,213270.0
2018-05-10 09:33:02.950,240697,239971,S,,20180510,710.9,93302950,100,71090.0
2018-05-10 09:33:02.950,240697,240123,S,,20180510,710.9,93302950,400,284360.0
2018-05-10 09:33:02.950,240697,240132,S,,20180510,710.9,93302950,100,71090.0
2018-05-10 09:33:02.950,240697,240133,S,,20180510,710.9,93302950,100,71090.0
2018-05-10 09:33:03.800,122927,241140,B,,20180510,711.0,93303800,1000,711000.0
2018-05-10 09:33:03.800,132099,241140,B,,20180510,711.0,93303800,100,71100.0
2018-05-10 09:33:03.800,154563,241140,B,,20180510,711.0,93303800,300,213300.0
2018-05-10 09:33:03.800,158292,241140,B,,20180510,711.0,93303800,200,142200.0
2018-05-10 09:33:03.800,191116,241140,B,,20180510,711.0,93303800,200,142200.0
2018-05-10 09:33:03.800,224838,241140,B,,20180510,711.0,93303800,100,71100.0
2018-05-10 09:33:05.180,239305,241824,B,,20180510,711.13,93305180,100,71113.0
2018-05-10 09:33:06.030,10756,242218,B,,20180510,711.16,93306030,100,71116.0
2018-05-10 09:33:06.220,242312,241426,S,,20180510,711.0,93306220,100,71100.0
2018-05-10 09:33:06.770,242545,242291,S,,20180510,711.0,93306770,100,71100.0
2018-05-10 09:33:06.830,242590,242291,S,,20180510,711.0,93306830,100,71100.0
2018-05-10 09:33:07.080,10756,242711,B,,20180510,711.16,93307080,100,71116.0
2018-05-10 09:33:07.080,10756,242712,B,,20180510,711.16,93307080,400,284464.0
2018-05-10 09:33:07.940,243151,242712,S,,20180510,711.16,93307940,100,71116.0
2018-05-10 09:33:07.940,243151,242291,S,,20180510,711.0,93307940,100,71100.0
2018-05-10 09:33:08.140,243247,242291,S,,20180510,711.0,93308140,100,71100.0
2018-05-10 09:33:09.220,135717,243791,B,,20180510,711.17,93309220,100,71117.0
2018-05-10 09:33:09.220,105879,243791,B,,20180510,711.18,93309220,300,213353.99999999997
2018-05-10 09:33:09.300,243826,243764,S,,20180510,711.16,93309300,100,71116.0
2018-05-10 09:33:09.560,243922,243959,B,,20180510,711.16,93309560,200,142232.0
2018-05-10 09:33:09.770,244076,243959,S,,20180510,711.16,93309770,100,71116.0
2018-05-10 09:33:10.100,244294,243923,S,,20180510,711.08,93310100,100,71108.0
2018-05-10 09:33:10.370,244407,243923,S,,20180510,711.08,93310370,100,71108.0
2018-05-10 09:33:10.620,244541,243923,S,,20180510,711.08,93310620,100,71108.0
2018-05-10 09:33:10.860,105879,244659,B,,20180510,711.18,93310860,2700,1920185.9999999998
2018-05-10 09:33:12.170,245202,244659,S,,20180510,711.18,93312170,100,71118.0
2018-05-10 09:33:12.190,241377,245224,B,,20180510,711.29,93312190,500,355645.0
2018-05-10 09:33:12.190,10757,245224,B,,20180510,711.36,93312190,500,355680.0
2018-05-10 09:33:12.270,245265,244659,S,,20180510,711.18,93312270,100,71118.0
2018-05-10 09:33:12.570,245386,244659,S,,20180510,711.18,93312570,100,71118.0
2018-05-10 09:33:12.850,245509,244659,S,,20180510,711.18,93312850,100,71118.0
2018-05-10 09:33:12.920,10757,245549,B,,20180510,711.36,93312920,100,71136.0
2018-05-10 09:33:13.060,10757,245603,B,,20180510,711.36,93313060,100,71136.0
2018-05-10 09:33:13.450,59750,245762,B,,20180510,711.5,93313450,100,71150.0
2018-05-10 09:33:13.500,245793,245603,S,,20180510,711.36,93313500,100,71136.0
2018-05-10 09:33:13.740,245890,244659,S,,20180510,711.18,93313740,100,71118.0
2018-05-10 09:33:14.940,246431,245958,S,,20180510,711.36,93314940,100,71136.0
2018-05-10 09:33:14.940,246431,246005,S,,20180510,711.36,93314940,200,142272.0
2018-05-10 09:33:14.940,246431,246247,S,,20180510,711.36,93314940,200,142272.0
2018-05-10 09:33:14.990,10760,246455,B,,20180510,711.56,93314990,100,71156.0
2018-05-10 09:33:15.160,246533,246247,S,,20180510,711.36,93315160,100,71136.0
2018-05-10 09:33:15.300,10760,246611,B,,20180510,711.56,93315300,300,213467.99999999997
2018-05-10 09:33:15.400,10760,246650,B,,20180510,711.56,93315400,100,71156.0
2018-05-10 09:33:15.400,246655,246247,S,,20180510,711.36,93315400,100,71136.0
2018-05-10 09:33:16.230,247063,246247,S,,20180510,711.36,93316230,100,71136.0
2018-05-10 09:33:16.230,10760,247066,B,,20180510,711.56,93316230,100,71156.0
2018-05-10 09:33:17.080,231863,247423,B,,20180510,711.6,93317080,100,71160.0
2018-05-10 09:33:17.170,10761,247479,B,,20180510,711.66,93317170,100,71166.0
2018-05-10 09:33:17.390,247581,246247,S,,20180510,711.36,93317390,100,71136.0
2018-05-10 09:33:17.680,247706,246247,S,,20180510,711.36,93317680,100,71136.0
2018-05-10 09:33:18.260,10761,247961,B,,20180510,711.66,93318260,100,71166.0
2018-05-10 09:33:18.340,247991,247993,B,,20180510,711.5,93318340,100,71150.0
2018-05-10 09:33:18.340,10761,247993,B,,20180510,711.66,93318340,200,142332.0
2018-05-10 09:33:18.420,248023,246247,S,,20180510,711.36,93318420,4900,3485664.0
2018-05-10 09:33:18.590,10761,248112,B,,20180510,711.66,93318590,300,213498.0
2018-05-10 09:33:18.660,248145,246247,S,,20180510,711.36,93318660,100,71136.0
2018-05-10 09:33:18.790,97310,248216,B,,20180510,711.66,93318790,100,71166.0
2018-05-10 09:33:19.600,248600,248216,S,,20180510,711.66,93319600,100,71166.0
2018-05-10 09:33:19.690,127272,248641,B,,20180510,711.68,93319690,100,71168.0
2018-05-10 09:33:19.740,248664,248216,S,,20180510,711.66,93319740,200,142332.0
2018-05-10 09:33:19.740,248664,246247,S,,20180510,711.36,93319740,300,213408.0
2018-05-10 09:33:19.740,248664,246748,S,,20180510,711.36,93319740,100,71136.0
2018-05-10 09:33:19.740,248664,247889,S,,20180510,711.36,93319740,1200,853632.0
2018-05-10 09:33:19.740,248664,248026,S,,20180510,711.36,93319740,1300,924768.0
2018-05-10 09:33:19.740,248664,248379,S,,20180510,711.36,93319740,100,71136.0
2018-05-10 09:33:19.740,248664,248394,S,,20180510,711.36,93319740,100,71136.0
2018-05-10 09:33:19.740,248664,246749,S,,20180510,711.32,93319740,100,71132.0
2018-05-10 09:33:19.740,248664,248393,S,,20180510,711.32,93319740,100,71132.0
2018-05-10 09:33:19.740,248664,248166,S,,20180510,711.28,93319740,100,71128.0
2018-05-10 09:33:19.740,248664,248167,S,,20180510,711.24,93319740,100,71124.0
2018-05-10 09:33:19.740,248664,248168,S,,20180510,711.2,93319740,100,71120.0
2018-05-10 09:33:19.740,248664,245276,S,,20180510,711.18,93319740,100,71118.0
2018-05-10 09:33:19.740,248664,247349,S,,20180510,711.18,93319740,100,71118.0
2018-05-10 09:33:19.740,248664,247933,S,,20180510,711.18,93319740,100,71118.0
2018-05-10 09:33:19.790,248680,246311,S,,20180510,711.16,93319790,100,71116.0
2018-05-10 09:33:19.790,248664,248681,B,,20180510,711.18,93319790,100,71118.0
2018-05-10 09:33:19.920,229242,248736,B,,20180510,711.75,93319920,100,71175.0
2018-05-10 09:33:20.650,249053,249039,S,,20180510,711.69,93320650,200,142338.0
2018-05-10 09:33:20.650,249053,248967,S,,20180510,711.56,93320650,200,142312.0
2018-05-10 09:33:20.650,249053,248986,S,,20180510,711.5,93320650,100,71150.0
2018-05-10 09:33:20.980,249199,248882,S,,20180510,711.36,93320980,100,71136.0
2018-05-10 09:33:21.080,249053,249248,B,,20180510,711.5,93321080,200,142300.0
2018-05-10 09:33:21.740,249053,249531,B,,20180510,711.5,93321740,100,71150.0
2018-05-10 09:33:21.960,249658,248966,S,,20180510,711.36,93321960,100,71136.0
2018-05-10 09:33:22.080,249700,249252,S,,20180510,711.36,93322080,100,71136.0
2018-05-10 09:33:22.080,249700,249628,S,,20180510,711.36,93322080,100,71136.0
2018-05-10 09:33:22.080,249700,249108,S,,20180510,711.18,93322080,100,71118.0
2018-05-10 09:33:22.350,249053,249827,B,,20180510,711.5,93322350,200,142300.0
2018-05-10 09:33:22.810,250009,246358,S,,20180510,711.16,93322810,100,71116.0
2018-05-10 09:33:22.860,250038,246872,S,,20180510,711.16,93322860,100,71116.0
2018-05-10 09:33:23.040,249858,250120,B,,20180510,711.18,93323040,100,71118.0
2018-05-10 09:33:23.090,249864,250138,B,,20180510,711.36,93323090,100,71136.0
2018-05-10 09:33:23.790,249998,250488,B,,20180510,711.36,93323790,100,71136.0
2018-05-10 09:33:23.950,250555,247320,S,,20180510,711.16,93323950,100,71116.0
2018-05-10 09:33:24.020,249998,250588,B,,20180510,711.36,93324020,100,71136.0
2018-05-10 09:33:24.280,250715,250661,S,,20180510,711.17,93324280,100,71117.0
2018-05-10 09:33:24.280,250715,248169,S,,20180510,711.16,93324280,100,71116.0
2018-05-10 09:33:24.540,250363,250847,B,,20180510,711.36,93324540,100,71136.0
2018-05-10 09:33:24.590,250834,250867,B,,20180510,711.36,93324590,100,71136.0
2018-05-10 09:33:25.040,251073,248959,S,,20180510,711.16,93325040,100,71116.0
2018-05-10 09:33:25.040,251075,249377,S,,20180510,711.16,93325040,100,71116.0
2018-05-10 09:33:25.070,251097,251079,S,,20180510,711.16,93325070,100,71116.0
2018-05-10 09:33:25.250,251166,242618,S,,20180510,711.0,93325250,100,71100.0
2018-05-10 09:33:26.040,251559,242764,S,,20180510,711.0,93326040,100,71100.0
2018-05-10 09:33:26.480,251454,251749,B,,20180510,711.16,93326480,100,71116.0
2018-05-10 09:33:26.520,251779,244493,S,,20180510,711.0,93326520,100,71100.0
2018-05-10 09:33:26.520,251779,244935,S,,20180510,711.0,93326520,300,213300.0
2018-05-10 09:33:26.720,251504,251870,B,,20180510,711.16,93326720,100,71116.0
2018-05-10 09:33:26.720,251853,251870,B,,20180510,711.33,93326720,100,71133.0
2018-05-10 09:33:27.100,252056,245637,S,,20180510,711.0,93327100,100,71100.0
2018-05-10 09:33:27.100,252056,247049,S,,20180510,711.0,93327100,800,568800.0
2018-05-10 09:33:27.300,252118,252146,B,,20180510,711.3,93327300,100,71130.0
2018-05-10 09:33:27.350,252178,247049,S,,20180510,711.0,93327350,300,213300.0
2018-05-10 09:33:27.770,252384,247049,S,,20180510,711.0,93327770,100,71100.0
2018-05-10 09:33:28.040,252522,247049,S,,20180510,711.0,93328040,100,71100.0
2018-05-10 09:33:28.280,252640,247049,S,,20180510,711.0,93328280,100,71100.0
2018-05-10 09:33:28.320,252655,247049,S,,20180510,711.0,93328320,200,142200.0
2018-05-10 09:33:28.320,252655,242619,S,,20180510,710.96,93328320,100,71096.0
2018-05-10 09:33:28.320,252655,240629,S,,20180510,710.9,93328320,300,213270.0
2018-05-10 09:33:28.320,252655,241120,S,,20180510,710.9,93328320,100,71090.0
2018-05-10 09:33:28.320,252655,241326,S,,20180510,710.9,93328320,100,71090.0
2018-05-10 09:33:28.320,252655,245736,S,,20180510,710.64,93328320,100,71064.0
2018-05-10 09:33:28.320,252655,239220,S,,20180510,710.58,93328320,200,142116.0
2018-05-10 09:33:28.320,252655,244223,S,,20180510,710.5,93328320,100,71050.0
2018-05-10 09:33:28.320,252655,246338,S,,20180510,710.5,93328320,100,71050.0
2018-05-10 09:33:28.320,252655,241956,S,,20180510,710.0,93328320,100,71000.0
2018-05-10 09:33:28.320,252655,237647,S,,20180510,709.98,93328320,100,70998.0
2018-05-10 09:33:28.320,252655,237608,S,,20180510,709.95,93328320,1000,709950.0
2018-05-10 09:33:28.320,252655,235344,S,,20180510,709.9,93328320,300,212970.0
2018-05-10 09:33:28.320,252655,235532,S,,20180510,709.9,93328320,100,70990.0
2018-05-10 09:33:28.320,252655,241374,S,,20180510,709.9,93328320,200,141980.0
2018-05-10 09:33:28.320,252655,235225,S,,20180510,709.88,93328320,400,283952.0
2018-05-10 09:33:28.320,252655,247858,S,,20180510,709.56,93328320,100,70956.0
2018-05-10 09:33:28.320,252655,232003,S,,20180510,709.19,93328320,100,70919.0
2018-05-10 09:33:28.320,252655,246969,S,,20180510,709.19,93328320,100,70919.0
2018-05-10 09:33:28.320,252655,234167,S,,20180510,709.0,93328320,200,141800.0
2018-05-10 09:33:29.090,252872,253008,B,,20180510,710.75,93329090,100,71075.0
2018-05-10 09:33:29.240,252872,253073,B,,20180510,710.75,93329240,100,71075.0
2018-05-10 09:33:29.240,252872,253074,B,,20180510,710.75,93329240,100,71075.0
2018-05-10 09:33:29.240,252872,253084,B,,20180510,710.75,93329240,100,71075.0
2018-05-10 09:33:29.800,253124,253361,B,,20180510,709.99,93329800,100,70999.0
2018-05-10 09:33:29.800,252872,253361,B,,20180510,710.75,93329800,200,142150.0
2018-05-10 09:33:30.040,252872,253467,B,,20180510,710.75,93330040,700,497525.0
2018-05-10 09:33:31.260,252872,254048,B,,20180510,710.75,93331260,100,71075.0
2018-05-10 09:33:31.500,254067,254144,B,,20180510,710.5,93331500,100,71050.0
2018-05-10 09:33:31.500,252872,254144,B,,20180510,710.75,93331500,100,71075.0
2018-05-10 09:33:31.500,253734,254144,B,,20180510,710.75,93331500,100,71075.0
2018-05-10 09:33:31.530,253734,254151,B,,20180510,710.75,93331530,100,71075.0
2018-05-10 09:33:31.530,254049,254151,B,,20180510,710.75,93331530,100,71075.0
2018-05-10 09:33:31.610,254049,254195,B,,20180510,710.75,93331610,200,142150.0
2018-05-10 09:33:31.610,254040,254195,B,,20180510,710.9,93331610,100,71090.0
2018-05-10 09:33:31.610,253920,254195,B,,20180510,711.0,93331610,700,497700.0
2018-05-10 09:33:31.800,253920,254279,B,,20180510,711.0,93331800,100,71100.0
2018-05-10 09:33:33.240,253920,254937,B,,20180510,711.0,93333240,100,71100.0
2018-05-10 09:33:33.760,255098,255203,B,,20180510,710.0,93333760,100,71000.0
2018-05-10 09:33:34.040,255098,255378,B,,20180510,710.0,93334040,500,355000.0
2018-05-10 09:33:34.040,253920,255378,B,,20180510,711.0,93334040,300,213300.0
2018-05-10 09:33:34.570,253920,255628,B,,20180510,711.0,93334570,200,142200.0
2018-05-10 09:33:34.740,255648,255703,B,,20180510,710.0,93334740,100,71000.0
2018-05-10 09:33:34.740,253920,255703,B,,20180510,711.0,93334740,100,71100.0
2018-05-10 09:33:34.740,254082,255703,B,,20180510,711.0,93334740,300,213300.0
2018-05-10 09:33:35.680,254082,256123,B,,20180510,711.0,93335680,600,426600.0
2018-05-10 09:33:36.320,256263,256418,B,,20180510,710.74,93336320,500,355370.0
2018-05-10 09:33:36.320,256195,256418,B,,20180510,710.99,93336320,300,213297.0
2018-05-10 09:33:36.320,254082,256418,B,,20180510,711.0,93336320,100,71100.0
2018-05-10 09:33:36.320,254301,256418,B,,20180510,711.0,93336320,100,71100.0
2018-05-10 09:33:36.320,254399,256418,B,,20180510,711.0,93336320,100,71100.0
2018-05-10 09:33:36.320,254409,256418,B,,20180510,711.0,93336320,100,71100.0
2018-05-10 09:33:36.760,254409,256722,B,,20180510,711.0,93336760,100,71100.0
2018-05-10 09:33:38.130,256906,257464,B,,20180510,710.95,93338130,100,71095.0
2018-05-10 09:33:38.220,256906,257511,B,,20180510,710.95,93338220,100,71095.0
2018-05-10 09:33:38.290,256906,257539,B,,20180510,710.95,93338290,100,71095.0
2018-05-10 09:33:38.310,257557,234167,S,,20180510,709.0,93338310,100,70900.0
2018-05-10 09:33:38.660,256906,257704,B,,20180510,710.95,93338660,100,71095.0
2018-05-10 09:33:39.230,256906,257972,B,,20180510,710.95,93339230,100,71095.0
2018-05-10 09:33:39.540,256906,258106,B,,20180510,710.95,93339540,100,71095.0
2018-05-10 09:33:39.900,256906,258332,B,,20180510,710.95,93339900,500,355475.0
2018-05-10 09:33:40.510,256906,258629,B,,20180510,710.95,93340510,400,284380.0
2018-05-10 09:33:40.510,257777,258629,B,,20180510,710.95,93340510,100,71095.0
2018-05-10 09:33:40.510,257798,258629,B,,20180510,710.95,93340510,1500,1066425.0
2018-05-10 09:33:40.510,257812,258629,B,,20180510,710.99,93340510,100,71099.0
2018-05-10 09:33:40.510,258455,258629,B,,20180510,710.99,93340510,200,142198.0
2018-05-10 09:33:40.510,254409,258629,B,,20180510,711.0,93340510,400,284400.0
2018-05-10 09:33:40.510,254800,258629,B,,20180510,711.0,93340510,1000,711000.0
2018-05-10 09:33:40.510,256614,258629,B,,20180510,711.0,93340510,100,71100.0
2018-05-10 09:33:40.510,256728,258629,B,,20180510,711.0,93340510,100,71100.0
2018-05-10 09:33:40.510,256975,258629,B,,20180510,711.0,93340510,100,71100.0
2018-05-10 09:33:40.510,257024,258629,B,,20180510,711.0,93340510,100,71100.0
2018-05-10 09:33:40.510,257142,258629,B,,20180510,711.0,93340510,100,71100.0
2018-05-10 09:33:40.510,257224,258629,B,,20180510,711.0,93340510,100,71100.0
2018-05-10 09:33:40.510,257306,258629,B,,20180510,711.0,93340510,100,71100.0
2018-05-10 09:33:40.510,257568,258629,B,,20180510,711.0,93340510,100,71100.0
2018-05-10 09:33:40.510,257653,258629,B,,20180510,711.0,93340510,100,71100.0
2018-05-10 09:33:40.510,258017,258629,B,,20180510,711.0,93340510,100,71100.0
2018-05-10 09:33:40.510,258044,258629,B,,20180510,711.0,93340510,100,71100.0
2018-05-10 09:33:40.510,258194,258629,B,,20180510,711.0,93340510,3100,2204100.0
2018-05-10 09:33:40.510,258279,258629,B,,20180510,711.0,93340510,1200,853200.0
2018-05-10 09:33:40.510,258387,258629,B,,20180510,711.0,93340510,100,71100.0
2018-05-10 09:33:40.510,258517,258629,B,,20180510,711.0,93340510,100,71100.0
2018-05-10 09:33:40.510,256615,258629,B,,20180510,711.05,93340510,100,71105.0
2018-05-10 09:33:40.510,257026,258629,B,,20180510,711.05,93340510,100,71105.0
2018-05-10 09:33:40.510,257025,258629,B,,20180510,711.1,93340510,100,71110.0
2018-05-10 09:33:40.510,253531,258629,B,,20180510,711.11,93340510,100,71111.0
2018-05-10 09:33:40.510,257391,258629,B,,20180510,711.11,93340510,500,355555.0
2018-05-10 09:33:40.510,258008,258629,B,,20180510,711.11,93340510,100,71111.0
2018-05-10 09:33:40.510,253154,258629,B,,20180510,711.16,93340510,100,71116.0
2018-05-10 09:33:40.510,255013,258629,B,,20180510,711.16,93340510,100,71116.0
2018-05-10 09:33:40.510,257138,258629,B,,20180510,711.16,93340510,100,71116.0
2018-05-10 09:33:40.510,254020,258629,B,,20180510,711.3,93340510,1000,711300.0
2018-05-10 09:33:40.680,258687,258693,B,,20180510,711.0,93340680,100,71100.0
2018-05-10 09:33:40.800,258762,258066,S,,20180510,710.75,93340800,100,71075.0
2018-05-10 09:33:41.320,258761,258977,B,,20180510,711.0,93341320,100,71100.0
2018-05-10 09:33:41.860,258997,259178,B,,20180510,710.8,93341860,100,71080.0
2018-05-10 09:33:42.610,259514,259407,S,,20180510,710.75,93342610,100,71075.0
2018-05-10 09:33:42.760,259533,259577,B,,20180510,710.52,93342760,100,71052.0
2018-05-10 09:33:43.110,259808,258191,S,,20180510,709.5,93343110,100,70950.0
2018-05-10 09:33:43.110,259808,234167,S,,20180510,709.0,93343110,200,141800.0
2018-05-10 09:33:43.110,259808,256969,S,,20180510,709.0,93343110,100,70900.0
2018-05-10 09:33:43.790,259515,260106,B,,20180510,710.75,93343790,100,71075.0
2018-05-10 09:33:43.790,259746,260106,B,,20180510,710.75,93343790,100,71075.0
2018-05-10 09:33:44.120,259796,260237,B,,20180510,710.75,93344120,100,71075.0
2018-05-10 09:33:44.200,259342,260272,B,,20180510,710.86,93344200,100,71086.0
2018-05-10 09:33:44.320,259342,260352,B,,20180510,710.86,93344320,400,284344.0
2018-05-10 09:33:44.320,259430,260352,B,,20180510,710.91,93344320,2000,1421820.0
2018-05-10 09:33:44.550,260438,260237,S,,20180510,710.75,93344550,100,71075.0
2018-05-10 09:33:45.170,259430,260698,B,,20180510,710.91,93345170,1000,710910.0
2018-05-10 09:33:45.170,260013,260698,B,,20180510,710.94,93345170,300,213282.00000000003
2018-05-10 09:33:45.170,260475,260698,B,,20180510,710.95,93345170,100,71095.0
2018-05-10 09:33:45.170,259572,260698,B,,20180510,710.96,93345170,500,355480.0
2018-05-10 09:33:45.170,259417,260698,B,,20180510,710.99,93345170,300,213297.0
2018-05-10 09:33:45.170,259423,260698,B,,20180510,710.99,93345170,100,71099.0
2018-05-10 09:33:45.170,259730,260698,B,,20180510,710.99,93345170,100,71099.0
2018-05-10 09:33:45.170,260014,260698,B,,20180510,710.99,93345170,100,71099.0
2018-05-10 09:33:45.170,258859,260698,B,,20180510,711.0,93345170,300,213300.0
2018-05-10 09:33:45.170,259039,260698,B,,20180510,711.0,93345170,100,71100.0
2018-05-10 09:33:45.170,259109,260698,B,,20180510,711.0,93345170,100,71100.0
2018-05-10 09:33:45.170,259431,260698,B,,20180510,711.0,93345170,100,71100.0
2018-05-10 09:33:45.170,260682,260698,B,,20180510,711.0,93345170,100,71100.0
2018-05-10 09:33:45.170,260690,260698,B,,20180510,711.0,93345170,100,71100.0
2018-05-10 09:33:45.640,260883,260698,S,,20180510,711.0,93345640,200,142200.0
2018-05-10 09:33:45.690,260899,260698,S,,20180510,711.0,93345690,100,71100.0
2018-05-10 09:33:45.730,260913,260698,S,,20180510,711.0,93345730,100,71100.0
2018-05-10 09:33:45.760,259603,260950,B,,20180510,711.1,93345760,100,71110.0
2018-05-10 09:33:45.760,259341,260950,B,,20180510,711.16,93345760,100,71116.0
2018-05-10 09:33:45.760,259852,260950,B,,20180510,711.16,93345760,100,71116.0
2018-05-10 09:33:46.000,261058,260698,S,,20180510,711.0,93346000,100,71100.0
2018-05-10 09:33:46.020,261063,260698,S,,20180510,711.0,93346020,500,355500.0
2018-05-10 09:33:46.120,261111,260698,S,,20180510,711.0,93346120,300,213300.0
2018-05-10 09:33:46.170,261135,260698,S,,20180510,711.0,93346170,100,71100.0
2018-05-10 09:33:46.270,261189,260698,S,,20180510,711.0,93346270,100,71100.0
2018-05-10 09:33:46.340,261223,260698,S,,20180510,711.0,93346340,200,142200.0
2018-05-10 09:33:46.380,261248,260698,S,,20180510,711.0,93346380,100,71100.0
2018-05-10 09:33:46.560,261313,260698,S,,20180510,711.0,93346560,100,71100.0
2018-05-10 09:33:46.560,261323,260698,S,,20180510,711.0,93346560,100,71100.0
2018-05-10 09:33:46.870,261459,260698,S,,20180510,711.0,93346870,100,71100.0
2018-05-10 09:33:46.890,261472,260698,S,,20180510,711.0,93346890,100,71100.0
2018-05-10 09:33:46.980,261509,260698,S,,20180510,711.0,93346980,100,71100.0
2018-05-10 09:33:47.220,261611,260698,S,,20180510,711.0,93347220,100,71100.0
2018-05-10 09:33:47.240,261626,260698,S,,20180510,711.0,93347240,500,355500.0
2018-05-10 09:33:47.920,261919,260698,S,,20180510,711.0,93347920,100,71100.0
2018-05-10 09:33:48.100,261990,260698,S,,20180510,711.0,93348100,200,142200.0
2018-05-10 09:33:48.100,262002,260698,S,,20180510,711.0,93348100,100,71100.0
2018-05-10 09:33:48.170,262039,260698,S,,20180510,711.0,93348170,100,71100.0
2018-05-10 09:33:48.540,262188,260698,S,,20180510,711.0,93348540,100,71100.0
2018-05-10 09:33:48.660,262246,260698,S,,20180510,711.0,93348660,200,142200.0
2018-05-10 09:33:48.780,262317,260759,S,,20180510,711.0,93348780,100,71100.0
2018-05-10 09:33:49.010,262198,262435,B,,20180510,711.08,93349010,100,71108.0
2018-05-10 09:33:49.010,259320,262435,B,,20180510,711.18,93349010,100,71118.0
2018-05-10 09:33:49.010,260476,262435,B,,20180510,711.27,93349010,100,71127.0
2018-05-10 09:33:49.410,262610,261293,S,,20180510,711.0,93349410,100,71100.0
2018-05-10 09:33:49.750,262752,262022,S,,20180510,711.0,93349750,100,71100.0
2018-05-10 09:33:49.830,262782,262022,S,,20180510,711.0,93349830,100,71100.0
2018-05-10 09:33:50.130,262912,262022,S,,20180510,711.0,93350130,1100,782100.0
2018-05-10 09:33:50.130,262912,262359,S,,20180510,711.0,93350130,100,71100.0
2018-05-10 09:33:50.290,262983,261204,S,,20180510,710.76,93350290,100,71076.0
2018-05-10 09:33:52.100,262983,263764,B,,20180510,710.75,93352100,100,71075.0
2018-05-10 09:33:52.330,262983,263870,B,,20180510,710.75,93352330,100,71075.0
2018-05-10 09:33:53.050,264019,264198,B,,20180510,709.56,93353050,100,70956.0
2018-05-10 09:33:53.080,262983,264212,B,,20180510,710.75,93353080,200,142150.0
2018-05-10 09:33:53.080,263967,264212,B,,20180510,710.75,93353080,100,71075.0
2018-05-10 09:33:53.130,263017,264238,B,,20180510,710.86,93353130,100,71086.0
2018-05-10 09:33:53.130,263161,264238,B,,20180510,710.95,93353130,100,71095.0
2018-05-10 09:33:53.130,263033,264238,B,,20180510,710.97,93353130,200,142194.0
2018-05-10 09:33:53.210,264272,264212,S,,20180510,710.75,93353210,200,142150.0
2018-05-10 09:33:53.310,264298,264305,B,,20180510,710.0,93353310,100,71000.0
2018-05-10 09:33:54.490,263033,264822,B,,20180510,710.97,93354490,100,71097.0
2018-05-10 09:33:55.270,264840,265214,B,,20180510,710.75,93355270,100,71075.0
2018-05-10 09:33:55.440,265290,260064,S,,20180510,709.0,93355440,100,70900.0
2018-05-10 09:33:55.490,264840,265315,B,,20180510,710.75,93355490,200,142150.0
2018-05-10 09:33:55.490,265063,265315,B,,20180510,710.8,93355490,100,71080.0
2018-05-10 09:33:55.490,263033,265315,B,,20180510,710.97,93355490,300,213291.0
2018-05-10 09:33:55.690,265411,265330,S,,20180510,710.01,93355690,100,71001.0
2018-05-10 09:33:56.690,265815,265848,B,,20180510,710.75,93356690,100,71075.0
2018-05-10 09:33:56.880,263033,265940,B,,20180510,710.97,93356880,100,71097.0
2018-05-10 09:33:57.110,266055,265330,S,,20180510,710.01,93357110,100,71001.0
2018-05-10 09:33:57.110,266055,261911,S,,20180510,709.0,93357110,100,70900.0
2018-05-10 09:33:57.110,266055,262457,S,,20180510,709.0,93357110,200,141800.0
2018-05-10 09:33:57.110,266055,265778,S,,20180510,709.0,93357110,100,70900.0
2018-05-10 09:33:57.110,266055,231859,S,,20180510,708.98,93357110,100,70898.0
2018-05-10 09:33:57.110,266055,228236,S,,20180510,708.96,93357110,100,70896.0
2018-05-10 09:33:57.110,266055,265966,S,,20180510,708.35,93357110,200,141670.0
2018-05-10 09:33:57.360,266079,266145,B,,20180510,709.0,93357360,100,70900.0
2018-05-10 09:33:58.050,266465,265966,S,,20180510,708.35,93358050,100,70835.0
