,AskOrder,BidOrder,BSFlags,FunctionCode,Date,Price,Time,Volume,Amount
2018-05-03 09:25:00.150,90414,40147,S,,20180503,666.0,92500150,100,66600.0
2018-05-03 09:25:00.150,26970,40149,B,,20180503,666.0,92500150,100,66600.0
2018-05-03 09:25:00.150,26970,24076,S,,20180503,666.0,92500150,500,333000.0
2018-05-03 09:25:00.150,26971,24076,S,,20180503,666.0,92500150,500,333000.0
2018-05-03 09:25:00.150,26974,24076,S,,20180503,666.0,92500150,600,399600.0
2018-05-03 09:25:00.150,26976,24076,S,,20180503,666.0,92500150,400,266400.0
2018-05-03 09:25:00.150,26976,40142,B,,20180503,666.0,92500150,100,66600.0
2018-05-03 09:25:00.150,70828,40142,S,,20180503,666.0,92500150,200,133200.0
2018-05-03 09:25:00.150,70829,40142,S,,20180503,666.0,92500150,400,266400.0
2018-05-03 09:25:00.150,74144,40142,S,,20180503,666.0,92500150,300,199800.0
2018-05-03 09:25:00.150,74144,71397,S,,20180503,666.0,92500150,400,266400.0
2018-05-03 09:25:00.150,74145,71397,S,,20180503,666.0,92500150,700,466200.0
2018-05-03 09:25:00.150,74325,74150,S,,20180503,666.0,92500150,200,133200.0
2018-05-03 09:25:00.150,74326,74150,S,,20180503,666.0,92500150,200,133200.0
2018-05-03 09:25:00.150,76211,74150,S,,20180503,666.0,92500150,300,199800.0
2018-05-03 09:25:00.150,76211,74335,S,,20180503,666.0,92500150,200,133200.0
2018-05-03 09:25:00.150,76212,74335,S,,20180503,666.0,92500150,200,133200.0
2018-05-03 09:25:00.150,76212,74538,S,,20180503,666.0,92500150,100,66600.0
2018-05-03 09:25:00.150,76212,76214,B,,20180503,666.0,92500150,200,133200.0
2018-05-03 09:25:00.150,78543,76214,S,,20180503,666.0,92500150,300,199800.0
2018-05-03 09:25:00.150,78544,76459,S,,20180503,666.0,92500150,100,66600.0
2018-05-03 09:25:00.150,78544,76663,S,,20180503,666.0,92500150,100,66600.0
2018-05-03 09:25:00.150,78544,78554,B,,20180503,666.0,92500150,100,66600.0
2018-05-03 09:25:00.150,79982,78554,S,,20180503,666.0,92500150,100,66600.0
2018-05-03 09:25:00.150,79982,78768,S,,20180503,666.0,92500150,100,66600.0
2018-05-03 09:25:00.150,79982,78986,S,,20180503,666.0,92500150,100,66600.0
2018-05-03 09:25:00.150,79983,78986,S,,20180503,666.0,92500150,100,66600.0
2018-05-03 09:25:00.150,79983,79984,B,,20180503,666.0,92500150,100,66600.0
2018-05-03 09:25:00.150,79983,80192,B,,20180503,666.0,92500150,100,66600.0
2018-05-03 09:25:00.150,80872,80192,S,,20180503,666.0,92500150,100,66600.0
2018-05-03 09:25:00.150,80872,80644,S,,20180503,666.0,92500150,100,66600.0
2018-05-03 09:25:00.150,80872,80882,B,,20180503,666.0,92500150,400,266400.0
2018-05-03 09:25:00.150,80873,80882,B,,20180503,666.0,92500150,100,66600.0
2018-05-03 09:25:00.150,80873,81102,B,,20180503,666.0,92500150,300,199800.0
2018-05-03 09:25:00.150,80873,81323,B,,20180503,666.0,92500150,100,66600.0
2018-05-03 09:25:00.150,80873,81519,B,,20180503,666.0,92500150,100,66600.0
2018-05-03 09:25:00.150,81317,81519,B,,20180503,666.0,92500150,100,66600.0
2018-05-03 09:25:00.150,81317,81966,B,,20180503,666.0,92500150,200,133200.0
2018-05-03 09:25:00.150,81506,82400,B,,20180503,666.0,92500150,200,133200.0
2018-05-03 09:25:00.150,81506,83311,B,,20180503,666.0,92500150,200,133200.0
2018-05-03 09:25:00.150,83302,83311,B,,20180503,666.0,92500150,400,266400.0
2018-05-03 09:25:00.150,83302,83529,B,,20180503,666.0,92500150,200,133200.0
2018-05-03 09:25:00.150,83302,84019,B,,20180503,666.0,92500150,200,133200.0
2018-05-03 09:25:00.150,84711,84229,S,,20180503,666.0,92500150,200,133200.0
2018-05-03 09:25:00.150,84711,84710,S,,20180503,666.0,92500150,300,199800.0
2018-05-03 09:25:00.150,84711,84968,B,,20180503,666.0,92500150,100,66600.0
2018-05-03 09:25:00.150,86521,84968,S,,20180503,666.0,92500150,300,199800.0
2018-05-03 09:25:00.150,86521,85484,S,,20180503,666.0,92500150,200,133200.0
2018-05-03 09:25:00.150,86521,86538,B,,20180503,666.0,92500150,100,66600.0
2018-05-03 09:25:00.150,91210,86538,S,,20180503,666.0,92500150,100,66600.0
2018-05-03 09:25:00.150,91210,86824,S,,20180503,666.0,92500150,200,133200.0
2018-05-03 09:25:00.150,91210,88906,S,,20180503,666.0,92500150,200,133200.0
2018-05-03 09:25:00.150,91210,90847,S,,20180503,666.0,92500150,100,66600.0
2018-05-03 09:25:00.150,94675,90847,S,,20180503,666.0,92500150,200,133200.0
2018-05-03 09:25:00.150,94675,93356,S,,20180503,666.0,92500150,300,199800.0
2018-05-03 09:25:00.150,94675,94702,B,,20180503,666.0,92500150,100,66600.0
2018-05-03 09:25:00.150,14584,94702,B,,20180503,666.0,92500150,600,399600.0
2018-05-03 09:25:00.150,39145,94702,B,,20180503,666.0,92500150,1,666.0
2018-05-03 09:25:00.150,28343,94702,B,,20180503,666.0,92500150,100,66600.0
2018-05-03 09:25:00.150,43321,94702,B,,20180503,666.0,92500150,100,66600.0
2018-05-03 09:25:00.150,76005,94702,B,,20180503,666.0,92500150,399,265734.0
2018-05-03 09:25:00.150,76005,95199,B,,20180503,666.0,92500150,400,266400.0
2018-05-03 09:25:00.150,76005,95660,B,,20180503,666.0,92500150,800,532800.0
2018-05-03 09:25:00.150,76005,97979,B,,20180503,666.0,92500150,600,399600.0
2018-05-03 09:25:00.150,76005,98979,B,,20180503,666.0,92500150,700,466200.0
2018-05-03 09:25:00.150,76005,26973,S,,20180503,666.0,92500150,400,266400.0
2018-05-03 09:25:00.150,76005,73868,S,,20180503,666.0,92500150,1,666.0
2018-05-03 09:25:00.150,76288,73868,S,,20180503,666.0,92500150,500,333000.0
2018-05-03 09:25:00.150,76530,73868,S,,20180503,666.0,92500150,100,66600.0
2018-05-03 09:25:00.150,76744,73868,S,,20180503,666.0,92500150,100,66600.0
2018-05-03 09:25:00.150,78623,73868,S,,20180503,666.0,92500150,200,133200.0
2018-05-03 09:25:00.150,78759,73868,S,,20180503,666.0,92500150,400,266400.0
2018-05-03 09:25:00.150,78903,73868,S,,20180503,666.0,92500150,99,65934.0
2018-05-03 09:25:00.150,78903,74437,S,,20180503,666.0,92500150,1,666.0
2018-05-03 09:25:00.150,79072,74437,S,,20180503,666.0,92500150,200,133200.0
2018-05-03 09:25:00.150,80074,74437,S,,20180503,666.0,92500150,100,66600.0
2018-05-03 09:25:00.150,80354,74437,S,,20180503,666.0,92500150,200,133200.0
2018-05-03 09:25:00.150,80675,74437,S,,20180503,666.0,92500150,899,598734.0
2018-05-03 09:25:00.150,80675,49173,S,,20180503,666.0,92500150,400,266400.0
2018-05-03 09:25:00.150,80675,71295,S,,20180503,666.0,92500150,300,199800.0
2018-05-03 09:25:00.150,80675,74201,S,,20180503,666.0,92500150,400,266400.0
2018-05-03 09:25:00.150,80675,74375,S,,20180503,666.0,92500150,200,133200.0
2018-05-03 09:25:00.150,80675,76274,S,,20180503,666.0,92500150,200,133200.0
2018-05-03 09:25:00.150,80675,76506,S,,20180503,666.0,92500150,100,66600.0
2018-05-03 09:25:00.150,80675,78593,S,,20180503,666.0,92500150,100,66600.0
2018-05-03 09:25:00.150,80675,79045,S,,20180503,666.0,92500150,100,66600.0
2018-05-03 09:25:00.150,80675,80246,S,,20180503,666.0,92500150,100,66600.0
2018-05-03 09:25:00.150,80675,80689,B,,20180503,666.0,92500150,100,66600.0
2018-05-03 09:25:00.150,80675,80936,B,,20180503,666.0,92500150,200,133200.0
2018-05-03 09:25:00.150,80675,81145,B,,20180503,666.0,92500150,100,66600.0
2018-05-03 09:25:00.150,80675,81569,B,,20180503,666.0,92500150,100,66600.0
2018-05-03 09:25:00.150,80675,82029,B,,20180503,666.0,92500150,100,66600.0
2018-05-03 09:25:00.150,80675,83123,B,,20180503,666.0,92500150,100,66600.0
2018-05-03 09:25:00.150,80675,83357,B,,20180503,666.0,92500150,200,133200.0
2018-05-03 09:25:00.150,80675,83582,B,,20180503,666.0,92500150,100,66600.0
2018-05-03 09:25:00.150,80675,84288,B,,20180503,666.0,92500150,100,66600.0
2018-05-03 09:25:00.150,80675,84768,B,,20180503,666.0,92500150,100,66600.0
2018-05-03 09:25:00.150,80675,85025,B,,20180503,666.0,92500150,200,133200.0
2018-05-03 09:25:00.150,80675,85543,B,,20180503,666.0,92500150,100,66600.0
2018-05-03 09:25:00.150,80675,86897,B,,20180503,666.0,92500150,100,66600.0
2018-05-03 09:25:00.150,80675,87764,B,,20180503,666.0,92500150,100,66600.0
2018-05-03 09:25:00.150,80675,89903,B,,20180503,666.0,92500150,100,66600.0
2018-05-03 09:25:00.150,80675,91320,B,,20180503,666.0,92500150,100,66600.0
2018-05-03 09:25:00.150,80675,94820,B,,20180503,666.0,92500150,101,67266.0
2018-05-03 09:25:00.150,80715,94820,B,,20180503,666.0,92500150,100,66600.0
2018-05-03 09:25:00.150,80874,94820,B,,20180503,666.0,92500150,100,66600.0
2018-05-03 09:25:00.150,80963,94820,B,,20180503,666.0,92500150,199,132534.0
2018-05-03 09:25:00.150,80963,95337,B,,20180503,666.0,92500150,200,133200.0
2018-05-03 09:25:00.150,80963,95779,B,,20180503,666.0,92500150,101,67266.0
2018-05-03 09:25:00.150,81273,95779,B,,20180503,666.0,92500150,199,132534.0
2018-05-03 09:25:00.150,81273,98084,B,,20180503,666.0,92500150,101,67266.0
2018-05-03 09:25:00.150,81377,98084,B,,20180503,666.0,92500150,100,66600.0
2018-05-03 09:25:00.150,81602,98084,B,,20180503,666.0,92500150,99,65934.0
2018-05-03 09:25:00.150,81602,80166,S,,20180503,666.0,92500150,100,66600.0
2018-05-03 09:25:00.150,81602,85426,B,,20180503,666.0,92500150,1,666.0
2018-05-03 09:25:00.150,81765,85426,B,,20180503,666.0,92500150,199,132534.0
2018-05-03 09:25:00.150,81765,28328,S,,20180503,666.0,92500150,401,267066.0
2018-05-03 09:25:00.150,82051,28328,S,,20180503,666.0,92500150,200,133200.0
2018-05-03 09:25:00.150,82485,28328,S,,20180503,666.0,92500150,200,133200.0
2018-05-03 09:25:00.150,82889,28328,S,,20180503,666.0,92500150,300,199800.0
2018-05-03 09:25:00.150,83466,28328,S,,20180503,666.0,92500150,600,399600.0
2018-05-03 09:25:00.150,83633,28328,S,,20180503,666.0,92500150,200,133200.0
2018-05-03 09:25:00.150,84040,28328,S,,20180503,666.0,92500150,899,598734.0
2018-05-03 09:25:00.150,84040,74784,S,,20180503,666.0,92500150,1,666.0
2018-05-03 09:25:00.150,84083,74784,S,,20180503,666.0,92500150,99,65934.0
2018-05-03 09:25:00.150,84083,75082,S,,20180503,666.0,92500150,100,66600.0
2018-05-03 09:25:00.150,84083,82998,S,,20180503,666.0,92500150,1,666.0
2018-05-03 09:25:00.150,84324,82998,S,,20180503,666.0,92500150,200,133200.0
2018-05-03 09:25:00.150,84818,82998,S,,20180503,666.0,92500150,300,199800.0
2018-05-03 09:25:00.150,85142,82998,S,,20180503,666.0,92500150,500,333000.0
2018-05-03 09:25:00.150,85265,82998,S,,20180503,666.0,92500150,200,133200.0
2018-05-03 09:25:00.150,86092,82998,S,,20180503,666.0,92500150,200,133200.0
2018-05-03 09:25:00.150,86664,82998,S,,20180503,666.0,92500150,300,199800.0
2018-05-03 09:25:00.150,88725,82998,S,,20180503,666.0,92500150,200,133200.0
2018-05-03 09:25:00.150,90661,82998,S,,20180503,666.0,92500150,300,199800.0
2018-05-03 09:25:00.150,93248,82998,S,,20180503,666.0,92500150,300,199800.0
2018-05-03 09:25:00.150,94606,82998,S,,20180503,666.0,92500150,1300,865800.0
2018-05-03 09:25:00.150,94925,82998,S,,20180503,666.0,92500150,400,266400.0
2018-05-03 09:25:00.150,95415,82998,S,,20180503,666.0,92500150,800,532800.0
2018-05-03 09:25:00.150,97710,82998,S,,20180503,666.0,92500150,600,399600.0
2018-05-03 09:25:00.150,98694,82998,S,,20180503,666.0,92500150,700,466200.0
2018-05-03 09:25:00.150,84366,82998,S,,20180503,666.0,92500150,500,333000.0
2018-05-03 09:25:00.150,90612,82998,S,,20180503,666.0,92500150,700,466200.0
2018-05-03 09:25:00.150,73986,82998,B,,20180503,666.0,92500150,799,532134.0
2018-05-03 09:25:00.150,73986,86857,B,,20180503,666.0,92500150,100,66600.0
2018-05-03 09:25:00.150,73986,94312,B,,20180503,666.0,92500150,1000,666000.0
2018-05-03 09:25:00.150,73986,76826,B,,20180503,666.0,92500150,100,66600.0
2018-05-03 09:25:00.150,73986,99298,B,,20180503,666.0,92500150,100,66600.0
2018-05-03 09:25:00.150,73986,90295,B,,20180503,666.0,92500150,100,66600.0
2018-05-03 09:25:00.150,73986,89214,B,,20180503,666.0,92500150,300,199800.0
2018-05-03 09:25:00.150,73986,92776,B,,20180503,666.0,92500150,300,199800.0
2018-05-03 09:25:00.150,73986,97472,B,,20180503,666.0,92500150,31,20646.0
2018-05-03 09:25:00.150,86205,97472,B,,20180503,666.0,92500150,300,199800.0
2018-05-03 09:25:00.150,87200,97472,B,,20180503,666.0,92500150,300,199800.0
2018-05-03 09:25:00.150,93756,97472,B,,20180503,666.0,92500150,300,199800.0
2018-05-03 09:25:00.150,98599,97472,S,,20180503,666.0,92500150,1200,799200.0
2018-05-03 09:25:00.150,69374,97472,B,,20180503,666.0,92500150,100,66600.0
2018-05-03 09:25:00.150,69808,97472,B,,20180503,666.0,92500150,100,66600.0
2018-05-03 09:25:00.150,70999,97472,B,,20180503,666.0,92500150,400,266400.0
2018-05-03 09:25:00.150,74192,97472,B,,20180503,666.0,92500150,269,179154.0
2018-05-03 09:25:00.150,74192,76219,B,,20180503,666.0,92500150,131,87246.0
2018-05-03 09:25:00.150,74702,76219,B,,20180503,666.0,92500150,69,45954.0
2018-05-03 09:25:00.150,74702,9319,S,,20180503,666.0,92500150,31,20646.0
2018-05-03 09:25:00.150,8121,9319,B,,20180503,666.0,92500150,69,45954.0
2018-05-03 09:25:00.150,8121,19478,B,,20180503,666.0,92500150,100,66600.0
2018-05-03 09:25:00.150,8121,91116,B,,20180503,666.0,92500150,100,66600.0
2018-05-03 09:25:00.150,8121,96942,B,,20180503,666.0,92500150,100,66600.0
2018-05-03 09:25:00.150,8121,78843,B,,20180503,666.0,92500150,100,66600.0
2018-05-03 09:25:00.150,8121,74019,B,,20180503,666.0,92500150,131,87246.0
2018-05-03 09:25:00.150,25869,74019,B,,20180503,666.0,92500150,100,66600.0
2018-05-03 09:25:00.150,80043,74019,S,,20180503,666.0,92500150,100,66600.0
2018-05-03 09:25:00.150,80830,74019,S,,20180503,666.0,92500150,100,66600.0
2018-05-03 09:25:00.150,82031,74019,S,,20180503,666.0,92500150,100,66600.0
2018-05-03 09:25:00.150,87303,74019,S,,20180503,666.0,92500150,100,66600.0
2018-05-03 09:25:00.150,87754,74019,S,,20180503,666.0,92500150,100,66600.0
2018-05-03 09:25:00.150,89338,74019,S,,20180503,666.0,92500150,300,199800.0
2018-05-03 09:25:00.150,90824,74019,S,,20180503,666.0,92500150,100,66600.0
2018-05-03 09:25:00.150,98085,74019,S,,20180503,666.0,92500150,100,66600.0
2018-05-03 09:25:00.150,98793,74019,S,,20180503,666.0,92500150,100,66600.0
2018-05-03 09:25:00.150,70615,74019,B,,20180503,666.0,92500150,100,66600.0
2018-05-03 09:25:00.150,69011,74019,B,,20180503,666.0,92500150,200,133200.0
2018-05-03 09:25:00.150,83421,74019,S,,20180503,666.0,92500150,100,66600.0
2018-05-03 09:25:00.150,93024,74019,S,,20180503,666.0,92500150,100,66600.0
2018-05-03 09:25:00.150,94268,74019,S,,20180503,666.0,92500150,100,66600.0
2018-05-03 09:25:00.150,98210,74019,S,,20180503,666.0,92500150,1000,666000.0
2018-05-03 09:25:00.150,99004,74019,S,,20180503,666.0,92500150,336,223776.0
2018-05-03 09:25:00.150,80079,74019,S,,20180503,666.0,92500150,400,266400.0
2018-05-03 09:25:00.150,82147,74019,S,,20180503,666.0,92500150,400,266400.0
2018-05-03 09:25:00.150,75959,74019,S,,20180503,666.0,92500150,100,66600.0
2018-05-03 09:25:00.150,84301,74019,S,,20180503,666.0,92500150,100,66600.0
2018-05-03 09:25:00.150,95279,74019,S,,20180503,666.0,92500150,733,488178.0
2018-05-03 09:25:00.150,95279,76402,S,,20180503,666.0,92500150,100,66600.0
2018-05-03 09:25:00.150,95279,76654,S,,20180503,666.0,92500150,100,66600.0
2018-05-03 09:25:00.150,95279,74133,S,,20180503,666.0,92500150,500,333000.0
2018-05-03 09:25:00.150,95279,87157,S,,20180503,666.0,92500150,300,199800.0
2018-05-03 09:25:00.150,95279,95298,B,,20180503,666.0,92500150,267,177822.0
2018-05-03 09:25:00.150,99006,95298,S,,20180503,666.0,92500150,144,95904.0
2018-05-03 09:25:00.150,51061,95298,B,,20180503,666.0,92500150,100,66600.0
2018-05-03 09:25:00.150,92292,95298,B,,20180503,666.0,92500150,1500,999000.0
2018-05-03 09:25:00.150,20558,95298,B,,20180503,666.0,92500150,100,66600.0
2018-05-03 09:25:00.150,79924,95298,B,,20180503,666.0,92500150,100,66600.0
2018-05-03 09:25:00.150,70555,95298,B,,20180503,666.0,92500150,100,66600.0
2018-05-03 09:25:00.150,78111,95298,B,,20180503,666.0,92500150,300,199800.0
2018-05-03 09:25:00.150,67313,95298,B,,20180503,666.0,92500150,100,66600.0
2018-05-03 09:25:00.150,78752,95298,B,,20180503,666.0,92500150,100,66600.0
2018-05-03 09:25:00.150,94540,95298,B,,20180503,666.0,92500150,200,133200.0
2018-05-03 09:25:00.150,62612,95298,B,,20180503,666.0,92500150,100,66600.0
2018-05-03 09:25:00.150,64910,95298,B,,20180503,666.0,92500150,200,133200.0
2018-05-03 09:25:00.150,65222,95298,B,,20180503,666.0,92500150,100,66600.0
2018-05-03 09:25:00.150,65483,95298,B,,20180503,666.0,92500150,89,59274.0
2018-05-03 09:25:00.150,65483,84560,B,,20180503,666.0,92500150,11,7326.0
2018-05-03 09:25:00.150,65699,84560,B,,20180503,666.0,92500150,100,66600.0
2018-05-03 09:25:00.150,66303,84560,B,,20180503,666.0,92500150,100,66600.0
2018-05-03 09:25:00.150,67136,84560,B,,20180503,666.0,92500150,100,66600.0
2018-05-03 09:25:00.150,67685,84560,B,,20180503,666.0,92500150,800,532800.0
2018-05-03 09:25:00.150,68128,84560,B,,20180503,666.0,92500150,100,66600.0
2018-05-03 09:25:00.150,68575,84560,B,,20180503,666.0,92500150,100,66600.0
2018-05-03 09:25:00.150,69845,84560,B,,20180503,666.0,92500150,100,66600.0
2018-05-03 09:25:00.150,71658,84560,B,,20180503,666.0,92500150,100,66600.0
2018-05-03 09:25:00.150,73115,84560,B,,20180503,666.0,92500150,200,133200.0
2018-05-03 09:25:00.150,73808,84560,B,,20180503,666.0,92500150,200,133200.0
2018-05-03 09:25:00.150,75772,84560,B,,20180503,666.0,92500150,100,66600.0
2018-05-03 09:25:00.150,83933,84560,B,,20180503,666.0,92500150,100,66600.0
2018-05-03 09:25:00.150,89335,84560,S,,20180503,666.0,92500150,200,133200.0
2018-05-03 09:25:00.150,95882,84560,S,,20180503,666.0,92500150,100,66600.0
2018-05-03 09:25:00.150,96081,84560,S,,20180503,666.0,92500150,400,266400.0
2018-05-03 09:25:00.150,98016,84560,S,,20180503,666.0,92500150,100,66600.0
2018-05-03 09:25:00.150,88865,84560,S,,20180503,666.0,92500150,100,66600.0
2018-05-03 09:25:00.150,97351,84560,S,,20180503,666.0,92500150,100,66600.0
2018-05-03 09:25:00.150,99013,84560,S,,20180503,666.0,92500150,144,95904.0
2018-05-03 09:25:00.150,84595,84560,S,,20180503,666.0,92500150,1145,762570.0
2018-05-03 09:25:00.150,84595,39873,S,,20180503,666.0,92500150,200,133200.0
2018-05-03 09:25:00.150,84595,76148,S,,20180503,666.0,92500150,155,103230.0
2018-05-03 09:25:00.150,94078,76148,S,,20180503,666.0,92500150,4845,3226770.0
2018-05-03 09:25:00.150,94078,87403,S,,20180503,666.0,92500150,155,103230.0
2018-05-03 09:25:00.150,97679,87403,S,,20180503,666.0,92500150,100,66600.0
2018-05-03 09:25:00.150,96606,87403,S,,20180503,666.0,92500150,45,29970.0
2018-05-03 09:25:00.150,96606,97252,B,,20180503,666.0,92500150,55,36630.0
2018-05-03 09:25:00.150,97562,97252,S,,20180503,666.0,92500150,100,66600.0
2018-05-03 09:25:00.150,97237,97252,B,,20180503,666.0,92500150,100,66600.0
2018-05-03 09:25:00.150,83672,97252,B,,20180503,666.0,92500150,100,66600.0
2018-05-03 09:25:00.150,94574,97252,B,,20180503,666.0,92500150,300,199800.0
2018-05-03 09:25:00.150,73765,97252,B,,20180503,666.0,92500150,300,199800.0
2018-05-03 09:25:00.150,81652,97252,B,,20180503,666.0,92500150,45,29970.0
2018-05-03 09:25:00.150,81652,98867,B,,20180503,666.0,92500150,55,36630.0
2018-05-03 09:25:00.150,82496,98867,B,,20180503,666.0,92500150,45,29970.0
2018-05-03 09:25:00.150,82496,39320,S,,20180503,666.0,92500150,55,36630.0
2018-05-03 09:25:00.150,83128,39320,S,,20180503,666.0,92500150,100,66600.0
2018-05-03 09:25:00.150,83169,39320,S,,20180503,666.0,92500150,45,29970.0
2018-05-03 09:25:00.150,83169,77767,S,,20180503,666.0,92500150,55,36630.0
2018-05-03 09:25:00.150,91112,77767,S,,20180503,666.0,92500150,100,66600.0
2018-05-03 09:25:00.150,92601,77767,S,,20180503,666.0,92500150,100,66600.0
2018-05-03 09:25:00.150,92920,77767,S,,20180503,666.0,92500150,1100,732600.0
2018-05-03 09:25:00.150,93925,77767,S,,20180503,666.0,92500150,400,266400.0
2018-05-03 09:25:00.150,94379,77767,S,,20180503,666.0,92500150,2000,1332000.0
2018-05-03 09:25:00.150,95010,77767,S,,20180503,666.0,92500150,100,66600.0
2018-05-03 09:25:00.150,95224,77767,S,,20180503,666.0,92500150,1145,762570.0
2018-05-03 09:25:00.150,95224,82522,S,,20180503,666.0,92500150,100,66600.0
2018-05-03 09:25:00.150,95224,85085,S,,20180503,666.0,92500150,100,66600.0
2018-05-03 09:25:00.150,95224,98631,B,,20180503,666.0,92500150,200,133200.0
2018-05-03 09:30:00.060,95224,99498,B,,20180503,666.0,93000060,155,103230.0
2018-05-03 09:30:00.060,96764,99498,B,,20180503,666.0,93000060,100,66600.0
2018-05-03 09:30:00.060,97975,99498,B,,20180503,666.0,93000060,100,66600.0
2018-05-03 09:30:00.060,98544,99498,B,,20180503,666.0,93000060,100,66600.0
2018-05-03 09:30:00.060,99080,99498,B,,20180503,666.0,93000060,145,96570.0
2018-05-03 09:30:00.100,99621,99533,S,,20180503,665.5,93000100,100,66550.0
2018-05-03 09:30:00.100,99080,99629,B,,20180503,666.0,93000100,200,133200.0
2018-05-03 09:30:00.400,99080,99908,B,,20180503,666.0,93000400,855,569430.0
2018-05-03 09:30:00.400,99335,99908,B,,20180503,666.0,93000400,145,96570.0
2018-05-03 09:30:00.520,100701,99533,S,,20180503,665.5,93000520,500,332750.0
2018-05-03 09:30:00.560,101282,99533,S,,20180503,665.5,93000560,100,66550.0
2018-05-03 09:30:00.600,101346,99533,S,,20180503,665.5,93000600,100,66550.0
2018-05-03 09:30:00.630,101705,99533,S,,20180503,665.5,93000630,200,133100.0
2018-05-03 09:30:00.630,101705,100211,S,,20180503,665.5,93000630,200,133100.0
2018-05-03 09:30:00.670,102203,100211,S,,20180503,665.5,93000670,300,199650.0
2018-05-03 09:30:00.670,102531,100211,S,,20180503,665.5,93000670,100,66550.0
2018-05-03 09:30:00.670,100237,102589,B,,20180503,665.9,93000670,100,66590.0
2018-05-03 09:30:00.710,102788,100211,S,,20180503,665.5,93000710,200,133100.0
2018-05-03 09:30:00.710,101111,103042,B,,20180503,665.95,93000710,100,66595.0
2018-05-03 09:30:00.710,103055,100211,S,,20180503,665.5,93000710,100,66550.0
2018-05-03 09:30:00.760,103706,100211,S,,20180503,665.5,93000760,200,133100.0
2018-05-03 09:30:00.760,103827,100211,S,,20180503,665.5,93000760,200,133100.0
2018-05-03 09:30:00.810,104466,101304,S,,20180503,665.1,93000810,500,332550.0
2018-05-03 09:30:00.850,104598,101304,S,,20180503,665.1,93000850,100,66510.0
2018-05-03 09:30:00.850,104838,101304,S,,20180503,665.1,93000850,100,66510.0
2018-05-03 09:30:00.850,105576,101304,S,,20180503,665.1,93000850,100,66510.0
2018-05-03 09:30:00.850,101111,105676,B,,20180503,665.95,93000850,100,66595.0
2018-05-03 09:30:00.930,101111,106739,B,,20180503,665.95,93000930,100,66595.0
2018-05-03 09:30:00.930,101111,106932,B,,20180503,665.95,93000930,100,66595.0
2018-05-03 09:30:01.020,107532,106110,S,,20180503,665.25,93001020,100,66525.0
2018-05-03 09:30:01.020,102114,107567,B,,20180503,665.99,93001020,100,66599.0
2018-05-03 09:30:01.020,108493,105929,S,,20180503,665.2,93001020,100,66520.0
2018-05-03 09:30:01.110,99335,108823,B,,20180503,666.0,93001110,100,66600.0
2018-05-03 09:30:01.110,99335,108865,B,,20180503,666.0,93001110,400,266400.0
2018-05-03 09:30:01.170,109897,101304,S,,20180503,665.1,93001170,200,133020.0
2018-05-03 09:30:01.170,110389,110090,S,,20180503,665.11,93001170,100,66511.0
2018-05-03 09:30:01.310,112061,110090,S,,20180503,665.11,93001310,100,66511.0
2018-05-03 09:30:01.310,112338,102047,S,,20180503,665.03,93001310,100,66503.0
2018-05-03 09:30:01.310,112414,102047,S,,20180503,665.03,93001310,100,66503.0
2018-05-03 09:30:01.430,113661,103029,S,,20180503,665.03,93001430,100,66503.0
2018-05-03 09:30:01.430,113661,112573,S,,20180503,665.02,93001430,100,66502.0
2018-05-03 09:30:01.530,114019,114912,B,,20180503,665.8,93001530,100,66580.0
2018-05-03 09:30:01.530,114273,114912,B,,20180503,665.8,93001530,100,66580.0
2018-05-03 09:30:01.530,109382,114912,B,,20180503,665.99,93001530,100,66599.0
2018-05-03 09:30:01.530,113691,114915,B,,20180503,665.99,93001530,100,66599.0
2018-05-03 09:30:01.580,99335,115502,B,,20180503,666.0,93001580,200,133200.0
2018-05-03 09:30:01.660,116438,115429,S,,20180503,665.11,93001660,100,66511.0
2018-05-03 09:30:01.660,116438,112573,S,,20180503,665.02,93001660,900,598518.0
2018-05-03 09:30:01.710,116847,112573,S,,20180503,665.02,93001710,100,66502.0
2018-05-03 09:30:01.710,116070,116934,B,,20180503,665.92,93001710,400,266368.0
2018-05-03 09:30:01.710,116948,112573,S,,20180503,665.02,93001710,400,266008.0
2018-05-03 09:30:01.750,117213,112573,S,,20180503,665.02,93001750,100,66502.0
2018-05-03 09:30:01.750,117401,112573,S,,20180503,665.02,93001750,100,66502.0
2018-05-03 09:30:01.750,116070,117627,B,,20180503,665.92,93001750,200,133184.0
2018-05-03 09:30:01.790,116070,117772,B,,20180503,665.92,93001790,100,66592.0
2018-05-03 09:30:01.790,117902,112573,S,,20180503,665.02,93001790,300,199506.0
2018-05-03 09:30:01.790,117902,116616,S,,20180503,665.02,93001790,100,66502.0
2018-05-03 09:30:01.820,118103,85565,S,,20180503,665.01,93001820,100,66501.0
2018-05-03 09:30:01.860,116070,118217,B,,20180503,665.92,93001860,300,199776.0
2018-05-03 09:30:01.860,116070,118346,B,,20180503,665.92,93001860,500,332960.0
2018-05-03 09:30:01.930,118689,85565,S,,20180503,665.01,93001930,100,66501.0
2018-05-03 09:30:01.930,118764,89122,S,,20180503,665.01,93001930,100,66501.0
2018-05-03 09:30:01.930,118764,91246,S,,20180503,665.01,93001930,100,66501.0
2018-05-03 09:30:01.930,118764,101876,S,,20180503,665.01,93001930,100,66501.0
2018-05-03 09:30:01.930,118764,113255,S,,20180503,665.01,93001930,100,66501.0
2018-05-03 09:30:01.930,118872,113255,S,,20180503,665.01,93001930,100,66501.0
2018-05-03 09:30:02.070,116070,119770,B,,20180503,665.92,93002070,100,66592.0
2018-05-03 09:30:02.070,117623,119771,B,,20180503,665.98,93002070,100,66598.0
2018-05-03 09:30:02.070,99335,119771,B,,20180503,666.0,93002070,55,36630.0
2018-05-03 09:30:02.070,100013,119771,B,,20180503,666.0,93002070,45,29970.0
2018-05-03 09:30:02.070,100013,119912,B,,20180503,666.0,93002070,55,36630.0
2018-05-03 09:30:02.070,100181,119912,B,,20180503,666.0,93002070,45,29970.0
2018-05-03 09:30:02.150,121228,39318,S,,20180503,665.0,93002150,200,133000.0
2018-05-03 09:30:02.150,121228,39319,S,,20180503,665.0,93002150,200,133000.0
2018-05-03 09:30:02.150,121228,60651,S,,20180503,665.0,93002150,200,133000.0
2018-05-03 09:30:02.150,121518,60651,S,,20180503,665.0,93002150,100,66500.0
2018-05-03 09:30:02.150,121600,60651,S,,20180503,665.0,93002150,200,133000.0
2018-05-03 09:30:02.150,120886,121617,B,,20180503,665.01,93002150,100,66501.0
2018-05-03 09:30:02.150,121212,121617,B,,20180503,665.01,93002150,100,66501.0
2018-05-03 09:30:02.150,121620,121617,S,,20180503,665.01,93002150,500,332505.0
2018-05-03 09:30:02.150,121620,60651,S,,20180503,665.0,93002150,4500,2992500.0
2018-05-03 09:30:02.150,121620,61266,S,,20180503,665.0,93002150,4600,3059000.0
2018-05-03 09:30:02.150,100181,121622,B,,20180503,666.0,93002150,55,36630.0
2018-05-03 09:30:02.150,103918,121622,B,,20180503,666.0,93002150,45,29970.0
2018-05-03 09:30:02.230,121623,121983,B,,20180503,665.49,93002230,99,65883.51
2018-05-03 09:30:02.230,121832,121983,B,,20180503,665.98,93002230,200,133196.0
2018-05-03 09:30:02.230,103918,121983,B,,20180503,666.0,93002230,255,169830.0
2018-05-03 09:30:02.230,104087,121983,B,,20180503,666.0,93002230,100,66600.0
2018-05-03 09:30:02.230,105822,121983,B,,20180503,666.0,93002230,100,66600.0
2018-05-03 09:30:02.230,106954,121983,B,,20180503,666.0,93002230,100,66600.0
2018-05-03 09:30:02.230,107268,121983,B,,20180503,666.0,93002230,100,66600.0
2018-05-03 09:30:02.230,107635,121983,B,,20180503,666.0,93002230,200,133200.0
2018-05-03 09:30:02.230,107682,121983,B,,20180503,666.0,93002230,100,66600.0
2018-05-03 09:30:02.230,108738,121983,B,,20180503,666.0,93002230,46,30636.0
2018-05-03 09:30:02.230,108738,122631,B,,20180503,666.0,93002230,154,102564.0
2018-05-03 09:30:02.230,108920,122631,B,,20180503,666.0,93002230,100,66600.0
2018-05-03 09:30:02.230,113862,122631,B,,20180503,666.0,93002230,100,66600.0
2018-05-03 09:30:02.230,113868,122631,B,,20180503,666.0,93002230,100,66600.0
2018-05-03 09:30:02.230,114852,122631,B,,20180503,666.0,93002230,46,30636.0
2018-05-03 09:30:02.230,122785,121791,S,,20180503,665.02,93002230,200,133004.0
2018-05-03 09:30:02.340,123709,123501,S,,20180503,665.5,93002340,100,66550.0
2018-05-03 09:30:02.340,123771,123177,S,,20180503,665.02,93002340,100,66502.0
2018-05-03 09:30:02.340,123968,124100,B,,20180503,665.01,93002340,100,66501.0
2018-05-03 09:30:02.340,124813,61266,S,,20180503,665.0,93002340,400,266000.0
2018-05-03 09:30:02.340,124813,62047,S,,20180503,665.0,93002340,100,66500.0
2018-05-03 09:30:02.340,124813,62130,S,,20180503,665.0,93002340,100,66500.0
2018-05-03 09:30:02.340,124813,64711,S,,20180503,665.0,93002340,300,199500.0
2018-05-03 09:30:02.340,124813,69014,S,,20180503,665.0,93002340,100,66500.0
2018-05-03 09:30:02.340,124813,88216,S,,20180503,665.0,93002340,100,66500.0
2018-05-03 09:30:02.340,124813,90066,S,,20180503,665.0,93002340,200,133000.0
2018-05-03 09:30:02.340,123968,125021,B,,20180503,665.01,93002340,100,66501.0
2018-05-03 09:30:02.340,123968,125297,B,,20180503,665.01,93002340,300,199503.0
2018-05-03 09:30:02.450,126013,90066,S,,20180503,665.0,93002450,100,66500.0
2018-05-03 09:30:02.450,123968,126661,B,,20180503,665.01,93002450,100,66501.0
2018-05-03 09:30:02.450,123968,126901,B,,20180503,665.01,93002450,100,66501.0
2018-05-03 09:30:02.450,124329,126901,B,,20180503,665.01,93002450,100,66501.0
2018-05-03 09:30:02.560,124329,127468,B,,20180503,665.01,93002560,100,66501.0
2018-05-03 09:30:02.560,124329,127822,B,,20180503,665.01,93002560,400,266004.0
2018-05-03 09:30:02.560,127232,127822,B,,20180503,665.01,93002560,100,66501.0
2018-05-03 09:30:02.670,129728,105720,S,,20180503,665.0,93002670,100,66500.0
2018-05-03 09:30:02.780,127668,130923,B,,20180503,665.01,93002780,100,66501.0
2018-05-03 09:30:02.780,130983,105720,S,,20180503,665.0,93002780,100,66500.0
2018-05-03 09:30:02.900,132072,132836,B,,20180503,665.0,93002900,100,66500.0
2018-05-03 09:30:02.900,132857,132836,S,,20180503,665.8,93002900,100,66580.0
2018-05-03 09:30:02.900,132857,122781,S,,20180503,664.99,93002900,100,66499.0
2018-05-03 09:30:02.900,132857,132859,B,,20180503,664.9,93002900,200,132980.0
2018-05-03 09:30:02.900,133272,118777,S,,20180503,664.02,93002900,200,132804.0
2018-05-03 09:30:02.900,133094,133912,B,,20180503,665.0,93002900,100,66500.0
2018-05-03 09:30:02.900,133530,133912,B,,20180503,665.0,93002900,100,66500.0
2018-05-03 09:30:02.900,133856,133912,B,,20180503,665.0,93002900,100,66500.0
2018-05-03 09:30:02.900,133594,133913,B,,20180503,665.48,93002900,100,66548.0
2018-05-03 09:30:03.060,134730,135188,B,,20180503,665.01,93003060,100,66501.0
2018-05-03 09:30:03.060,135558,135188,S,,20180503,665.01,93003060,100,66501.0
2018-05-03 09:30:03.170,136851,137149,B,,20180503,665.0,93003170,100,66500.0
2018-05-03 09:30:03.220,137975,138254,B,,20180503,664.98,93003220,100,66498.0
2018-05-03 09:30:03.340,137967,139790,B,,20180503,665.0,93003340,100,66500.0
2018-05-03 09:30:03.340,137525,139792,B,,20180503,665.01,93003340,100,66501.0
2018-05-03 09:30:03.470,139983,141256,B,,20180503,664.99,93003470,100,66499.0
2018-05-03 09:30:03.650,139983,142566,B,,20180503,664.99,93003650,100,66499.0
2018-05-03 09:30:03.880,144054,118777,S,,20180503,664.02,93003880,100,66402.0
2018-05-03 09:30:03.880,139983,144080,B,,20180503,664.99,93003880,100,66499.0
2018-05-03 09:30:03.880,141947,144080,B,,20180503,665.0,93003880,100,66500.0
2018-05-03 09:30:04.010,137525,144696,B,,20180503,665.01,93004010,400,266004.0
2018-05-03 09:30:04.010,140129,144696,B,,20180503,665.01,93004010,100,66501.0
2018-05-03 09:30:04.080,144967,144696,S,,20180503,665.02,93004080,200,133004.0
2018-05-03 09:30:04.620,146657,145775,S,,20180503,665.06,93004620,100,66506.0
2018-05-03 09:30:04.650,146681,144696,S,,20180503,665.02,93004650,200,133004.0
2018-05-03 09:30:04.870,147068,144696,S,,20180503,665.02,93004870,100,66502.0
2018-05-03 09:30:05.420,136645,147971,B,,20180503,665.1,93005420,100,66510.0
2018-05-03 09:30:05.520,148051,144696,S,,20180503,665.02,93005520,200,133004.0
2018-05-03 09:30:05.600,148120,144696,S,,20180503,665.02,93005600,100,66502.0
2018-05-03 09:30:06.730,148836,144696,S,,20180503,665.02,93006730,600,399012.0
2018-05-03 09:30:06.870,148848,148917,B,,20180503,665.08,93006870,100,66508.0
2018-05-03 09:30:06.870,148851,148917,B,,20180503,665.08,93006870,100,66508.0
2018-05-03 09:30:06.870,146184,148917,B,,20180503,665.3,93006870,300,199590.0
2018-05-03 09:30:06.870,146354,148917,B,,20180503,665.3,93006870,300,199590.0
2018-05-03 09:30:06.870,133594,148917,B,,20180503,665.48,93006870,200,133096.0
2018-05-03 09:30:08.290,149493,144696,S,,20180503,665.02,93008290,100,66502.0
2018-05-03 09:30:09.720,149991,149753,S,,20180503,665.3,93009720,200,133060.0
2018-05-03 09:30:09.800,149991,150058,B,,20180503,665.3,93009800,300,199590.0
2018-05-03 09:30:10.560,150398,144696,S,,20180503,665.02,93010560,100,66502.0
2018-05-03 09:30:11.570,149991,150675,B,,20180503,665.3,93011570,100,66530.0
2018-05-03 09:30:12.030,140323,150825,B,,20180503,665.7,93012030,100,66570.0
2018-05-03 09:30:15.760,151922,144696,S,,20180503,665.02,93015760,100,66502.0
2018-05-03 09:30:16.250,152092,144696,S,,20180503,665.02,93016250,200,133004.0
2018-05-03 09:30:16.460,152155,144696,S,,20180503,665.02,93016460,900,598518.0
2018-05-03 09:30:16.490,152170,144696,S,,20180503,665.02,93016490,100,66502.0
2018-05-03 09:30:16.570,152190,144696,S,,20180503,665.02,93016570,100,66502.0
2018-05-03 09:30:18.720,152887,152708,S,,20180503,665.15,93018720,100,66515.0
2018-05-03 09:30:19.240,153107,152708,S,,20180503,665.15,93019240,100,66515.0
2018-05-03 09:30:19.320,140048,153139,B,,20180503,665.8,93019320,100,66580.0
2018-05-03 09:30:19.320,141047,153139,B,,20180503,665.8,93019320,100,66580.0
2018-05-03 09:30:19.320,144219,153139,B,,20180503,665.86,93019320,100,66586.0
2018-05-03 09:30:20.910,153732,153150,S,,20180503,665.86,93020910,100,66586.0
2018-05-03 09:30:21.740,154013,153862,S,,20180503,665.3,93021740,100,66530.0
2018-05-03 09:30:22.100,154168,152708,S,,20180503,665.15,93022100,300,199545.0
2018-05-03 09:30:22.360,154278,153975,S,,20180503,665.15,93022360,100,66515.0
2018-05-03 09:30:22.520,153905,154346,B,,20180503,665.7,93022520,100,66570.0
2018-05-03 09:30:23.200,154579,153975,S,,20180503,665.15,93023200,100,66515.0
2018-05-03 09:30:24.560,155097,155066,S,,20180503,665.3,93024560,100,66530.0
2018-05-03 09:30:25.180,155397,155066,S,,20180503,665.3,93025180,100,66530.0
2018-05-03 09:30:25.760,155635,155066,S,,20180503,665.3,93025760,100,66530.0
2018-05-03 09:30:26.260,155820,155332,S,,20180503,665.05,93026260,300,199515.0
2018-05-03 09:30:28.580,156438,156786,B,,20180503,665.7,93028580,100,66570.0
2018-05-03 09:30:28.580,155119,156786,B,,20180503,665.86,93028580,100,66586.0
2018-05-03 09:30:28.580,156693,156786,B,,20180503,665.86,93028580,200,133172.0
2018-05-03 09:30:28.710,156693,156835,B,,20180503,665.86,93028710,100,66586.0
2018-05-03 09:30:30.490,157555,155332,S,,20180503,665.05,93030490,100,66505.0
2018-05-03 09:30:30.580,157600,155332,S,,20180503,665.05,93030580,100,66505.0
2018-05-03 09:30:31.300,157990,157922,S,,20180503,665.06,93031300,100,66506.0
2018-05-03 09:30:31.490,157579,158072,B,,20180503,665.15,93031490,100,66515.0
2018-05-03 09:30:32.190,158372,155332,S,,20180503,665.05,93032190,100,66505.0
2018-05-03 09:30:32.220,158317,158375,B,,20180503,665.15,93032220,100,66515.0
2018-05-03 09:30:32.220,158349,158375,B,,20180503,665.7,93032220,100,66570.0
2018-05-03 09:30:32.220,157622,158375,B,,20180503,665.8,93032220,100,66580.0
2018-05-03 09:30:32.220,156693,158375,B,,20180503,665.86,93032220,100,66586.0
2018-05-03 09:30:32.630,158567,155332,S,,20180503,665.05,93032630,100,66505.0
2018-05-03 09:30:34.350,158863,159328,B,,20180503,665.3,93034350,100,66530.0
2018-05-03 09:30:34.350,158454,159328,B,,20180503,665.6,93034350,100,66560.0
2018-05-03 09:30:34.580,159431,155332,S,,20180503,665.05,93034580,100,66505.0
2018-05-03 09:30:34.660,159454,155332,S,,20180503,665.05,93034660,100,66505.0
2018-05-03 09:30:35.000,159657,159650,S,,20180503,665.3,93035000,100,66530.0
2018-05-03 09:30:35.000,159657,155332,S,,20180503,665.05,93035000,100,66505.0
2018-05-03 09:30:35.740,159991,155332,S,,20180503,665.05,93035740,100,66505.0
2018-05-03 09:30:36.170,160190,155332,S,,20180503,665.05,93036170,200,133010.0
2018-05-03 09:30:37.140,160656,160458,S,,20180503,665.5,93037140,100,66550.0
2018-05-03 09:30:37.280,160724,160458,S,,20180503,665.5,93037280,100,66550.0
2018-05-03 09:30:37.440,158908,160786,B,,20180503,665.69,93037440,100,66569.0
2018-05-03 09:30:39.250,158450,161543,B,,20180503,665.81,93039250,100,66581.0
2018-05-03 09:30:40.070,161915,160458,S,,20180503,665.5,93040070,300,199650.0
2018-05-03 09:30:40.550,158855,162142,B,,20180503,665.81,93040550,100,66581.0
2018-05-03 09:30:40.550,158996,162142,B,,20180503,665.85,93040550,100,66585.0
2018-05-03 09:30:42.030,162836,160458,S,,20180503,665.5,93042030,400,266200.0
2018-05-03 09:30:42.370,162976,160458,S,,20180503,665.5,93042370,100,66550.0
2018-05-03 09:30:42.370,162976,161242,S,,20180503,665.3,93042370,100,66530.0
2018-05-03 09:30:42.370,162976,161982,S,,20180503,665.3,93042370,100,66530.0
2018-05-03 09:30:42.860,163165,163128,S,,20180503,665.5,93042860,100,66550.0
2018-05-03 09:30:43.050,163265,163128,S,,20180503,665.5,93043050,200,133100.0
2018-05-03 09:30:45.350,163913,164221,B,,20180503,665.5,93045350,100,66550.0
2018-05-03 09:30:46.380,164615,160484,S,,20180503,665.06,93046380,100,66506.0
2018-05-03 09:30:46.380,164615,163096,S,,20180503,665.06,93046380,400,266024.0
2018-05-03 09:30:46.380,164615,155332,S,,20180503,665.05,93046380,500,332525.0
2018-05-03 09:30:48.020,165282,155332,S,,20180503,665.05,93048020,100,66505.0
2018-05-03 09:30:48.580,164557,165510,B,,20180503,665.56,93048580,100,66556.0
2018-05-03 09:30:48.580,164220,165510,B,,20180503,665.8,93048580,100,66580.0
2018-05-03 09:30:48.580,162982,165510,B,,20180503,665.83,93048580,100,66583.0
2018-05-03 09:30:48.580,158996,165510,B,,20180503,665.85,93048580,200,133170.0
2018-05-03 09:30:48.580,165515,165370,S,,20180503,665.06,93048580,100,66506.0
2018-05-03 09:30:49.500,165981,166041,B,,20180503,665.77,93049500,100,66577.0
2018-05-03 09:30:49.950,166253,165372,S,,20180503,665.06,93049950,100,66506.0
2018-05-03 09:30:51.130,166784,165372,S,,20180503,665.06,93051130,200,133012.0
2018-05-03 09:30:51.570,166995,155332,S,,20180503,665.05,93051570,100,66505.0
2018-05-03 09:30:51.650,167034,163441,S,,20180503,665.05,93051650,500,332525.0
2018-05-03 09:30:53.400,167831,167682,S,,20180503,665.3,93053400,100,66530.0
2018-05-03 09:30:53.490,167876,167122,S,,20180503,665.1,93053490,100,66510.0
2018-05-03 09:30:53.740,167991,163441,S,,20180503,665.05,93053740,700,465534.99999999994
2018-05-03 09:30:53.930,168079,163441,S,,20180503,665.05,93053930,100,66505.0
2018-05-03 09:30:53.960,166270,168100,B,,20180503,665.45,93053960,400,266180.0
2018-05-03 09:30:54.570,168108,168386,B,,20180503,665.06,93054570,100,66506.0
2018-05-03 09:30:54.980,168592,163441,S,,20180503,665.05,93054980,100,66505.0
2018-05-03 09:30:55.000,168605,163441,S,,20180503,665.05,93055000,100,66505.0
2018-05-03 09:30:55.000,168607,163441,S,,20180503,665.05,93055000,200,133010.0
2018-05-03 09:30:55.000,168608,163441,S,,20180503,665.05,93055000,100,66505.0
2018-05-03 09:30:55.060,168619,163441,S,,20180503,665.05,93055060,100,66505.0
2018-05-03 09:30:55.060,168620,163441,S,,20180503,665.05,93055060,100,66505.0
2018-05-03 09:30:57.160,169553,153164,S,,20180503,665.03,93057160,300,199509.0
2018-05-03 09:30:58.480,170138,153164,S,,20180503,665.03,93058480,100,66503.0
2018-05-03 09:30:58.700,170187,170230,B,,20180503,665.03,93058700,100,66503.0
2018-05-03 09:30:59.710,170686,158852,S,,20180503,665.02,93059710,100,66502.0
2018-05-03 09:31:00.470,171069,171117,B,,20180503,665.02,93100470,100,66502.0
2018-05-03 09:31:00.500,170220,171135,B,,20180503,665.03,93100500,200,133006.0
2018-05-03 09:31:00.660,171230,150049,S,,20180503,665.01,93100660,100,66501.0
2018-05-03 09:31:00.660,171230,170388,S,,20180503,665.0,93100660,100,66500.0
2018-05-03 09:31:01.570,171249,171697,B,,20180503,665.02,93101570,100,66502.0
2018-05-03 09:31:02.420,172136,172140,B,,20180503,665.0,93102420,200,133000.0
2018-05-03 09:31:03.140,172136,172492,B,,20180503,665.0,93103140,100,66500.0
2018-05-03 09:31:04.220,173030,118777,S,,20180503,664.02,93104220,100,66402.0
2018-05-03 09:31:04.820,172136,173343,B,,20180503,665.0,93104820,100,66500.0
2018-05-03 09:31:05.840,172687,173814,B,,20180503,665.0,93105840,100,66500.0
2018-05-03 09:31:06.920,174346,118777,S,,20180503,664.02,93106920,100,66402.0
2018-05-03 09:31:07.020,174404,118777,S,,20180503,664.02,93107020,100,66402.0
2018-05-03 09:31:10.020,175137,175847,B,,20180503,664.99,93110020,100,66499.0
2018-05-03 09:31:10.020,173433,175847,B,,20180503,665.0,93110020,300,199500.0
2018-05-03 09:31:10.400,176006,175153,S,,20180503,664.15,93110400,100,66415.0
2018-05-03 09:31:11.340,173433,176442,B,,20180503,665.0,93111340,300,199500.0
2018-05-03 09:31:12.520,173433,177006,B,,20180503,665.0,93112520,300,199500.0
2018-05-03 09:31:12.520,174778,177006,B,,20180503,665.0,93112520,100,66500.0
2018-05-03 09:31:13.020,177279,177006,S,,20180503,665.0,93113020,100,66500.0
2018-05-03 09:31:13.070,177311,177006,S,,20180503,665.0,93113070,100,66500.0
2018-05-03 09:31:13.990,177712,177006,S,,20180503,665.0,93113990,500,332500.0
2018-05-03 09:31:14.150,177795,177006,S,,20180503,665.0,93114150,100,66500.0
2018-05-03 09:31:14.280,173444,177836,B,,20180503,665.01,93114280,100,66501.0
2018-05-03 09:31:14.800,174496,178054,B,,20180503,665.01,93114800,100,66501.0
2018-05-03 09:31:14.800,175438,178054,B,,20180503,665.01,93114800,100,66501.0
2018-05-03 09:31:14.800,171249,178054,B,,20180503,665.02,93114800,100,66502.0
2018-05-03 09:31:14.960,178126,177006,S,,20180503,665.0,93114960,100,66500.0
2018-05-03 09:31:15.060,178177,177006,S,,20180503,665.0,93115060,600,399000.0
2018-05-03 09:31:15.960,178576,177006,S,,20180503,665.0,93115960,100,66500.0
2018-05-03 09:31:16.010,178600,178418,S,,20180503,665.0,93116010,100,66500.0
2018-05-03 09:31:16.640,178883,175153,S,,20180503,664.15,93116640,100,66415.0
2018-05-03 09:31:17.080,178934,179111,B,,20180503,665.0,93117080,100,66500.0
2018-05-03 09:31:17.950,178934,179507,B,,20180503,665.0,93117950,100,66500.0
2018-05-03 09:31:18.240,179616,179037,S,,20180503,664.2,93118240,100,66420.0
2018-05-03 09:31:18.370,179667,175153,S,,20180503,664.15,93118370,100,66415.0
2018-05-03 09:31:18.600,179784,175153,S,,20180503,664.15,93118600,100,66415.0
2018-05-03 09:31:19.050,180025,175153,S,,20180503,664.15,93119050,100,66415.0
2018-05-03 09:31:19.050,180025,177729,S,,20180503,664.03,93119050,100,66403.0
2018-05-03 09:31:19.050,180025,118777,S,,20180503,664.02,93119050,100,66402.0
2018-05-03 09:31:20.140,180308,180485,B,,20180503,664.99,93120140,100,66499.0
2018-05-03 09:31:20.200,180518,180476,S,,20180503,664.04,93120200,100,66404.0
2018-05-03 09:31:20.700,180743,180642,S,,20180503,664.36,93120700,100,66436.0
2018-05-03 09:31:22.080,178934,181399,B,,20180503,665.0,93122080,100,66500.0
2018-05-03 09:31:22.180,181438,118777,S,,20180503,664.02,93122180,1000,664020.0
2018-05-03 09:31:22.740,181746,181565,S,,20180503,664.08,93122740,100,66408.0
2018-05-03 09:31:23.450,181782,182062,B,,20180503,664.15,93123450,100,66415.0
2018-05-03 09:31:23.450,181415,182062,B,,20180503,664.95,93123450,100,66495.0
2018-05-03 09:31:23.450,178934,182065,B,,20180503,665.0,93123450,100,66500.0
2018-05-03 09:31:23.850,178934,182295,B,,20180503,665.0,93123850,200,133000.0
2018-05-03 09:31:23.990,182389,182146,S,,20180503,664.8,93123990,100,66480.0
2018-05-03 09:31:23.990,182389,182303,S,,20180503,664.36,93123990,100,66436.0
2018-05-03 09:31:24.040,182420,182303,S,,20180503,664.36,93124040,200,132872.0
2018-05-03 09:31:24.870,182835,181709,S,,20180503,664.03,93124870,100,66403.0
2018-05-03 09:31:25.030,182581,182932,B,,20180503,664.15,93125030,100,66415.0
2018-05-03 09:31:25.030,179648,182932,B,,20180503,665.0,93125030,100,66500.0
2018-05-03 09:31:25.220,179648,183027,B,,20180503,665.0,93125220,200,133000.0
2018-05-03 09:31:26.390,179648,183538,B,,20180503,665.0,93126390,100,66500.0
2018-05-03 09:31:26.390,179648,183543,B,,20180503,665.0,93126390,100,66500.0
2018-05-03 09:31:27.150,183886,118777,S,,20180503,664.02,93127150,100,66402.0
2018-05-03 09:31:27.360,183983,118777,S,,20180503,664.02,93127360,500,332010.0
2018-05-03 09:31:28.100,184324,118777,S,,20180503,664.02,93128100,100,66402.0
2018-05-03 09:31:28.540,184527,184496,S,,20180503,664.2,93128540,200,132840.0
2018-05-03 09:31:29.110,184784,184496,S,,20180503,664.2,93129110,100,66420.0
2018-05-03 09:31:29.640,185009,184496,S,,20180503,664.2,93129640,100,66420.0
2018-05-03 09:31:29.960,185146,184496,S,,20180503,664.2,93129960,400,265680.0
2018-05-03 09:31:30.560,185442,184496,S,,20180503,664.2,93130560,600,398520.0
2018-05-03 09:31:31.540,185939,184496,S,,20180503,664.2,93131540,100,66420.0
2018-05-03 09:31:31.730,186028,184496,S,,20180503,664.2,93131730,500,332100.0
2018-05-03 09:31:31.730,186028,185255,S,,20180503,664.15,93131730,100,66415.0
2018-05-03 09:31:31.800,186068,186061,S,,20180503,664.95,93131800,100,66495.0
2018-05-03 09:31:32.290,184867,186289,B,,20180503,664.98,93132290,100,66498.0
2018-05-03 09:31:32.690,186443,186473,B,,20180503,664.08,93132690,100,66408.0
2018-05-03 09:31:32.740,186486,185599,S,,20180503,664.04,93132740,100,66404.0
2018-05-03 09:31:32.860,186443,186526,B,,20180503,664.08,93132860,100,66408.0
2018-05-03 09:31:32.860,184867,186526,B,,20180503,664.98,93132860,200,132996.0
2018-05-03 09:31:32.880,186538,118777,S,,20180503,664.02,93132880,100,66402.0
2018-05-03 09:31:33.650,186688,186873,B,,20180503,664.03,93133650,100,66403.0
2018-05-03 09:31:33.700,186688,186918,B,,20180503,664.03,93133700,100,66403.0
2018-05-03 09:31:34.270,186688,187179,B,,20180503,664.03,93134270,100,66403.0
2018-05-03 09:31:34.300,186688,187191,B,,20180503,664.03,93134300,100,66403.0
2018-05-03 09:31:34.300,186688,187202,B,,20180503,664.03,93134300,100,66403.0
2018-05-03 09:31:34.300,186688,187210,B,,20180503,664.03,93134300,100,66403.0
2018-05-03 09:31:34.320,186688,187216,B,,20180503,664.03,93134320,100,66403.0
2018-05-03 09:31:34.350,186688,187221,B,,20180503,664.03,93134350,200,132806.0
2018-05-03 09:31:34.740,187407,187232,S,,20180503,664.03,93134740,100,66403.0
2018-05-03 09:31:36.810,188295,187472,S,,20180503,664.22,93136810,100,66422.0
2018-05-03 09:31:36.810,188295,187857,S,,20180503,664.08,93136810,100,66408.0
2018-05-03 09:31:36.810,188295,118777,S,,20180503,664.02,93136810,300,199206.0
2018-05-03 09:31:37.860,188813,118777,S,,20180503,664.02,93137860,1000,664020.0
2018-05-03 09:31:41.400,190360,118777,S,,20180503,664.02,93141400,100,66402.0
2018-05-03 09:31:43.440,191464,118777,S,,20180503,664.02,93143440,200,132804.0
2018-05-03 09:31:43.770,191620,118777,S,,20180503,664.02,93143770,100,66402.0
2018-05-03 09:31:43.770,191620,39317,S,,20180503,664.0,93143770,200,132800.0
2018-05-03 09:31:43.770,191620,62701,S,,20180503,664.0,93143770,100,66400.0
2018-05-03 09:31:44.090,191670,191767,B,,20180503,664.02,93144090,100,66402.0
2018-05-03 09:31:44.110,191672,191780,B,,20180503,664.02,93144110,300,199206.0
2018-05-03 09:31:44.700,191672,192068,B,,20180503,664.02,93144700,100,66402.0
2018-05-03 09:31:44.700,191672,192070,B,,20180503,664.02,93144700,100,66402.0
2018-05-03 09:31:45.470,192403,62701,S,,20180503,664.0,93145470,200,132800.0
2018-05-03 09:31:45.940,191672,192645,B,,20180503,664.02,93145940,100,66402.0
2018-05-03 09:31:45.970,192432,192656,B,,20180503,664.02,93145970,100,66402.0
2018-05-03 09:31:46.020,192680,62701,S,,20180503,664.0,93146020,100,66400.0
2018-05-03 09:31:46.230,192432,192787,B,,20180503,664.02,93146230,100,66402.0
2018-05-03 09:31:47.870,192524,193481,B,,20180503,664.02,93147870,100,66402.0
2018-05-03 09:31:47.870,192615,193481,B,,20180503,664.02,93147870,100,66402.0
2018-05-03 09:31:47.900,192847,193501,B,,20180503,664.02,93147900,100,66402.0
2018-05-03 09:31:48.550,192986,193788,B,,20180503,664.02,93148550,100,66402.0
2018-05-03 09:31:48.780,193344,193902,B,,20180503,664.02,93148780,100,66402.0
2018-05-03 09:31:48.990,194028,192784,S,,20180503,664.01,93148990,100,66401.0
2018-05-03 09:31:49.100,194075,192784,S,,20180503,664.01,93149100,400,265604.0
2018-05-03 09:31:49.130,193486,194093,B,,20180503,664.02,93149130,100,66402.0
2018-05-03 09:31:49.450,193518,194250,B,,20180503,664.02,93149450,100,66402.0
2018-05-03 09:31:49.450,194253,62701,S,,20180503,664.0,93149450,100,66400.0
2018-05-03 09:31:49.660,194360,62701,S,,20180503,664.0,93149660,100,66400.0
2018-05-03 09:31:51.510,195152,62701,S,,20180503,664.0,93151510,300,199200.0
2018-05-03 09:31:51.670,195220,195211,S,,20180503,664.01,93151670,100,66401.0
2018-05-03 09:31:51.800,195279,195211,S,,20180503,664.01,93151800,100,66401.0
2018-05-03 09:31:51.800,195279,62701,S,,20180503,664.0,93151800,900,597600.0
2018-05-03 09:31:51.830,195293,62701,S,,20180503,664.0,93151830,400,265600.0
2018-05-03 09:31:51.880,193518,195320,B,,20180503,664.02,93151880,100,66402.0
2018-05-03 09:31:52.070,195444,62701,S,,20180503,664.0,93152070,200,132800.0
2018-05-03 09:31:52.070,195450,62701,S,,20180503,664.0,93152070,100,66400.0
2018-05-03 09:31:52.110,195461,62701,S,,20180503,664.0,93152110,100,66400.0
2018-05-03 09:31:52.110,195462,62701,S,,20180503,664.0,93152110,200,132800.0
2018-05-03 09:31:52.140,195473,62701,S,,20180503,664.0,93152140,100,66400.0
2018-05-03 09:31:52.140,195476,62701,S,,20180503,664.0,93152140,100,66400.0
2018-05-03 09:31:52.160,195482,62701,S,,20180503,664.0,93152160,200,132800.0
2018-05-03 09:31:52.160,195495,62701,S,,20180503,664.0,93152160,100,66400.0
2018-05-03 09:31:52.190,195503,62701,S,,20180503,664.0,93152190,100,66400.0
2018-05-03 09:31:52.280,195528,62701,S,,20180503,664.0,93152280,100,66400.0
2018-05-03 09:31:52.280,195529,62701,S,,20180503,664.0,93152280,100,66400.0
2018-05-03 09:31:52.280,193518,195545,B,,20180503,664.02,93152280,100,66402.0
2018-05-03 09:31:52.310,195554,62701,S,,20180503,664.0,93152310,100,66400.0
2018-05-03 09:31:52.390,195585,62701,S,,20180503,664.0,93152390,100,66400.0
2018-05-03 09:31:52.630,195694,62701,S,,20180503,664.0,93152630,400,265600.0
2018-05-03 09:31:52.630,193518,195700,B,,20180503,664.02,93152630,300,199206.0
2018-05-03 09:31:52.630,193584,195700,B,,20180503,664.02,93152630,200,132804.0
2018-05-03 09:31:52.630,193618,195700,B,,20180503,664.02,93152630,100,66402.0
2018-05-03 09:31:52.630,193715,195700,B,,20180503,664.02,93152630,200,132804.0
2018-05-03 09:31:52.630,193754,195700,B,,20180503,664.02,93152630,100,66402.0
2018-05-03 09:31:52.630,193977,195700,B,,20180503,664.02,93152630,100,66402.0
2018-05-03 09:31:52.630,195701,62701,S,,20180503,664.0,93152630,100,66400.0
2018-05-03 09:31:54.110,196330,62701,S,,20180503,664.0,93154110,200,132800.0
2018-05-03 09:31:54.640,196567,62701,S,,20180503,664.0,93154640,200,132800.0
2018-05-03 09:31:54.700,194192,196590,B,,20180503,664.02,93154700,100,66402.0
2018-05-03 09:31:54.750,196621,62701,S,,20180503,664.0,93154750,300,199200.0
2018-05-03 09:31:54.750,196621,183228,S,,20180503,664.0,93154750,500,332000.0
2018-05-03 09:31:54.830,196689,183228,S,,20180503,664.0,93154830,1500,996000.0
2018-05-03 09:31:54.830,196689,193371,S,,20180503,664.0,93154830,100,66400.0
2018-05-03 09:31:54.830,196689,195133,S,,20180503,664.0,93154830,100,66400.0
2018-05-03 09:31:54.830,196689,195713,S,,20180503,664.0,93154830,100,66400.0
2018-05-03 09:31:55.250,196690,196864,B,,20180503,664.0,93155250,100,66400.0
2018-05-03 09:31:56.180,196929,197322,B,,20180503,663.94,93156180,100,66394.0
2018-05-03 09:31:57.390,197842,105955,S,,20180503,663.77,93157390,300,199131.0
2018-05-03 09:31:57.390,197842,182235,S,,20180503,663.77,93157390,100,66377.0
2018-05-03 09:31:57.390,197842,148010,S,,20180503,663.5,93157390,100,66350.0
2018-05-03 09:31:57.390,197842,187378,S,,20180503,663.5,93157390,2000,1327000.0
2018-05-03 09:31:57.390,197842,109893,S,,20180503,663.31,93157390,300,198992.99999999997
2018-05-03 09:31:57.390,197842,191777,S,,20180503,663.2,93157390,100,66320.0
2018-05-03 09:31:57.390,197842,132016,S,,20180503,663.11,93157390,100,66311.0
2018-05-03 09:31:57.390,197842,106141,S,,20180503,663.02,93157390,100,66302.0
2018-05-03 09:31:57.390,197842,112721,S,,20180503,663.02,93157390,400,265208.0
2018-05-03 09:31:58.310,197564,198287,B,,20180503,663.95,93158310,100,66395.0
2018-05-03 09:31:58.310,197982,198287,B,,20180503,663.95,93158310,500,331975.0
2018-05-03 09:31:58.310,198216,198287,B,,20180503,663.99,93158310,100,66399.0
2018-05-03 09:31:58.310,196690,198287,B,,20180503,664.0,93158310,1300,863200.0
2018-05-03 09:32:01.180,198311,199681,B,,20180503,663.94,93201180,100,66394.0
2018-05-03 09:32:01.180,199683,198970,S,,20180503,663.31,93201180,100,66331.0
2018-05-03 09:32:02.990,200606,87124,S,,20180503,663.01,93202990,100,66301.0
2018-05-03 09:32:03.990,201121,110249,S,,20180503,663.01,93203990,100,66301.0
2018-05-03 09:32:03.990,201121,122397,S,,20180503,663.01,93203990,100,66301.0
2018-05-03 09:32:04.320,201316,39315,S,,20180503,663.0,93204320,100,66300.0
2018-05-03 09:32:04.450,200766,201390,B,,20180503,663.31,93204450,100,66331.0
2018-05-03 09:32:05.440,201884,39315,S,,20180503,663.0,93205440,100,66300.0
2018-05-03 09:32:06.320,202282,39316,S,,20180503,663.0,93206320,100,66300.0
2018-05-03 09:32:06.550,202394,39316,S,,20180503,663.0,93206550,100,66300.0
2018-05-03 09:32:06.620,202424,51202,S,,20180503,663.0,93206620,100,66300.0
2018-05-03 09:32:06.620,202424,63281,S,,20180503,663.0,93206620,1500,994500.0
2018-05-03 09:32:06.670,202454,63281,S,,20180503,663.0,93206670,100,66300.0
2018-05-03 09:32:06.750,201837,202483,B,,20180503,663.02,93206750,100,66302.0
2018-05-03 09:32:06.780,201960,202495,B,,20180503,663.02,93206780,200,132604.0
2018-05-03 09:32:07.050,201960,202639,B,,20180503,663.02,93207050,400,265208.0
2018-05-03 09:32:07.080,202669,63281,S,,20180503,663.0,93207080,3400,2254200.0
2018-05-03 09:32:07.080,202669,89106,S,,20180503,663.0,93207080,200,132600.0
2018-05-03 09:32:07.080,202669,150814,S,,20180503,663.0,93207080,700,464100.0
2018-05-03 09:32:07.080,202669,166387,S,,20180503,663.0,93207080,200,132600.0
2018-05-03 09:32:07.080,202669,195696,S,,20180503,663.0,93207080,100,66300.0
2018-05-03 09:32:07.080,202669,201631,S,,20180503,663.0,93207080,100,66300.0
2018-05-03 09:32:07.480,202783,202924,B,,20180503,662.85,93207480,100,66285.0
2018-05-03 09:32:10.340,203642,204323,B,,20180503,662.82,93210340,100,66282.0
2018-05-03 09:32:10.700,204470,204324,S,,20180503,662.82,93210700,100,66282.0
2018-05-03 09:32:10.700,204481,204471,S,,20180503,662.82,93210700,100,66282.0
2018-05-03 09:32:11.380,203480,204783,B,,20180503,662.83,93211380,100,66283.0
2018-05-03 09:32:11.520,202828,204865,B,,20180503,662.85,93211520,100,66285.0
2018-05-03 09:32:11.730,204950,146939,S,,20180503,662.6,93211730,100,66260.0
2018-05-03 09:32:11.730,204950,90680,S,,20180503,662.51,93211730,100,66251.0
2018-05-03 09:32:12.740,205473,205143,S,,20180503,662.6,93212740,100,66260.0
2018-05-03 09:32:13.290,205771,90680,S,,20180503,662.51,93213290,100,66251.0
2018-05-03 09:32:13.770,205771,205992,B,,20180503,662.29,93213770,200,132458.0
2018-05-03 09:32:14.890,205771,206490,B,,20180503,662.29,93214890,100,66229.0
2018-05-03 09:32:14.890,206299,206490,B,,20180503,662.6,93214890,100,66260.0
2018-05-03 09:32:15.780,206908,60662,S,,20180503,662.22,93215780,1500,993330.0
2018-05-03 09:32:15.780,206299,206913,B,,20180503,662.6,93215780,100,66260.0
2018-05-03 09:32:16.000,207107,60662,S,,20180503,662.22,93216000,500,331110.0
2018-05-03 09:32:18.010,208096,60662,S,,20180503,662.22,93218010,100,66222.0
2018-05-03 09:32:18.110,206299,208149,B,,20180503,662.6,93218110,100,66260.0
2018-05-03 09:32:18.660,208425,208350,S,,20180503,662.51,93218660,600,397506.0
2018-05-03 09:32:18.660,208425,60662,S,,20180503,662.22,93218660,900,595998.0
2018-05-03 09:32:19.130,206409,208706,B,,20180503,662.6,93219130,100,66260.0
2018-05-03 09:32:19.130,206968,208706,B,,20180503,662.6,93219130,100,66260.0
2018-05-03 09:32:19.130,206999,208706,B,,20180503,662.6,93219130,100,66260.0
2018-05-03 09:32:19.130,207076,208706,B,,20180503,662.6,93219130,100,66260.0
2018-05-03 09:32:19.130,207157,208706,B,,20180503,662.6,93219130,100,66260.0
2018-05-03 09:32:19.800,209057,60662,S,,20180503,662.22,93219800,2000,1324440.0
2018-05-03 09:32:19.800,209057,75926,S,,20180503,662.18,93219800,100,66218.0
2018-05-03 09:32:19.800,209057,134090,S,,20180503,662.11,93219800,100,66211.0
2018-05-03 09:32:19.800,209057,68190,S,,20180503,662.1,93219800,2100,1390410.0
2018-05-03 09:32:19.800,209057,130297,S,,20180503,662.1,93219800,100,66210.0
2018-05-03 09:32:19.800,209057,123954,S,,20180503,662.05,93219800,300,198615.0
2018-05-03 09:32:19.800,209057,106147,S,,20180503,662.02,93219800,100,66202.0
2018-05-03 09:32:19.800,209057,39314,S,,20180503,662.0,93219800,200,132400.0
2018-05-03 09:32:19.850,209081,48456,S,,20180503,662.0,93219850,100,66200.0
2018-05-03 09:32:19.850,209081,122284,S,,20180503,662.0,93219850,100,66200.0
2018-05-03 09:32:20.320,209316,209121,S,,20180503,662.3,93220320,100,66230.0
2018-05-03 09:32:21.070,209642,158747,S,,20180503,661.96,93221070,100,66196.0
2018-05-03 09:32:21.070,209642,205598,S,,20180503,661.94,93221070,100,66194.0
2018-05-03 09:32:21.070,209642,208918,S,,20180503,661.8,93221070,100,66180.0
2018-05-03 09:32:21.070,209642,54638,S,,20180503,661.22,93221070,100,66122.0
2018-05-03 09:32:21.070,209642,93667,S,,20180503,661.2,93221070,100,66120.0
2018-05-03 09:32:21.070,209642,143032,S,,20180503,661.12,93221070,100,66112.0
2018-05-03 09:32:21.070,209642,136025,S,,20180503,661.1,93221070,200,132220.0
2018-05-03 09:32:21.850,209946,210034,B,,20180503,662.17,93221850,100,66217.0
2018-05-03 09:32:21.990,210100,136025,S,,20180503,661.1,93221990,100,66110.0
2018-05-03 09:32:22.960,210142,210557,B,,20180503,662.0,93222960,200,132400.0
2018-05-03 09:32:22.960,210429,210557,B,,20180503,662.0,93222960,100,66200.0
2018-05-03 09:32:22.960,209946,210557,B,,20180503,662.17,93222960,100,66217.0
2018-05-03 09:32:25.020,211512,108089,S,,20180503,661.02,93225020,100,66102.0
2018-05-03 09:32:25.380,211271,211689,B,,20180503,662.0,93225380,100,66200.0
2018-05-03 09:32:25.380,209946,211689,B,,20180503,662.17,93225380,400,264868.0
2018-05-03 09:32:27.470,209946,212717,B,,20180503,662.17,93227470,100,66217.0
2018-05-03 09:32:27.490,212739,212746,B,,20180503,662.1,93227490,100,66210.0
2018-05-03 09:32:27.490,209946,212746,B,,20180503,662.17,93227490,100,66217.0
2018-05-03 09:32:27.490,210202,212746,B,,20180503,662.17,93227490,100,66217.0
2018-05-03 09:32:27.490,211436,212746,B,,20180503,662.17,93227490,100,66217.0
2018-05-03 09:32:27.490,211446,212746,B,,20180503,662.17,93227490,100,66217.0
2018-05-03 09:32:27.490,211505,212746,B,,20180503,662.17,93227490,100,66217.0
2018-05-03 09:32:27.490,212204,212746,B,,20180503,662.17,93227490,100,66217.0
2018-05-03 09:32:27.490,212708,212746,B,,20180503,662.17,93227490,100,66217.0
2018-05-03 09:32:27.490,209799,212746,B,,20180503,662.22,93227490,1200,794664.0
2018-05-03 09:32:27.840,212817,212929,B,,20180503,662.0,93227840,200,132400.0
2018-05-03 09:32:27.840,209799,212932,B,,20180503,662.22,93227840,100,66222.0
2018-05-03 09:32:27.890,212971,212960,S,,20180503,662.12,93227890,100,66212.0
2018-05-03 09:32:27.910,212982,115814,S,,20180503,661.02,93227910,100,66102.0
2018-05-03 09:32:30.570,214134,24509,S,,20180503,661.0,93230570,500,330500.0
2018-05-03 09:32:30.600,214148,39313,S,,20180503,661.0,93230600,100,66100.0
2018-05-03 09:32:30.790,214249,39313,S,,20180503,661.0,93230790,100,66100.0
2018-05-03 09:32:30.840,214249,214279,B,,20180503,661.0,93230840,200,132200.0
2018-05-03 09:32:31.270,214404,214551,B,,20180503,660.86,93231270,100,66086.0
2018-05-03 09:32:31.310,214249,214559,B,,20180503,661.0,93231310,100,66100.0
2018-05-03 09:32:31.330,214249,214566,B,,20180503,661.0,93231330,100,66100.0
2018-05-03 09:32:31.330,214249,214567,B,,20180503,661.0,93231330,100,66100.0
2018-05-03 09:32:31.330,214249,214571,B,,20180503,661.0,93231330,100,66100.0
2018-05-03 09:32:31.330,214517,214571,B,,20180503,661.0,93231330,100,66100.0
2018-05-03 09:32:31.360,214517,214592,B,,20180503,661.0,93231360,200,132200.0
2018-05-03 09:32:31.360,214517,214595,B,,20180503,661.0,93231360,100,66100.0
2018-05-03 09:32:31.390,214517,214603,B,,20180503,661.0,93231390,100,66100.0
2018-05-03 09:32:31.410,214610,47569,S,,20180503,660.8,93231410,100,66080.0
2018-05-03 09:32:31.440,214517,214620,B,,20180503,661.0,93231440,100,66100.0
2018-05-03 09:32:31.570,214517,214683,B,,20180503,661.0,93231570,100,66100.0
2018-05-03 09:32:31.640,214031,214733,B,,20180503,661.02,93231640,100,66102.0
2018-05-03 09:32:31.640,214031,214734,B,,20180503,661.02,93231640,100,66102.0
2018-05-03 09:32:31.640,214031,214737,B,,20180503,661.02,93231640,100,66102.0
2018-05-03 09:32:32.250,214739,215006,B,,20180503,661.0,93232250,100,66100.0
2018-05-03 09:32:32.250,214031,215006,B,,20180503,661.02,93232250,300,198306.0
2018-05-03 09:32:32.420,214031,215088,B,,20180503,661.02,93232420,100,66102.0
2018-05-03 09:32:33.210,215265,215413,B,,20180503,660.73,93233210,100,66073.0
2018-05-03 09:32:33.210,215267,215413,B,,20180503,660.73,93233210,100,66073.0
2018-05-03 09:32:34.040,215792,28599,S,,20180503,660.68,93234040,100,66068.0
2018-05-03 09:32:34.150,215849,28599,S,,20180503,660.68,93234150,100,66068.0
2018-05-03 09:32:34.200,215849,215872,B,,20180503,660.68,93234200,100,66068.0
2018-05-03 09:32:34.560,215706,216027,B,,20180503,660.71,93234560,100,66071.0
2018-05-03 09:32:34.590,216045,134900,S,,20180503,660.55,93234590,100,66055.0
2018-05-03 09:32:34.590,216045,88919,S,,20180503,660.5,93234590,100,66050.0
2018-05-03 09:32:34.670,215776,216080,B,,20180503,660.97,93234670,100,66097.0
2018-05-03 09:32:36.620,216650,216944,B,,20180503,660.54,93236620,100,66054.0
2018-05-03 09:32:36.680,215776,216969,B,,20180503,660.97,93236680,100,66097.0
2018-05-03 09:32:36.730,217001,93559,S,,20180503,660.5,93236730,200,132100.0
2018-05-03 09:32:36.730,217001,216589,S,,20180503,660.32,93236730,600,396192.00000000006
2018-05-03 09:32:37.370,217307,216589,S,,20180503,660.32,93237370,100,66032.0
2018-05-03 09:32:37.370,217013,217322,B,,20180503,660.34,93237370,100,66034.0
2018-05-03 09:32:37.670,217134,217433,B,,20180503,660.34,93237670,100,66034.0
2018-05-03 09:32:37.670,217030,217433,B,,20180503,660.95,93237670,300,198285.0
2018-05-03 09:32:37.790,217483,216589,S,,20180503,660.32,93237790,100,66032.0
2018-05-03 09:32:38.480,217809,66171,S,,20180503,660.31,93238480,200,132062.0
2018-05-03 09:32:38.480,217809,105225,S,,20180503,660.22,93238480,800,528176.0
2018-05-03 09:32:39.830,218340,105225,S,,20180503,660.22,93239830,200,132044.0
2018-05-03 09:32:40.200,217660,218528,B,,20180503,660.54,93240200,100,66054.0
2018-05-03 09:32:40.470,217750,218626,B,,20180503,660.54,93240470,100,66054.0
2018-05-03 09:32:40.470,217751,218626,B,,20180503,660.61,93240470,100,66061.0
2018-05-03 09:32:41.120,218917,89348,S,,20180503,660.15,93241120,100,66015.0
2018-05-03 09:32:41.210,218964,216984,S,,20180503,660.12,93241210,100,66012.0
2018-05-03 09:32:41.760,219069,219202,B,,20180503,660.15,93241760,100,66015.0
2018-05-03 09:32:41.940,219069,219298,B,,20180503,660.15,93241940,100,66015.0
2018-05-03 09:32:42.670,219634,216984,S,,20180503,660.12,93242670,100,66012.0
2018-05-03 09:32:43.070,219069,219889,B,,20180503,660.15,93243070,100,66015.0
2018-05-03 09:32:43.070,219804,219889,B,,20180503,660.15,93243070,100,66015.0
2018-05-03 09:32:43.070,219818,219889,B,,20180503,660.15,93243070,100,66015.0
2018-05-03 09:32:43.070,219805,219889,B,,20180503,660.22,93243070,100,66022.0
2018-05-03 09:32:43.070,219819,219889,B,,20180503,660.22,93243070,100,66022.0
2018-05-03 09:32:43.230,219965,219889,S,,20180503,660.23,93243230,100,66023.0
2018-05-03 09:32:43.770,220212,219889,S,,20180503,660.23,93243770,100,66023.0
2018-05-03 09:32:43.770,220217,219889,S,,20180503,660.23,93243770,100,66023.0
2018-05-03 09:32:44.950,220739,220137,S,,20180503,660.15,93244950,100,66015.0
2018-05-03 09:32:45.040,220782,220172,S,,20180503,660.15,93245040,100,66015.0
2018-05-03 09:32:45.040,220782,220762,S,,20180503,660.15,93245040,100,66015.0
2018-05-03 09:32:45.600,221014,220841,S,,20180503,660.2,93245600,300,198060.0
2018-05-03 09:32:45.730,220912,221086,B,,20180503,660.22,93245730,100,66022.0
2018-05-03 09:32:45.880,219967,221167,B,,20180503,660.3,93245880,100,66030.0
2018-05-03 09:32:46.020,221195,221237,B,,20180503,660.32,93246020,100,66032.0
2018-05-03 09:32:46.340,221382,220841,S,,20180503,660.2,93246340,200,132040.0
2018-05-03 09:32:46.340,221382,220887,S,,20180503,660.16,93246340,100,66016.0
2018-05-03 09:32:46.340,221382,216984,S,,20180503,660.12,93246340,4300,2838516.0
2018-05-03 09:32:46.340,221382,24475,S,,20180503,660.1,93246340,500,330050.0
2018-05-03 09:32:46.340,221382,122282,S,,20180503,660.1,93246340,100,66010.0
2018-05-03 09:32:46.340,221382,138691,S,,20180503,660.1,93246340,400,264040.0
2018-05-03 09:32:46.340,221382,9182,S,,20180503,660.08,93246340,100,66008.0
2018-05-03 09:32:46.340,221382,61684,S,,20180503,660.06,93246340,100,66006.0
2018-05-03 09:32:46.340,221382,2659,S,,20180503,660.05,93246340,100,66005.0
2018-05-03 09:32:46.340,221382,71352,S,,20180503,660.05,93246340,100,66005.0
2018-05-03 09:32:46.340,221382,108406,S,,20180503,660.02,93246340,200,132004.0
2018-05-03 09:32:46.340,221382,17369,S,,20180503,660.01,93246340,100,66001.0
2018-05-03 09:32:46.340,221382,21069,S,,20180503,660.01,93246340,100,66001.0
2018-05-03 09:32:46.340,221382,85479,S,,20180503,660.01,93246340,200,132002.0
2018-05-03 09:32:46.340,221382,126590,S,,20180503,660.01,93246340,300,198003.0
2018-05-03 09:32:46.340,221382,140756,S,,20180503,660.01,93246340,100,66001.0
2018-05-03 09:32:46.340,221382,202018,S,,20180503,660.01,93246340,100,66001.0
2018-05-03 09:32:46.340,221382,203008,S,,20180503,660.01,93246340,100,66001.0
2018-05-03 09:32:46.340,221382,6019,S,,20180503,660.0,93246340,100,66000.0
2018-05-03 09:32:46.340,221382,27986,S,,20180503,660.0,93246340,100,66000.0
2018-05-03 09:32:46.340,221382,55204,S,,20180503,660.0,93246340,100,66000.0
2018-05-03 09:32:46.340,221382,57368,S,,20180503,660.0,93246340,300,198000.0
2018-05-03 09:32:46.340,221382,67284,S,,20180503,660.0,93246340,100,66000.0
2018-05-03 09:32:46.340,221382,115595,S,,20180503,660.0,93246340,100,66000.0
2018-05-03 09:32:46.340,221382,125019,S,,20180503,660.0,93246340,100,66000.0
2018-05-03 09:32:46.340,221382,132329,S,,20180503,660.0,93246340,100,66000.0
2018-05-03 09:32:46.340,221382,147065,S,,20180503,660.0,93246340,300,198000.0
2018-05-03 09:32:46.340,221382,165881,S,,20180503,660.0,93246340,100,66000.0
2018-05-03 09:32:46.340,221382,171314,S,,20180503,660.0,93246340,100,66000.0
2018-05-03 09:32:46.340,221382,176172,S,,20180503,660.0,93246340,100,66000.0
2018-05-03 09:32:46.340,221382,185698,S,,20180503,660.0,93246340,100,66000.0
2018-05-03 09:32:46.340,221382,191862,S,,20180503,660.0,93246340,100,66000.0
2018-05-03 09:32:46.340,221382,198923,S,,20180503,660.0,93246340,100,66000.0
2018-05-03 09:32:46.340,221382,212284,S,,20180503,660.0,93246340,100,66000.0
2018-05-03 09:32:46.340,221382,220564,S,,20180503,660.0,93246340,200,132000.0
2018-05-03 09:32:46.500,221382,221443,B,,20180503,660.0,93246500,100,66000.0
2018-05-03 09:32:47.350,221382,221820,B,,20180503,660.0,93247350,200,132000.0
2018-05-03 09:32:47.610,221382,221923,B,,20180503,660.0,93247610,200,132000.0
2018-05-03 09:32:47.660,221382,221930,B,,20180503,660.0,93247660,100,66000.0
2018-05-03 09:32:47.820,221382,221999,B,,20180503,660.0,93247820,100,66000.0
2018-05-03 09:32:48.310,221382,222187,B,,20180503,660.0,93248310,100,66000.0
2018-05-03 09:32:48.800,222452,6926,S,,20180503,659.8,93248800,100,65980.0
2018-05-03 09:32:48.860,222486,6926,S,,20180503,659.8,93248860,100,65980.0
2018-05-03 09:32:48.920,221382,222497,B,,20180503,660.0,93248920,100,66000.0
2018-05-03 09:32:49.020,222529,222567,B,,20180503,659.79,93249020,100,65979.0
2018-05-03 09:32:49.360,222724,86009,S,,20180503,659.66,93249360,100,65966.0
2018-05-03 09:32:49.670,222558,222854,B,,20180503,659.79,93249670,100,65979.0
2018-05-03 09:32:50.570,222860,223231,B,,20180503,659.8,93250570,100,65980.0
2018-05-03 09:32:51.060,222860,223446,B,,20180503,659.8,93251060,100,65980.0
2018-05-03 09:32:51.460,222861,223612,B,,20180503,659.8,93251460,100,65980.0
2018-05-03 09:32:51.460,221382,223612,B,,20180503,660.0,93251460,400,264000.0
2018-05-03 09:32:51.760,223835,86009,S,,20180503,659.66,93251760,300,197898.0
2018-05-03 09:32:51.940,223914,86009,S,,20180503,659.66,93251940,400,263864.0
2018-05-03 09:32:53.050,224123,224453,B,,20180503,659.61,93253050,100,65961.0
2018-05-03 09:32:55.030,225211,225326,B,,20180503,659.58,93255030,100,65958.0
2018-05-03 09:32:55.060,224028,225339,B,,20180503,659.66,93255060,500,329830.0
2018-05-03 09:32:55.530,224028,225523,B,,20180503,659.66,93255530,100,65966.0
2018-05-03 09:32:55.710,225590,69912,S,,20180503,659.44,93255710,100,65944.0
2018-05-03 09:32:57.720,226469,69912,S,,20180503,659.44,93257720,100,65944.0
2018-05-03 09:32:58.040,226625,69912,S,,20180503,659.44,93258040,100,65944.0
2018-05-03 09:32:58.140,224028,226664,B,,20180503,659.66,93258140,100,65966.0
2018-05-03 09:32:58.140,225991,226672,B,,20180503,659.66,93258140,100,65966.0
2018-05-03 09:32:59.610,226737,227315,B,,20180503,659.44,93259610,100,65944.0
2018-05-03 09:33:00.040,227491,69196,S,,20180503,659.33,93300040,100,65933.0
2018-05-03 09:33:00.470,226737,227727,B,,20180503,659.44,93300470,100,65944.0
2018-05-03 09:33:00.470,226900,227727,B,,20180503,659.44,93300470,100,65944.0
2018-05-03 09:33:00.810,227050,227893,B,,20180503,659.44,93300810,100,65944.0
2018-05-03 09:33:00.810,227289,227893,B,,20180503,659.44,93300810,100,65944.0
2018-05-03 09:33:01.270,228107,69196,S,,20180503,659.33,93301270,100,65933.0
2018-05-03 09:33:02.110,227384,228467,B,,20180503,659.44,93302110,100,65944.0
2018-05-03 09:33:02.180,227384,228500,B,,20180503,659.44,93302180,200,131888.0
2018-05-03 09:33:02.280,227848,228551,B,,20180503,659.44,93302280,100,65944.0
2018-05-03 09:33:02.440,228617,228551,S,,20180503,659.44,93302440,100,65944.0
2018-05-03 09:33:02.850,228823,228551,S,,20180503,659.44,93302850,100,65944.0
2018-05-03 09:33:03.210,226767,228992,B,,20180503,659.66,93303210,100,65966.0
2018-05-03 09:33:03.570,229035,229150,B,,20180503,659.39,93303570,100,65939.0
2018-05-03 09:33:03.830,229272,69196,S,,20180503,659.33,93303830,100,65933.0
2018-05-03 09:33:04.020,229353,69196,S,,20180503,659.33,93304020,300,197799.0
2018-05-03 09:33:04.350,229499,69196,S,,20180503,659.33,93304350,200,131866.0
2018-05-03 09:33:05.060,229499,229837,B,,20180503,659.33,93305060,100,65933.0
2018-05-03 09:33:05.300,229930,104945,S,,20180503,659.2,93305300,100,65920.0
2018-05-03 09:33:05.300,229930,28332,S,,20180503,659.19,93305300,600,395514.00000000006
2018-05-03 09:33:05.300,229930,77034,S,,20180503,659.18,93305300,100,65918.0
2018-05-03 09:33:05.330,229499,229939,B,,20180503,659.33,93305330,100,65933.0
2018-05-03 09:33:05.690,230115,229949,S,,20180503,659.28,93305690,100,65928.0
2018-05-03 09:33:06.260,229499,230352,B,,20180503,659.33,93306260,200,131866.0
2018-05-03 09:33:07.090,230747,229949,S,,20180503,659.28,93307090,100,65928.0
2018-05-03 09:33:07.170,230775,229949,S,,20180503,659.28,93307170,200,131856.0
2018-05-03 09:33:07.270,230821,229949,S,,20180503,659.28,93307270,100,65928.0
2018-05-03 09:33:07.600,230910,230981,B,,20180503,659.28,93307600,300,197784.0
2018-05-03 09:33:07.710,231027,230681,S,,20180503,659.19,93307710,100,65919.0
2018-05-03 09:33:08.030,230910,231156,B,,20180503,659.28,93308030,100,65928.0
2018-05-03 09:33:09.100,231171,231569,B,,20180503,659.28,93309100,100,65928.0
2018-05-03 09:33:09.150,229516,231598,B,,20180503,659.33,93309150,100,65933.0
2018-05-03 09:33:09.150,229831,231598,B,,20180503,659.33,93309150,100,65933.0
2018-05-03 09:33:09.180,230555,231609,B,,20180503,659.33,93309180,100,65933.0
2018-05-03 09:33:09.360,231680,230681,S,,20180503,659.19,93309360,200,131838.0
2018-05-03 09:33:09.670,231829,230681,S,,20180503,659.19,93309670,100,65919.0
2018-05-03 09:33:10.390,232142,230681,S,,20180503,659.19,93310390,600,395514.00000000006
2018-05-03 09:33:11.240,232142,232513,B,,20180503,659.19,93311240,100,65919.0
2018-05-03 09:33:11.240,230798,232513,B,,20180503,659.33,93311240,100,65933.0
2018-05-03 09:33:11.940,232819,24510,S,,20180503,659.0,93311940,100,65900.0
2018-05-03 09:33:12.220,232547,232933,B,,20180503,659.19,93312220,700,461433.00000000006
2018-05-03 09:33:12.220,231301,232933,B,,20180503,659.33,93312220,100,65933.0
2018-05-03 09:33:12.220,231486,232933,B,,20180503,659.33,93312220,200,131866.0
2018-05-03 09:33:12.450,233043,24510,S,,20180503,659.0,93312450,100,65900.0
2018-05-03 09:33:12.640,233096,233143,B,,20180503,659.2,93312640,100,65920.0
2018-05-03 09:33:12.640,231486,233143,B,,20180503,659.33,93312640,300,197799.0
2018-05-03 09:33:12.640,232015,233143,B,,20180503,659.33,93312640,100,65933.0
2018-05-03 09:33:13.010,233200,233301,B,,20180503,659.15,93313010,100,65915.0
2018-05-03 09:33:13.410,233200,233512,B,,20180503,659.15,93313410,100,65915.0
2018-05-03 09:33:13.430,233527,24510,S,,20180503,659.0,93313430,300,197700.0
2018-05-03 09:33:13.430,233527,33883,S,,20180503,659.0,93313430,100,65900.0
2018-05-03 09:33:13.480,233527,233546,B,,20180503,659.0,93313480,204,134436.0
2018-05-03 09:33:13.480,233200,233546,B,,20180503,659.15,93313480,300,197745.0
2018-05-03 09:33:13.480,232015,233546,B,,20180503,659.33,93313480,500,329665.0
2018-05-03 09:33:13.480,232143,233546,B,,20180503,659.33,93313480,400,263732.0
2018-05-03 09:33:13.480,232393,233546,B,,20180503,659.33,93313480,100,65933.0
2018-05-03 09:33:13.480,232666,233546,B,,20180503,659.33,93313480,100,65933.0
2018-05-03 09:33:13.480,232766,233546,B,,20180503,659.33,93313480,100,65933.0
2018-05-03 09:33:13.480,232962,233546,B,,20180503,659.33,93313480,100,65933.0
2018-05-03 09:33:13.480,233133,233546,B,,20180503,659.33,93313480,100,65933.0
2018-05-03 09:33:13.950,233754,233546,S,,20180503,659.33,93313950,100,65933.0
2018-05-03 09:33:13.950,233761,233546,S,,20180503,659.33,93313950,100,65933.0
2018-05-03 09:33:14.520,233960,233546,S,,20180503,659.33,93314520,500,329665.0
2018-05-03 09:33:14.620,234010,233546,S,,20180503,659.33,93314620,200,131866.0
2018-05-03 09:33:14.890,234119,233546,S,,20180503,659.33,93314890,100,65933.0
2018-05-03 09:33:14.970,229035,234146,B,,20180503,659.39,93314970,100,65939.0
2018-05-03 09:33:15.470,229035,234343,B,,20180503,659.39,93315470,100,65939.0
2018-05-03 09:33:15.470,229505,234343,B,,20180503,659.39,93315470,100,65939.0
2018-05-03 09:33:15.470,231326,234343,B,,20180503,659.39,93315470,100,65939.0
2018-05-03 09:33:15.610,229954,234405,B,,20180503,659.41,93315610,100,65941.0
2018-05-03 09:33:15.780,234486,233546,S,,20180503,659.33,93315780,200,131866.0
2018-05-03 09:33:16.070,234597,233546,S,,20180503,659.33,93316070,96,63295.68000000001
2018-05-03 09:33:16.090,234597,234613,B,,20180503,659.2,93316090,4,2636.8
2018-05-03 09:33:16.270,234679,234613,S,,20180503,659.33,93316270,96,63295.68000000001
2018-05-03 09:33:16.530,234679,234790,B,,20180503,659.33,93316530,4,2637.32
2018-05-03 09:33:16.530,229709,234790,B,,20180503,659.44,93316530,96,63306.240000000005
2018-05-03 09:33:16.610,234814,234816,B,,20180503,659.2,93316610,200,131840.0
2018-05-03 09:33:17.100,235002,234980,S,,20180503,659.28,93317100,100,65928.0
2018-05-03 09:33:17.530,235159,234837,S,,20180503,659.21,93317530,100,65921.0
2018-05-03 09:33:17.770,235253,234674,S,,20180503,659.1,93317770,100,65910.0
2018-05-03 09:33:17.930,235318,233825,S,,20180503,659.02,93317930,100,65902.0
2018-05-03 09:33:18.130,235341,235387,B,,20180503,659.19,93318130,100,65919.0
2018-05-03 09:33:18.420,235517,233269,S,,20180503,658.53,93318420,100,65853.0
2018-05-03 09:33:18.420,235517,235191,S,,20180503,658.2,93318420,100,65820.0
2018-05-03 09:33:18.600,235496,235592,B,,20180503,659.0,93318600,100,65900.0
2018-05-03 09:33:18.600,235341,235592,B,,20180503,659.19,93318600,200,131838.0
2018-05-03 09:33:18.600,234921,235592,B,,20180503,659.33,93318600,100,65933.0
2018-05-03 09:33:18.600,234949,235592,B,,20180503,659.33,93318600,100,65933.0
2018-05-03 09:33:18.600,234999,235592,B,,20180503,659.33,93318600,200,131866.0
2018-05-03 09:33:18.600,235379,235592,B,,20180503,659.33,93318600,100,65933.0
2018-05-03 09:33:18.660,235610,235592,S,,20180503,659.33,93318660,100,65933.0
2018-05-03 09:33:18.740,235646,235592,S,,20180503,659.33,93318740,100,65933.0
2018-05-03 09:33:18.890,235719,235592,S,,20180503,659.33,93318890,100,65933.0
2018-05-03 09:33:19.030,235804,235592,S,,20180503,659.33,93319030,200,131866.0
2018-05-03 09:33:19.390,229709,235989,B,,20180503,659.44,93319390,4,2637.76
2018-05-03 09:33:19.390,229718,235989,B,,20180503,659.44,93319390,100,65944.0
2018-05-03 09:33:19.390,229740,235989,B,,20180503,659.44,93319390,100,65944.0
2018-05-03 09:33:19.390,229842,235989,B,,20180503,659.44,93319390,196,129250.24
2018-05-03 09:33:19.550,229842,236072,B,,20180503,659.44,93319550,4,2637.76
2018-05-03 09:33:19.550,229990,236072,B,,20180503,659.44,93319550,100,65944.0
2018-05-03 09:33:19.550,230349,236072,B,,20180503,659.44,93319550,100,65944.0
2018-05-03 09:33:19.550,231313,236072,B,,20180503,659.44,93319550,196,129250.24
2018-05-03 09:33:20.410,236448,235592,S,,20180503,659.33,93320410,100,65933.0
2018-05-03 09:33:20.490,236486,235592,S,,20180503,659.33,93320490,600,395598.0
2018-05-03 09:33:20.490,236486,235714,S,,20180503,659.0,93320490,100,65900.0
2018-05-03 09:33:20.490,236486,236264,S,,20180503,659.0,93320490,100,65900.0
2018-05-03 09:33:20.490,236486,226034,S,,20180503,658.15,93320490,500,329075.0
2018-05-03 09:33:20.510,236486,236492,B,,20180503,658.15,93320510,100,65815.0
2018-05-03 09:33:20.740,236486,236600,B,,20180503,658.15,93320740,100,65815.0
2018-05-03 09:33:21.320,236486,236853,B,,20180503,658.15,93321320,100,65815.0
2018-05-03 09:33:21.350,236486,236864,B,,20180503,658.15,93321350,100,65815.0
2018-05-03 09:33:21.430,236486,236902,B,,20180503,658.15,93321430,100,65815.0
2018-05-03 09:33:21.830,236486,237094,B,,20180503,658.15,93321830,400,263260.0
2018-05-03 09:33:21.960,236624,237167,B,,20180503,659.0,93321960,100,65900.0
2018-05-03 09:33:21.990,236624,237188,B,,20180503,659.0,93321990,100,65900.0
2018-05-03 09:33:22.090,237240,237094,S,,20180503,658.15,93322090,100,65815.0
2018-05-03 09:33:22.090,237240,237107,S,,20180503,658.15,93322090,200,131630.0
2018-05-03 09:33:22.400,237240,237383,B,,20180503,658.15,93322400,500,329075.0
2018-05-03 09:33:23.100,237707,237513,S,,20180503,658.15,93323100,100,65815.0
2018-05-03 09:33:24.030,238126,237513,S,,20180503,658.15,93324030,100,65815.0
2018-05-03 09:33:24.160,236624,238191,B,,20180503,659.0,93324160,100,65900.0
2018-05-03 09:33:25.810,238938,238357,S,,20180503,658.39,93325810,100,65839.0
2018-05-03 09:33:25.810,238938,237513,S,,20180503,658.15,93325810,200,131630.0
2018-05-03 09:33:25.810,238938,237627,S,,20180503,658.15,93325810,100,65815.0
2018-05-03 09:33:25.810,238938,238913,S,,20180503,658.15,93325810,200,131630.0
2018-05-03 09:33:25.810,238938,26127,S,,20180503,658.11,93325810,200,131622.0
2018-05-03 09:33:25.810,238938,234114,S,,20180503,658.01,93325810,200,131602.0
2018-05-03 09:33:25.810,238938,236525,S,,20180503,658.01,93325810,100,65801.0
2018-05-03 09:33:25.810,238938,42006,S,,20180503,658.0,93325810,100,65800.0
2018-05-03 09:33:25.810,238938,44205,S,,20180503,658.0,93325810,100,65800.0
2018-05-03 09:33:25.810,238938,67002,S,,20180503,658.0,93325810,200,131600.0
2018-05-03 09:33:26.780,236624,239363,B,,20180503,659.0,93326780,100,65900.0
2018-05-03 09:33:27.820,236624,239832,B,,20180503,659.0,93327820,200,131800.0
2018-05-03 09:33:27.850,236624,239843,B,,20180503,659.0,93327850,500,329500.0
2018-05-03 09:33:28.520,236624,240157,B,,20180503,659.0,93328520,100,65900.0
2018-05-03 09:33:30.110,236624,240860,B,,20180503,659.0,93330110,100,65900.0
2018-05-03 09:33:30.880,236624,241217,B,,20180503,659.0,93330880,500,329500.0
2018-05-03 09:33:31.100,236624,241321,B,,20180503,659.0,93331100,200,131800.0
2018-05-03 09:33:31.480,241517,239679,S,,20180503,658.15,93331480,100,65815.0
2018-05-03 09:33:31.920,241595,241705,B,,20180503,658.15,93331920,100,65815.0
2018-05-03 09:33:32.170,239437,241809,B,,20180503,659.0,93332170,100,65900.0
2018-05-03 09:33:32.830,241981,242055,B,,20180503,658.11,93332830,100,65811.0
2018-05-03 09:33:33.100,241884,242175,B,,20180503,658.15,93333100,100,65815.0
2018-05-03 09:33:33.320,241884,242278,B,,20180503,658.15,93333320,600,394890.0
2018-05-03 09:33:33.570,242377,242372,S,,20180503,658.15,93333570,100,65815.0
2018-05-03 09:33:33.860,242218,242510,B,,20180503,658.39,93333860,100,65839.0
2018-05-03 09:33:34.550,242803,242853,B,,20180503,658.39,93334550,100,65839.0
2018-05-03 09:33:34.660,242913,242853,S,,20180503,658.89,93334660,100,65889.0
2018-05-03 09:33:35.090,243106,242853,S,,20180503,658.89,93335090,100,65889.0
2018-05-03 09:33:35.320,243208,242853,S,,20180503,658.89,93335320,100,65889.0
2018-05-03 09:33:36.310,243644,242737,S,,20180503,658.2,93336310,100,65820.0
2018-05-03 09:33:36.440,242387,243692,B,,20180503,658.99,93336440,100,65899.0
2018-05-03 09:33:36.440,242305,243692,B,,20180503,659.0,93336440,100,65900.0
2018-05-03 09:33:36.440,243002,243692,B,,20180503,659.0,93336440,100,65900.0
2018-05-03 09:33:36.930,243062,243968,B,,20180503,659.0,93336930,100,65900.0
2018-05-03 09:33:37.110,244071,243846,S,,20180503,658.99,93337110,100,65899.0
2018-05-03 09:33:37.110,244071,243908,S,,20180503,658.99,93337110,100,65899.0
2018-05-03 09:33:37.990,244071,244480,B,,20180503,658.39,93337990,100,65839.0
2018-05-03 09:33:38.070,244505,244207,S,,20180503,658.25,93338070,100,65825.0
2018-05-03 09:33:38.770,244071,244833,B,,20180503,658.39,93338770,500,329195.0
2018-05-03 09:33:39.350,245069,244959,S,,20180503,658.28,93339350,100,65828.0
2018-05-03 09:33:39.890,244071,245359,B,,20180503,658.39,93339890,500,329195.0
2018-05-03 09:33:39.920,244071,245395,B,,20180503,658.39,93339920,100,65839.0
2018-05-03 09:33:40.910,245836,245784,S,,20180503,658.3,93340910,100,65830.0
2018-05-03 09:33:41.270,244071,245970,B,,20180503,658.39,93341270,200,131678.0
2018-05-03 09:33:41.920,244071,246285,B,,20180503,658.39,93341920,400,263356.0
2018-05-03 09:33:42.350,246101,246510,B,,20180503,658.39,93342350,100,65839.0
2018-05-03 09:33:42.380,246527,246486,S,,20180503,658.3,93342380,100,65830.0
2018-05-03 09:33:42.380,246527,244959,S,,20180503,658.28,93342380,100,65828.0
2018-05-03 09:33:42.490,246574,244959,S,,20180503,658.28,93342490,400,263312.0
2018-05-03 09:33:42.840,246100,246749,B,,20180503,658.46,93342840,100,65846.0
2018-05-03 09:33:43.060,246841,246845,B,,20180503,658.84,93343060,100,65884.0
2018-05-03 09:33:43.160,246898,246059,S,,20180503,658.28,93343160,100,65828.0
2018-05-03 09:33:43.880,247243,246978,S,,20180503,658.28,93343880,100,65828.0
2018-05-03 09:33:44.090,247315,247131,S,,20180503,658.28,93344090,200,131656.0
2018-05-03 09:33:44.240,247399,247373,S,,20180503,658.38,93344240,100,65838.0
2018-05-03 09:33:44.880,246841,247682,B,,20180503,658.84,93344880,200,131768.0
2018-05-03 09:33:45.340,247842,247592,S,,20180503,658.39,93345340,100,65839.0
2018-05-03 09:33:45.340,247842,247740,S,,20180503,658.39,93345340,100,65839.0
2018-05-03 09:33:45.680,247997,247941,S,,20180503,658.53,93345680,100,65853.0
2018-05-03 09:33:45.890,247829,248111,B,,20180503,658.89,93345890,100,65889.0
2018-05-03 09:33:46.420,248365,247740,S,,20180503,658.39,93346420,100,65839.0
2018-05-03 09:33:46.920,244637,248588,B,,20180503,658.99,93346920,100,65899.0
2018-05-03 09:33:47.170,248692,247373,S,,20180503,658.38,93347170,500,329190.0
2018-05-03 09:33:47.250,248761,248735,S,,20180503,658.5,93347250,300,197550.0
2018-05-03 09:33:47.530,248861,248735,S,,20180503,658.5,93347530,100,65850.0
2018-05-03 09:33:48.000,249066,248735,S,,20180503,658.5,93348000,100,65850.0
2018-05-03 09:33:48.560,243446,249281,B,,20180503,659.0,93348560,100,65900.0
2018-05-03 09:33:48.740,243554,249362,B,,20180503,659.0,93348740,100,65900.0
2018-05-03 09:33:48.740,243739,249362,B,,20180503,659.0,93348740,100,65900.0
2018-05-03 09:33:48.740,244714,249362,B,,20180503,659.0,93348740,1000,659000.0
2018-05-03 09:33:48.740,248815,249362,B,,20180503,659.0,93348740,100,65900.0
2018-05-03 09:33:49.160,243315,249553,B,,20180503,659.1,93349160,100,65910.0
2018-05-03 09:33:49.210,249571,249205,S,,20180503,658.99,93349210,200,131798.0
2018-05-03 09:33:49.210,249571,247373,S,,20180503,658.38,93349210,300,197514.0
2018-05-03 09:33:49.550,244479,249717,B,,20180503,659.18,93349550,100,65918.0
2018-05-03 09:33:49.790,249821,249780,S,,20180503,659.0,93349790,100,65900.0
2018-05-03 09:33:50.120,249968,249619,S,,20180503,658.5,93350120,100,65850.0
2018-05-03 09:33:50.280,250032,249791,S,,20180503,658.5,93350280,300,197550.0
2018-05-03 09:33:50.550,250156,249791,S,,20180503,658.5,93350550,200,131700.0
2018-05-03 09:33:50.740,250247,249791,S,,20180503,658.5,93350740,100,65850.0
2018-05-03 09:33:51.310,250499,249791,S,,20180503,658.5,93351310,100,65850.0
2018-05-03 09:33:51.470,250157,250546,B,,20180503,658.99,93351470,100,65899.0
2018-05-03 09:33:51.760,250690,250546,S,,20180503,659.0,93351760,200,131800.0
2018-05-03 09:33:51.850,250719,250579,S,,20180503,658.99,93351850,200,131798.0
2018-05-03 09:33:51.850,250719,250562,S,,20180503,658.9,93351850,200,131780.0
2018-05-03 09:33:51.850,250719,249791,S,,20180503,658.5,93351850,100,65850.0
2018-05-03 09:33:52.290,250921,249791,S,,20180503,658.5,93352290,100,65850.0
2018-05-03 09:33:52.320,250932,250628,S,,20180503,658.5,93352320,100,65850.0
2018-05-03 09:33:52.320,250932,250917,S,,20180503,658.46,93352320,400,263384.0
2018-05-03 09:33:52.780,251158,250917,S,,20180503,658.46,93352780,100,65846.0
2018-05-03 09:33:53.410,251421,250917,S,,20180503,658.46,93353410,100,65846.0
2018-05-03 09:33:53.930,251644,250917,S,,20180503,658.46,93353930,100,65846.0
2018-05-03 09:33:54.640,251916,250917,S,,20180503,658.46,93354640,100,65846.0
2018-05-03 09:33:54.660,251938,250917,S,,20180503,658.46,93354660,100,65846.0
2018-05-03 09:33:55.420,252258,252103,S,,20180503,658.58,93355420,100,65858.0
2018-05-03 09:33:56.690,252749,252103,S,,20180503,658.58,93356690,100,65858.0
2018-05-03 09:33:57.200,252936,252103,S,,20180503,658.58,93357200,300,197574.0
2018-05-03 09:33:57.530,253062,252103,S,,20180503,658.58,93357530,100,65858.0
2018-05-03 09:33:57.550,252566,253069,B,,20180503,659.0,93357550,100,65900.0
2018-05-03 09:33:58.680,252160,253610,B,,20180503,659.14,93358680,100,65914.0
2018-05-03 09:33:58.950,252160,253704,B,,20180503,659.14,93358950,100,65914.0
2018-05-03 09:33:58.980,253711,252103,S,,20180503,658.58,93358980,100,65858.0
2018-05-03 09:33:59.570,253947,252103,S,,20180503,658.58,93359570,100,65858.0
2018-05-03 09:33:59.570,253947,251963,S,,20180503,658.55,93359570,100,65855.0
2018-05-03 09:34:00.030,254145,250917,S,,20180503,658.46,93400030,400,263384.0
2018-05-03 09:34:00.980,253928,254595,B,,20180503,659.0,93400980,100,65900.0
2018-05-03 09:34:01.300,254741,254595,S,,20180503,659.0,93401300,100,65900.0
2018-05-03 09:34:01.990,252160,255040,B,,20180503,659.14,93401990,100,65914.0
2018-05-03 09:34:02.430,255232,254595,S,,20180503,659.0,93402430,100,65900.0
2018-05-03 09:34:02.430,255235,254595,S,,20180503,659.0,93402430,100,65900.0
2018-05-03 09:34:03.780,255229,255799,B,,20180503,659.07,93403780,100,65907.0
2018-05-03 09:34:04.050,255934,255534,S,,20180503,658.59,93404050,100,65859.0
2018-05-03 09:34:04.230,255995,255534,S,,20180503,658.59,93404230,100,65859.0
2018-05-03 09:34:05.280,255843,256423,B,,20180503,659.0,93405280,100,65900.0
2018-05-03 09:34:06.190,255843,256807,B,,20180503,659.0,93406190,100,65900.0
2018-05-03 09:34:08.000,256641,257553,B,,20180503,659.0,93408000,100,65900.0
2018-05-03 09:34:08.000,244479,257553,B,,20180503,659.18,93408000,200,131836.0
2018-05-03 09:34:08.690,257749,257810,B,,20180503,659.0,93408690,100,65900.0
2018-05-03 09:34:08.690,244479,257810,B,,20180503,659.18,93408690,100,65918.0
2018-05-03 09:34:09.510,258134,256956,S,,20180503,658.99,93409510,100,65899.0
2018-05-03 09:34:09.510,258134,258089,S,,20180503,658.66,93409510,100,65866.0
2018-05-03 09:34:09.510,258134,257345,S,,20180503,658.6,93409510,100,65860.0
2018-05-03 09:34:09.510,258134,257809,S,,20180503,658.6,93409510,100,65860.0
2018-05-03 09:34:09.850,258264,258281,B,,20180503,659.0,93409850,100,65900.0
2018-05-03 09:34:10.370,244479,258522,B,,20180503,659.18,93410370,100,65918.0
2018-05-03 09:34:10.370,252869,258522,B,,20180503,659.18,93410370,100,65918.0
2018-05-03 09:34:10.370,253148,258522,B,,20180503,659.18,93410370,100,65918.0
2018-05-03 09:34:10.450,258551,258281,S,,20180503,659.14,93410450,100,65914.0
2018-05-03 09:34:11.040,253148,258796,B,,20180503,659.18,93411040,100,65918.0
2018-05-03 09:34:11.060,258801,258281,S,,20180503,659.14,93411060,100,65914.0
2018-05-03 09:34:11.220,258866,258281,S,,20180503,659.14,93411220,100,65914.0
2018-05-03 09:34:11.680,253148,259056,B,,20180503,659.18,93411680,100,65918.0
2018-05-03 09:34:11.910,259151,258281,S,,20180503,659.14,93411910,100,65914.0
2018-05-03 09:34:12.580,259415,258281,S,,20180503,659.14,93412580,100,65914.0
2018-05-03 09:34:12.960,253148,259590,B,,20180503,659.18,93412960,200,131836.0
2018-05-03 09:34:13.050,259630,258281,S,,20180503,659.14,93413050,100,65914.0
2018-05-03 09:34:13.280,241822,259743,B,,20180503,659.19,93413280,100,65919.0
2018-05-03 09:34:14.160,260114,259743,S,,20180503,659.19,93414160,100,65919.0
2018-05-03 09:34:14.160,260114,260064,S,,20180503,659.19,93414160,100,65919.0
2018-05-03 09:34:14.360,239814,260184,B,,20180503,659.21,93414360,100,65921.0
2018-05-03 09:34:14.790,260335,260064,S,,20180503,659.19,93414790,100,65919.0
2018-05-03 09:34:15.080,260461,260439,S,,20180503,659.19,93415080,100,65919.0
2018-05-03 09:34:15.100,239814,260475,B,,20180503,659.21,93415100,100,65921.0
2018-05-03 09:34:15.220,239814,260529,B,,20180503,659.21,93415220,100,65921.0
2018-05-03 09:34:15.280,239814,260566,B,,20180503,659.21,93415280,100,65921.0
2018-05-03 09:34:15.280,240497,260566,B,,20180503,659.21,93415280,100,65921.0
2018-05-03 09:34:15.770,238571,260772,B,,20180503,659.28,93415770,100,65928.0
2018-05-03 09:34:15.770,239920,260772,B,,20180503,659.28,93415770,100,65928.0
2018-05-03 09:34:15.770,247534,260772,B,,20180503,659.28,93415770,100,65928.0
2018-05-03 09:34:16.280,261032,260566,S,,20180503,659.21,93416280,300,197763.0
2018-05-03 09:34:16.280,261033,260439,S,,20180503,659.19,93416280,100,65919.0
2018-05-03 09:34:16.310,261036,260567,S,,20180503,659.18,93416310,100,65918.0
2018-05-03 09:34:16.310,261036,258281,S,,20180503,659.14,93416310,200,131828.0
2018-05-03 09:34:17.810,261680,261521,S,,20180503,659.21,93417810,300,197763.0
2018-05-03 09:34:17.810,261680,261292,S,,20180503,659.2,93417810,100,65920.0
2018-05-03 09:34:18.240,261850,261770,S,,20180503,659.21,93418240,100,65921.0
2018-05-03 09:34:18.240,261850,261792,S,,20180503,659.21,93418240,100,65921.0
2018-05-03 09:34:18.790,231313,262072,B,,20180503,659.44,93418790,100,65944.0
2018-05-03 09:34:18.970,262142,261292,S,,20180503,659.2,93418970,100,65920.0
2018-05-03 09:34:19.330,262321,261292,S,,20180503,659.2,93419330,100,65920.0
2018-05-03 09:34:19.490,231313,262419,B,,20180503,659.44,93419490,4,2637.76
2018-05-03 09:34:19.490,262386,262419,B,,20180503,659.44,93419490,100,65944.0
2018-05-03 09:34:19.490,232223,262419,B,,20180503,659.46,93419490,100,65946.0
2018-05-03 09:34:19.490,243128,262419,B,,20180503,659.5,93419490,96,63312.0
2018-05-03 09:34:19.960,243128,262605,B,,20180503,659.5,93419960,4,2638.0
2018-05-03 09:34:19.960,226767,262605,B,,20180503,659.66,93419960,100,65966.0
2018-05-03 09:34:19.960,227637,262605,B,,20180503,659.66,93419960,100,65966.0
2018-05-03 09:34:19.960,231303,262605,B,,20180503,659.66,93419960,96,63327.36
2018-05-03 09:34:20.070,231303,262650,B,,20180503,659.66,93420070,300,197898.0
2018-05-03 09:34:22.300,263590,263090,S,,20180503,659.44,93422300,100,65944.0
2018-05-03 09:34:22.300,263590,262566,S,,20180503,659.28,93422300,100,65928.0
2018-05-03 09:34:22.700,263786,263640,S,,20180503,659.45,93422700,100,65945.0
2018-05-03 09:34:22.940,231303,263901,B,,20180503,659.66,93422940,100,65966.0
2018-05-03 09:34:23.250,264031,262641,S,,20180503,659.22,93423250,100,65922.0
2018-05-03 09:34:23.590,231303,264183,B,,20180503,659.66,93423590,200,131932.0
2018-05-03 09:34:24.670,231303,264644,B,,20180503,659.66,93424670,304,200536.63999999998
2018-05-03 09:34:25.450,228669,265047,B,,20180503,659.8,93425450,100,65980.0
2018-05-03 09:34:27.080,227454,265738,B,,20180503,659.94,93427080,300,197982.00000000003
2018-05-03 09:34:27.280,265832,264644,S,,20180503,659.68,93427280,96,63329.28
2018-05-03 09:34:27.280,265832,264796,S,,20180503,659.66,93427280,4,2638.64
2018-05-03 09:34:27.410,227454,265886,B,,20180503,659.94,93427410,700,461958.00000000006
2018-05-03 09:34:27.410,221382,265886,B,,20180503,660.0,93427410,7600,5016000.0
2018-05-03 09:34:27.410,225713,265886,B,,20180503,660.0,93427410,100,66000.0
2018-05-03 09:34:27.410,227440,265886,B,,20180503,660.0,93427410,300,198000.0
2018-05-03 09:34:27.410,233841,265886,B,,20180503,660.0,93427410,200,132000.0
2018-05-03 09:34:27.520,234088,265938,B,,20180503,660.0,93427520,100,66000.0
2018-05-03 09:34:27.520,240138,265938,B,,20180503,660.0,93427520,100,66000.0
2018-05-03 09:34:27.520,263603,265938,B,,20180503,660.0,93427520,100,66000.0
2018-05-03 09:34:27.780,228645,266107,B,,20180503,660.15,93427780,100,66015.0
2018-05-03 09:34:28.020,222027,266246,B,,20180503,660.32,93428020,200,132064.0
2018-05-03 09:34:28.020,219431,266246,B,,20180503,660.34,93428020,100,66034.0
2018-05-03 09:34:29.020,266679,266107,S,,20180503,660.15,93429020,100,66015.0
2018-05-03 09:34:29.210,266769,266044,S,,20180503,660.0,93429210,300,198000.0
2018-05-03 09:34:29.210,266769,266088,S,,20180503,660.0,93429210,2700,1782000.0
2018-05-03 09:34:30.330,219431,267346,B,,20180503,660.34,93430330,100,66034.0
2018-05-03 09:34:30.330,220277,267346,B,,20180503,661.0,93430330,100,66100.0
2018-05-03 09:34:30.640,267496,267098,S,,20180503,660.32,93430640,200,132064.0
2018-05-03 09:34:30.720,267534,266815,S,,20180503,660.15,93430720,300,198045.0
2018-05-03 09:34:30.720,267534,266088,S,,20180503,660.0,93430720,400,264000.0
2018-05-03 09:34:30.790,267581,266088,S,,20180503,660.0,93430790,500,330000.0
2018-05-03 09:34:30.840,214031,267607,B,,20180503,661.02,93430840,300,198306.0
2018-05-03 09:34:31.030,216321,267746,B,,20180503,661.02,93431030,100,66102.0
2018-05-03 09:34:31.030,216674,267746,B,,20180503,661.02,93431030,200,132204.0
2018-05-03 09:34:31.200,267859,267853,S,,20180503,660.36,93431200,100,66036.0
2018-05-03 09:34:31.640,268063,267853,S,,20180503,660.36,93431640,100,66036.0
2018-05-03 09:34:31.740,268131,268045,S,,20180503,660.34,93431740,200,132068.0
2018-05-03 09:34:32.240,268349,268045,S,,20180503,660.34,93432240,100,66034.0
2018-05-03 09:34:32.240,268349,267619,S,,20180503,660.33,93432240,100,66033.0
2018-05-03 09:34:32.320,216674,268383,B,,20180503,661.02,93432320,100,66102.0
2018-05-03 09:34:32.320,217021,268383,B,,20180503,661.02,93432320,100,66102.0
2018-05-03 09:34:32.520,268479,268383,S,,20180503,661.02,93432520,400,264408.0
2018-05-03 09:34:32.690,213307,268572,B,,20180503,661.1,93432690,100,66110.0
2018-05-03 09:34:32.690,220461,268572,B,,20180503,662.0,93432690,100,66200.0
2018-05-03 09:34:32.690,222015,268572,B,,20180503,662.0,93432690,100,66200.0
2018-05-03 09:34:33.340,227138,268874,B,,20180503,662.0,93433340,300,198600.0
2018-05-03 09:34:33.780,227138,269060,B,,20180503,662.0,93433780,600,397200.0
2018-05-03 09:34:33.810,227138,269080,B,,20180503,662.0,93433810,1100,728200.0
2018-05-03 09:34:34.050,218712,269208,B,,20180503,662.15,93434050,100,66215.0
2018-05-03 09:34:34.050,213484,269208,B,,20180503,662.22,93434050,100,66222.0
2018-05-03 09:34:34.050,215614,269208,B,,20180503,662.22,93434050,1300,860886.0
2018-05-03 09:34:34.050,218034,269208,B,,20180503,662.22,93434050,100,66222.0
2018-05-03 09:34:34.050,211437,269208,B,,20180503,662.23,93434050,100,66223.0
2018-05-03 09:34:34.050,215036,269208,B,,20180503,662.42,93434050,100,66242.0
2018-05-03 09:34:34.050,205430,269208,B,,20180503,662.99,93434050,1200,795588.0
2018-05-03 09:34:34.180,269269,269080,S,,20180503,662.0,93434180,400,264800.0
2018-05-03 09:34:34.180,269269,268975,S,,20180503,661.03,93434180,100,66103.0
2018-05-03 09:34:34.560,205430,269452,B,,20180503,662.99,93434560,200,132598.0
2018-05-03 09:34:35.370,205430,269789,B,,20180503,662.99,93435370,100,66299.0
2018-05-03 09:34:35.370,202669,269789,B,,20180503,663.0,93435370,200,132600.0
2018-05-03 09:34:36.120,202669,270144,B,,20180503,663.0,93436120,400,265200.0
2018-05-03 09:34:36.480,270342,269711,S,,20180503,662.15,93436480,100,66215.0
2018-05-03 09:34:36.500,270348,270237,S,,20180503,661.1,93436500,100,66110.0
2018-05-03 09:34:36.840,202669,270504,B,,20180503,663.0,93436840,200,132600.0
2018-05-03 09:34:36.840,204144,270504,B,,20180503,663.0,93436840,100,66300.0
2018-05-03 09:34:37.530,210771,270880,B,,20180503,663.0,93437530,100,66300.0
2018-05-03 09:34:38.930,271442,270880,S,,20180503,663.0,93438930,200,132600.0
2018-05-03 09:34:38.930,271442,271109,S,,20180503,663.0,93438930,300,198900.0
2018-05-03 09:34:38.930,271442,270379,S,,20180503,662.99,93438930,300,198897.0
2018-05-03 09:34:39.290,271580,270790,S,,20180503,661.04,93439290,100,66104.0
2018-05-03 09:34:39.710,271756,270837,S,,20180503,661.04,93439710,100,66104.0
2018-05-03 09:34:39.710,271442,271759,B,,20180503,662.98,93439710,300,198894.0
2018-05-03 09:34:39.890,271852,271803,S,,20180503,662.15,93439890,200,132430.0
2018-05-03 09:34:39.890,271852,270861,S,,20180503,661.04,93439890,100,66104.0
2018-05-03 09:34:39.890,271852,270862,S,,20180503,661.04,93439890,100,66104.0
2018-05-03 09:34:39.890,271852,271427,S,,20180503,661.04,93439890,100,66104.0
2018-05-03 09:34:40.630,271442,272253,B,,20180503,662.98,93440630,600,397788.0
2018-05-03 09:34:41.010,272380,272424,B,,20180503,662.97,93441010,100,66297.0
2018-05-03 09:34:41.010,271442,272424,B,,20180503,662.98,93441010,100,66298.0
2018-05-03 09:34:41.120,271442,272476,B,,20180503,662.98,93441120,400,265192.0
2018-05-03 09:34:41.470,271442,272600,B,,20180503,662.98,93441470,300,198894.0
2018-05-03 09:34:41.880,272791,268975,S,,20180503,661.03,93441880,200,132206.0
2018-05-03 09:34:41.910,272805,268975,S,,20180503,661.03,93441910,100,66103.0
2018-05-03 09:34:42.210,271442,272931,B,,20180503,662.98,93442210,100,66298.0
2018-05-03 09:34:43.720,271442,273675,B,,20180503,662.98,93443720,200,132596.0
2018-05-03 09:34:44.930,274094,274181,B,,20180503,662.9,93444930,100,66290.0
2018-05-03 09:34:45.130,274094,274269,B,,20180503,662.9,93445130,100,66290.0
2018-05-03 09:34:45.890,271442,274644,B,,20180503,662.98,93445890,300,198894.0
2018-05-03 09:34:46.680,275006,275055,B,,20180503,662.81,93446680,300,198842.99999999997
2018-05-03 09:34:48.040,275622,274926,S,,20180503,662.01,93448040,100,66201.0
2018-05-03 09:34:48.040,275622,273150,S,,20180503,662.0,93448040,2000,1324000.0
2018-05-03 09:34:48.040,275622,275175,S,,20180503,662.0,93448040,200,132400.0
2018-05-03 09:34:48.040,275622,274957,S,,20180503,661.04,93448040,100,66104.0
2018-05-03 09:34:48.040,275622,268975,S,,20180503,661.03,93448040,1100,727133.0
2018-05-03 09:34:48.040,275622,268652,S,,20180503,661.02,93448040,400,264408.0
2018-05-03 09:34:48.200,275006,275670,B,,20180503,662.81,93448200,200,132562.0
2018-05-03 09:34:48.200,275006,275686,B,,20180503,662.81,93448200,300,198842.99999999997
2018-05-03 09:34:48.710,275006,275947,B,,20180503,662.81,93448710,100,66281.0
2018-05-03 09:34:49.220,275006,276201,B,,20180503,662.81,93449220,100,66281.0
2018-05-03 09:34:49.610,276414,275869,S,,20180503,662.0,93449610,100,66200.0
2018-05-03 09:34:49.800,275006,276491,B,,20180503,662.81,93449800,100,66281.0
2018-05-03 09:34:50.270,275006,276695,B,,20180503,662.81,93450270,200,132562.0
2018-05-03 09:34:50.500,276790,270350,S,,20180503,661.0,93450500,100,66100.0
2018-05-03 09:34:50.500,276790,272972,S,,20180503,661.0,93450500,100,66100.0
2018-05-03 09:34:50.640,275006,276839,B,,20180503,662.81,93450640,100,66281.0
2018-05-03 09:34:50.750,275006,276897,B,,20180503,662.81,93450750,100,66281.0
2018-05-03 09:34:51.630,275006,277285,B,,20180503,662.81,93451630,100,66281.0
2018-05-03 09:34:51.630,275410,277285,B,,20180503,662.93,93451630,1000,662930.0
2018-05-03 09:34:51.630,275931,277285,B,,20180503,662.96,93451630,100,66296.0
2018-05-03 09:34:51.630,271442,277285,B,,20180503,662.98,93451630,500,331490.0
2018-05-03 09:34:51.890,271442,277410,B,,20180503,662.98,93451890,500,331490.0
