,AskOrder,BidOrder,BSFlags,FunctionCode,Date,Price,Time,Volume,Amount
2018-05-16 09:24:59.430,61619,30305,S,,20180516,740.0,92459430,100,74000.0
2018-05-16 09:24:59.430,61619,63339,B,,20180516,740.0,92459430,100,74000.0
2018-05-16 09:24:59.430,99318,63339,S,,20180516,740.0,92459430,300,222000.0
2018-05-16 09:24:59.430,100066,63339,S,,20180516,740.0,92459430,100,74000.0
2018-05-16 09:24:59.430,104522,63339,S,,20180516,740.0,92459430,200,148000.0
2018-05-16 09:24:59.430,30313,63339,B,,20180516,740.0,92459430,500,370000.0
2018-05-16 09:24:59.430,90602,63339,S,,20180516,740.0,92459430,100,74000.0
2018-05-16 09:24:59.430,58358,63339,B,,20180516,740.0,92459430,100,74000.0
2018-05-16 09:24:59.430,6702,63339,B,,20180516,740.0,92459430,1100,814000.0
2018-05-16 09:24:59.430,6702,53580,B,,20180516,740.0,92459430,1000,740000.0
2018-05-16 09:24:59.430,6702,30295,B,,20180516,740.0,92459430,100,74000.0
2018-05-16 09:24:59.430,6702,30296,B,,20180516,740.0,92459430,100,74000.0
2018-05-16 09:24:59.430,6702,30299,B,,20180516,740.0,92459430,100,74000.0
2018-05-16 09:24:59.430,6702,30301,B,,20180516,740.0,92459430,100,74000.0
2018-05-16 09:24:59.430,6702,30306,B,,20180516,740.0,92459430,100,74000.0
2018-05-16 09:24:59.430,6702,30308,B,,20180516,740.0,92459430,100,74000.0
2018-05-16 09:24:59.430,6702,61616,B,,20180516,740.0,92459430,200,148000.0
2018-05-16 09:24:59.430,6702,57889,B,,20180516,740.0,92459430,100,74000.0
2018-05-16 09:24:59.430,6702,57890,B,,20180516,740.0,92459430,100,74000.0
2018-05-16 09:24:59.430,6702,57891,B,,20180516,740.0,92459430,100,74000.0
2018-05-16 09:24:59.430,6702,73248,B,,20180516,740.0,92459430,100,74000.0
2018-05-16 09:24:59.430,6702,30602,B,,20180516,740.0,92459430,100,74000.0
2018-05-16 09:24:59.430,6702,79624,B,,20180516,740.0,92459430,100,74000.0
2018-05-16 09:24:59.430,6702,57887,B,,20180516,740.0,92459430,1700,1258000.0
2018-05-16 09:24:59.430,6702,29116,B,,20180516,740.0,92459430,100,74000.0
2018-05-16 09:24:59.430,6702,30290,B,,20180516,740.0,92459430,1000,740000.0
2018-05-16 09:24:59.430,6702,30294,B,,20180516,740.0,92459430,600,444000.0
2018-05-16 09:24:59.430,78952,30294,S,,20180516,740.0,92459430,100,74000.0
2018-05-16 09:24:59.430,4721,30294,B,,20180516,740.0,92459430,300,222000.0
2018-05-16 09:24:59.430,4721,30297,B,,20180516,740.0,92459430,700,518000.0
2018-05-16 09:24:59.430,16317,30297,B,,20180516,740.0,92459430,300,222000.0
2018-05-16 09:24:59.430,16317,30298,B,,20180516,740.0,92459430,700,518000.0
2018-05-16 09:24:59.430,61153,30298,S,,20180516,740.0,92459430,300,222000.0
2018-05-16 09:24:59.430,61153,30300,S,,20180516,740.0,92459430,1000,740000.0
2018-05-16 09:24:59.430,61153,30302,S,,20180516,740.0,92459430,900,666000.0
2018-05-16 09:24:59.430,61153,33454,S,,20180516,740.0,92459430,100,74000.0
2018-05-16 09:24:59.430,61153,67053,B,,20180516,740.0,92459430,1000,740000.0
2018-05-16 09:24:59.430,72459,67053,S,,20180516,740.0,92459430,900,666000.0
2018-05-16 09:24:59.430,77158,67053,S,,20180516,740.0,92459430,300,222000.0
2018-05-16 09:24:59.430,79565,67053,S,,20180516,740.0,92459430,300,222000.0
2018-05-16 09:24:59.430,80722,67053,S,,20180516,740.0,92459430,100,74000.0
2018-05-16 09:24:59.430,101298,67053,S,,20180516,740.0,92459430,500,370000.0
2018-05-16 09:24:59.430,102882,67053,S,,20180516,740.0,92459430,400,296000.0
2018-05-16 09:24:59.430,71035,67053,S,,20180516,740.0,92459430,100,74000.0
2018-05-16 09:24:59.430,30293,67053,B,,20180516,740.0,92459430,100,74000.0
2018-05-16 09:24:59.430,16117,67053,B,,20180516,740.0,92459430,200,148000.0
2018-05-16 09:24:59.430,33319,67053,B,,20180516,740.0,92459430,100,74000.0
2018-05-16 09:24:59.430,33319,79744,B,,20180516,740.0,92459430,600,444000.0
2018-05-16 09:24:59.430,33319,101299,B,,20180516,740.0,92459430,600,444000.0
2018-05-16 09:24:59.430,99613,101299,B,,20180516,740.0,92459430,100,74000.0
2018-05-16 09:24:59.430,71622,103762,B,,20180516,740.0,92459430,100,74000.0
2018-05-16 09:24:59.430,90398,103762,B,,20180516,740.0,92459430,500,370000.0
2018-05-16 09:24:59.430,6703,103762,B,,20180516,740.0,92459430,1000,740000.0
2018-05-16 09:24:59.430,6703,32621,B,,20180516,740.0,92459430,500,370000.0
2018-05-16 09:24:59.430,6703,67054,B,,20180516,740.0,92459430,500,370000.0
2018-05-16 09:24:59.430,6703,70487,B,,20180516,740.0,92459430,100,74000.0
2018-05-16 09:24:59.430,6703,70915,B,,20180516,740.0,92459430,200,148000.0
2018-05-16 09:24:59.430,6703,60742,B,,20180516,740.0,92459430,200,148000.0
2018-05-16 09:24:59.430,6703,11297,B,,20180516,740.0,92459430,200,148000.0
2018-05-16 09:24:59.430,6703,30595,B,,20180516,740.0,92459430,600,444000.0
2018-05-16 09:24:59.430,6703,30291,B,,20180516,740.0,92459430,100,74000.0
2018-05-16 09:24:59.430,6703,38287,B,,20180516,740.0,92459430,100,74000.0
2018-05-16 09:24:59.430,6703,43425,B,,20180516,740.0,92459430,100,74000.0
2018-05-16 09:24:59.430,6703,13567,B,,20180516,740.0,92459430,1200,888000.0
2018-05-16 09:24:59.430,6703,82249,B,,20180516,740.0,92459430,100,74000.0
2018-05-16 09:24:59.430,6703,92379,B,,20180516,740.0,92459430,100,74000.0
2018-05-16 09:24:59.430,6703,95466,B,,20180516,740.0,92459430,100,74000.0
2018-05-16 09:24:59.430,6703,76757,B,,20180516,740.0,92459430,100,74000.0
2018-05-16 09:24:59.430,6703,30600,B,,20180516,740.0,92459430,1200,888000.0
2018-05-16 09:24:59.430,6703,30601,B,,20180516,740.0,92459430,3500,2590000.0
2018-05-16 09:24:59.430,89628,30601,S,,20180516,740.0,92459430,100,74000.0
2018-05-16 09:24:59.430,100782,30601,S,,20180516,740.0,92459430,100,74000.0
2018-05-16 09:24:59.430,94067,30601,S,,20180516,740.0,92459430,100,74000.0
2018-05-16 09:24:59.430,94706,30601,S,,20180516,740.0,92459430,100,74000.0
2018-05-16 09:24:59.430,42858,30601,S,,20180516,740.0,92459430,300,222000.0
2018-05-16 09:24:59.430,104346,30601,S,,20180516,740.0,92459430,363,268620.0
2018-05-16 09:24:59.430,103320,30601,S,,20180516,740.0,92459430,1000,740000.0
2018-05-16 09:24:59.430,103034,30601,S,,20180516,740.0,92459430,500,370000.0
2018-05-16 09:24:59.430,103328,30601,S,,20180516,740.0,92459430,3437,2543380.0
2018-05-16 09:24:59.430,103328,30603,S,,20180516,740.0,92459430,163,120620.0
2018-05-16 09:24:59.430,104347,30603,S,,20180516,740.0,92459430,155,114700.0
2018-05-16 09:24:59.430,103850,30603,S,,20180516,740.0,92459430,100,74000.0
2018-05-16 09:24:59.430,102172,30603,S,,20180516,740.0,92459430,800,592000.0
2018-05-16 09:24:59.430,103186,30603,S,,20180516,740.0,92459430,482,356680.0
2018-05-16 09:24:59.430,103186,71471,S,,20180516,740.0,92459430,100,74000.0
2018-05-16 09:24:59.430,103186,74892,S,,20180516,740.0,92459430,600,444000.0
2018-05-16 09:24:59.430,103186,75361,S,,20180516,740.0,92459430,100,74000.0
2018-05-16 09:24:59.430,103186,82961,S,,20180516,740.0,92459430,100,74000.0
2018-05-16 09:24:59.430,103186,91395,S,,20180516,740.0,92459430,100,74000.0
2018-05-16 09:24:59.430,103186,102403,S,,20180516,740.0,92459430,2000,1480000.0
2018-05-16 09:24:59.430,103186,95029,S,,20180516,740.0,92459430,100,74000.0
2018-05-16 09:24:59.430,103186,33397,S,,20180516,740.0,92459430,300,222000.0
2018-05-16 09:24:59.430,103186,30365,S,,20180516,740.0,92459430,100,74000.0
2018-05-16 09:24:59.430,103186,53095,S,,20180516,740.0,92459430,100,74000.0
2018-05-16 09:24:59.430,103186,103383,B,,20180516,740.0,92459430,200,148000.0
2018-05-16 09:24:59.430,103186,103413,B,,20180516,740.0,92459430,500,370000.0
2018-05-16 09:24:59.430,103186,28239,S,,20180516,740.0,92459430,600,444000.0
2018-05-16 09:24:59.430,103186,90433,S,,20180516,740.0,92459430,100,74000.0
2018-05-16 09:24:59.430,103186,34997,S,,20180516,740.0,92459430,100,74000.0
2018-05-16 09:24:59.430,103186,2622,S,,20180516,740.0,92459430,100,74000.0
2018-05-16 09:24:59.430,103186,30604,S,,20180516,740.0,92459430,1318,975320.0
2018-05-16 09:24:59.430,95782,30604,S,,20180516,740.0,92459430,100,74000.0
2018-05-16 09:24:59.430,20058,30604,B,,20180516,740.0,92459430,1000,740000.0
2018-05-16 09:24:59.430,70112,30604,S,,20180516,740.0,92459430,1082,800680.0
2018-05-16 09:24:59.430,70112,32622,S,,20180516,740.0,92459430,500,370000.0
2018-05-16 09:24:59.430,70112,37296,S,,20180516,740.0,92459430,200,148000.0
2018-05-16 09:24:59.430,70112,67077,S,,20180516,740.0,92459430,218,161320.0
2018-05-16 09:24:59.430,74858,67077,S,,20180516,740.0,92459430,100,74000.0
2018-05-16 09:24:59.430,81948,67077,S,,20180516,740.0,92459430,100,74000.0
2018-05-16 09:24:59.430,90754,67077,S,,20180516,740.0,92459430,82,60680.0
2018-05-16 09:24:59.430,90754,89580,S,,20180516,740.0,92459430,18,13320.0
2018-05-16 09:24:59.430,95323,89580,S,,20180516,740.0,92459430,82,60680.0
2018-05-16 09:24:59.430,95323,103633,B,,20180516,740.0,92459430,18,13320.0
2018-05-16 09:24:59.430,96036,103633,B,,20180516,740.0,92459430,182,134680.0
2018-05-16 09:29:59.080,104696,91272,S,,20180516,739.21,92959080,100,73921.0
2018-05-16 09:29:59.080,104696,97560,S,,20180516,739.08,92959080,200,147816.0
2018-05-16 09:29:59.080,104696,34998,S,,20180516,739.01,92959080,100,73901.0
2018-05-16 09:29:59.080,104696,65902,S,,20180516,739.0,92959080,100,73900.0
2018-05-16 09:29:59.080,104696,100243,S,,20180516,739.0,92959080,100,73900.0
2018-05-16 09:29:59.380,104696,105436,B,,20180516,739.0,92959380,100,73900.0
2018-05-16 09:29:59.460,104696,105997,B,,20180516,739.0,92959460,600,443400.0
2018-05-16 09:29:59.460,105207,105997,B,,20180516,739.5,92959460,100,73950.0
2018-05-16 09:29:59.460,105888,105997,B,,20180516,739.86,92959460,3600,2663496.0
2018-05-16 09:29:59.460,105531,105997,B,,20180516,739.9,92959460,3700,2737630.0
2018-05-16 09:29:59.460,105156,105997,B,,20180516,739.97,92959460,4200,3107874.0
2018-05-16 09:29:59.460,104645,105997,B,,20180516,739.99,92959460,400,295996.0
2018-05-16 09:29:59.460,105460,105997,B,,20180516,739.99,92959460,100,73999.0
2018-05-16 09:29:59.460,96036,105997,B,,20180516,740.0,92959460,518,383320.0
2018-05-16 09:29:59.460,99021,105997,B,,20180516,740.0,92959460,800,592000.0
2018-05-16 09:29:59.460,99305,105997,B,,20180516,740.0,92959460,100,74000.0
2018-05-16 09:29:59.460,99982,105997,B,,20180516,740.0,92959460,100,74000.0
2018-05-16 09:29:59.460,102355,105997,B,,20180516,740.0,92959460,500,370000.0
2018-05-16 09:29:59.460,102459,105997,B,,20180516,740.0,92959460,200,148000.0
2018-05-16 09:29:59.460,102666,105997,B,,20180516,740.0,92959460,82,60680.0
2018-05-16 09:29:59.600,107154,106283,S,,20180516,738.02,92959600,100,73802.0
2018-05-16 09:29:59.600,106281,107230,B,,20180516,739.21,92959600,100,73921.0
2018-05-16 09:29:59.600,106736,107236,B,,20180516,739.21,92959600,100,73921.0
2018-05-16 09:29:59.600,107099,107236,B,,20180516,739.21,92959600,100,73921.0
2018-05-16 09:30:00.170,107729,112610,B,,20180516,739.0,93000170,100,73900.0
2018-05-16 09:30:00.210,112844,34999,S,,20180516,738.01,93000210,100,73801.0
2018-05-16 09:30:00.770,115310,117381,B,,20180516,738.9,93000770,100,73890.0
2018-05-16 09:30:00.880,109138,117998,B,,20180516,739.0,93000880,100,73900.0
2018-05-16 09:30:01.290,122943,120165,S,,20180516,738.02,93001290,100,73802.0
2018-05-16 09:30:01.290,122943,34999,S,,20180516,738.01,93001290,100,73801.0
2018-05-16 09:30:01.290,122943,119348,S,,20180516,738.01,93001290,100,73801.0
2018-05-16 09:30:01.290,122724,123149,B,,20180516,738.05,93001290,100,73805.0
2018-05-16 09:30:01.530,126295,123625,S,,20180516,738.02,93001530,100,73802.0
2018-05-16 09:30:01.530,126295,8002,S,,20180516,738.0,93001530,100,73800.0
2018-05-16 09:30:01.690,127850,14935,S,,20180516,738.0,93001690,100,73800.0
2018-05-16 09:30:01.690,127850,19382,S,,20180516,738.0,93001690,100,73800.0
2018-05-16 09:30:01.880,130056,129549,S,,20180516,738.5,93001880,100,73850.0
2018-05-16 09:30:01.920,130567,90207,S,,20180516,738.0,93001920,100,73800.0
2018-05-16 09:30:02.080,132219,132143,S,,20180516,738.02,93002080,100,73802.0
2018-05-16 09:30:02.080,110829,132460,B,,20180516,739.0,93002080,100,73900.0
2018-05-16 09:30:02.190,110829,133489,B,,20180516,739.0,93002190,100,73900.0
2018-05-16 09:30:02.300,110877,134215,B,,20180516,739.0,93002300,100,73900.0
2018-05-16 09:30:02.300,111805,134273,B,,20180516,739.0,93002300,100,73900.0
2018-05-16 09:30:02.890,138318,133917,S,,20180516,738.05,93002890,100,73805.0
2018-05-16 09:30:02.980,138784,138726,S,,20180516,738.02,93002980,100,73802.0
2018-05-16 09:30:03.980,138625,142426,B,,20180516,738.51,93003980,100,73851.0
2018-05-16 09:30:04.190,138625,143097,B,,20180516,738.51,93004190,400,295404.0
2018-05-16 09:30:04.190,141608,143097,B,,20180516,738.99,93004190,500,369495.0
2018-05-16 09:30:04.190,111805,143097,B,,20180516,739.0,93004190,900,665100.0
2018-05-16 09:30:04.190,117937,143097,B,,20180516,739.0,93004190,200,147800.0
2018-05-16 09:30:04.450,117937,143702,B,,20180516,739.0,93004450,100,73900.0
2018-05-16 09:30:05.580,145290,144323,S,,20180516,738.19,93005580,100,73819.0
2018-05-16 09:30:05.580,145290,143716,S,,20180516,738.12,93005580,100,73812.0
2018-05-16 09:30:05.580,145290,142493,S,,20180516,738.05,93005580,200,147610.0
2018-05-16 09:30:05.580,145290,143261,S,,20180516,738.04,93005580,100,73804.0
2018-05-16 09:30:05.580,145290,138401,S,,20180516,738.01,93005580,100,73801.0
2018-05-16 09:30:05.580,145290,138929,S,,20180516,738.01,93005580,200,147602.0
2018-05-16 09:30:05.860,144929,145714,B,,20180516,738.99,93005860,100,73899.0
2018-05-16 09:30:05.860,145129,145714,B,,20180516,738.99,93005860,100,73899.0
2018-05-16 09:30:06.000,119081,145946,B,,20180516,739.0,93006000,100,73900.0
2018-05-16 09:30:06.990,119142,146930,B,,20180516,739.0,93006990,100,73900.0
2018-05-16 09:30:06.990,121340,146930,B,,20180516,739.0,93006990,100,73900.0
2018-05-16 09:30:06.990,127581,146930,B,,20180516,739.0,93006990,100,73900.0
2018-05-16 09:30:06.990,128469,146930,B,,20180516,739.0,93006990,200,147800.0
2018-05-16 09:30:06.990,129436,146930,B,,20180516,739.0,93006990,200,147800.0
2018-05-16 09:30:06.990,129723,146930,B,,20180516,739.0,93006990,100,73900.0
2018-05-16 09:30:06.990,130661,146930,B,,20180516,739.0,93006990,100,73900.0
2018-05-16 09:30:06.990,135296,146930,B,,20180516,739.0,93006990,100,73900.0
2018-05-16 09:30:06.990,137326,146930,B,,20180516,739.0,93006990,100,73900.0
2018-05-16 09:30:06.990,137779,146930,B,,20180516,739.0,93006990,100,73900.0
2018-05-16 09:30:06.990,137978,146930,B,,20180516,739.0,93006990,100,73900.0
2018-05-16 09:30:06.990,137979,146930,B,,20180516,739.0,93006990,200,147800.0
2018-05-16 09:30:06.990,143388,146930,B,,20180516,739.0,93006990,100,73900.0
2018-05-16 09:30:08.370,118269,148182,B,,20180516,739.01,93008370,100,73901.0
2018-05-16 09:30:08.370,131051,148182,B,,20180516,739.01,93008370,200,147802.0
2018-05-16 09:30:09.070,131051,148896,B,,20180516,739.01,93009070,100,73901.0
2018-05-16 09:30:09.810,131051,149525,B,,20180516,739.01,93009810,400,295604.0
2018-05-16 09:30:09.810,131051,149526,B,,20180516,739.01,93009810,100,73901.0
2018-05-16 09:30:10.750,110365,150151,B,,20180516,739.08,93010750,100,73908.0
2018-05-16 09:30:10.890,150261,146930,S,,20180516,739.0,93010890,1100,812900.0
2018-05-16 09:30:12.190,110365,150945,B,,20180516,739.08,93012190,400,295632.0
2018-05-16 09:30:12.190,123733,150945,B,,20180516,739.08,93012190,200,147816.0
2018-05-16 09:30:12.190,128212,150945,B,,20180516,739.08,93012190,200,147816.0
2018-05-16 09:30:12.190,128242,150945,B,,20180516,739.08,93012190,100,73908.0
2018-05-16 09:30:12.190,141138,150945,B,,20180516,739.08,93012190,200,147816.0
2018-05-16 09:30:12.820,151258,147631,S,,20180516,739.0,93012820,100,73900.0
2018-05-16 09:30:12.990,151345,147631,S,,20180516,739.0,93012990,100,73900.0
2018-05-16 09:30:12.990,151345,149787,S,,20180516,739.0,93012990,100,73900.0
2018-05-16 09:30:13.020,151348,149787,S,,20180516,739.0,93013020,100,73900.0
2018-05-16 09:30:13.730,151592,149788,S,,20180516,738.91,93013730,100,73891.0
2018-05-16 09:30:14.990,151348,152005,B,,20180516,739.0,93014990,100,73900.0
2018-05-16 09:30:14.990,145848,152005,B,,20180516,739.08,93014990,200,147816.0
2018-05-16 09:30:15.650,152263,152005,S,,20180516,739.08,93015650,300,221724.0
2018-05-16 09:30:15.810,117911,152346,B,,20180516,739.1,93015810,100,73910.0
2018-05-16 09:30:15.970,152427,152346,S,,20180516,739.1,93015970,100,73910.0
2018-05-16 09:30:15.970,152428,152005,S,,20180516,739.08,93015970,100,73908.0
2018-05-16 09:30:16.230,152594,152005,S,,20180516,739.08,93016230,100,73908.0
2018-05-16 09:30:16.480,152674,152005,S,,20180516,739.08,93016480,100,73908.0
2018-05-16 09:30:16.960,152840,152005,S,,20180516,739.08,93016960,100,73908.0
2018-05-16 09:30:16.960,152841,152005,S,,20180516,739.08,93016960,100,73908.0
2018-05-16 09:30:17.210,152922,152005,S,,20180516,739.08,93017210,100,73908.0
2018-05-16 09:30:17.260,152946,152005,S,,20180516,739.08,93017260,100,73908.0
2018-05-16 09:30:17.960,153237,147703,S,,20180516,738.5,93017960,100,73850.0
2018-05-16 09:30:18.010,153267,147703,S,,20180516,738.5,93018010,100,73850.0
2018-05-16 09:30:19.000,153732,147703,S,,20180516,738.5,93019000,600,443100.0
2018-05-16 09:30:19.020,153745,147435,S,,20180516,738.2,93019020,100,73820.0
2018-05-16 09:30:19.320,153888,147435,S,,20180516,738.2,93019320,100,73820.0
2018-05-16 09:30:19.730,153815,154061,B,,20180516,738.73,93019730,300,221619.0
2018-05-16 09:30:19.730,153816,154061,B,,20180516,738.73,93019730,300,221619.0
2018-05-16 09:30:19.730,154001,154061,B,,20180516,738.73,93019730,300,221619.0
2018-05-16 09:30:19.730,153050,154061,B,,20180516,739.0,93019730,100,73900.0
2018-05-16 09:30:19.730,153126,154061,B,,20180516,739.0,93019730,100,73900.0
2018-05-16 09:30:19.730,153570,154061,B,,20180516,739.0,93019730,300,221700.0
2018-05-16 09:30:20.400,154344,154061,S,,20180516,739.08,93020400,300,221724.0
2018-05-16 09:30:20.580,154421,154061,S,,20180516,739.08,93020580,100,73908.0
2018-05-16 09:30:21.030,154627,154061,S,,20180516,739.08,93021030,100,73908.0
2018-05-16 09:30:21.140,154686,154061,S,,20180516,739.08,93021140,300,221724.0
2018-05-16 09:30:21.780,154936,154061,S,,20180516,739.08,93021780,500,369540.0
2018-05-16 09:30:22.350,155239,154061,S,,20180516,739.08,93022350,100,73908.0
2018-05-16 09:30:22.770,147431,155447,B,,20180516,739.11,93022770,100,73911.0
2018-05-16 09:30:23.030,155536,154061,S,,20180516,739.08,93023030,100,73908.0
2018-05-16 09:30:23.850,155826,154061,S,,20180516,739.08,93023850,100,73908.0
2018-05-16 09:30:24.270,156001,154061,S,,20180516,739.08,93024270,100,73908.0
2018-05-16 09:30:24.700,156164,154061,S,,20180516,739.08,93024700,300,221724.0
2018-05-16 09:30:24.700,156173,154061,S,,20180516,739.08,93024700,300,221724.0
2018-05-16 09:30:25.320,156439,154061,S,,20180516,739.08,93025320,100,73908.0
2018-05-16 09:30:25.690,156570,154061,S,,20180516,739.08,93025690,500,369540.0
2018-05-16 09:30:25.840,156617,154061,S,,20180516,739.08,93025840,100,73908.0
2018-05-16 09:30:26.090,119967,156708,B,,20180516,739.18,93026090,200,147836.0
2018-05-16 09:30:26.570,156862,155514,S,,20180516,738.6,93026570,100,73860.0
2018-05-16 09:30:26.570,156862,155847,S,,20180516,738.6,93026570,100,73860.0
2018-05-16 09:30:26.570,156862,156654,S,,20180516,738.55,93026570,300,221565.0
2018-05-16 09:30:27.880,157317,154220,S,,20180516,738.48,93027880,100,73848.0
2018-05-16 09:30:27.880,157319,154220,S,,20180516,738.48,93027880,100,73848.0
2018-05-16 09:30:28.170,157319,157456,B,,20180516,738.48,93028170,100,73848.0
2018-05-16 09:30:28.190,157328,157465,B,,20180516,738.6,93028190,100,73860.0
2018-05-16 09:30:29.620,157974,157502,S,,20180516,738.21,93029620,100,73821.0
2018-05-16 09:30:29.620,157974,146697,S,,20180516,738.11,93029620,100,73811.0
2018-05-16 09:30:29.620,157974,147321,S,,20180516,738.08,93029620,100,73808.0
2018-05-16 09:30:30.930,158450,145505,S,,20180516,738.02,93030930,400,295208.0
2018-05-16 09:30:35.280,160136,145505,S,,20180516,738.02,93035280,100,73802.0
2018-05-16 09:30:35.860,157974,160366,B,,20180516,738.08,93035860,500,369040.0
2018-05-16 09:30:35.860,157958,160366,B,,20180516,738.44,93035860,100,73844.0
2018-05-16 09:30:37.770,161132,160995,S,,20180516,738.35,93037770,100,73835.0
2018-05-16 09:30:37.870,161185,160995,S,,20180516,738.35,93037870,100,73835.0
2018-05-16 09:30:38.230,161185,161331,B,,20180516,738.11,93038230,100,73811.0
2018-05-16 09:30:38.230,161226,161331,B,,20180516,738.11,93038230,200,147622.0
2018-05-16 09:30:38.230,157958,161331,B,,20180516,738.44,93038230,100,73844.0
2018-05-16 09:30:38.230,157829,161331,B,,20180516,738.5,93038230,100,73850.0
2018-05-16 09:30:38.230,158342,161331,B,,20180516,738.5,93038230,500,369250.0
2018-05-16 09:30:38.490,161467,161415,S,,20180516,738.44,93038490,100,73844.0
2018-05-16 09:30:39.340,161467,161809,B,,20180516,738.11,93039340,100,73811.0
2018-05-16 09:30:40.750,162367,145505,S,,20180516,738.02,93040750,100,73802.0
2018-05-16 09:30:41.930,162850,149396,S,,20180516,738.02,93041930,100,73802.0
2018-05-16 09:30:41.930,162850,147956,S,,20180516,738.01,93041930,100,73801.0
2018-05-16 09:30:41.930,162851,160050,S,,20180516,738.01,93041930,100,73801.0
2018-05-16 09:30:41.930,162851,103976,S,,20180516,738.0,93041930,100,73800.0
2018-05-16 09:30:42.940,163232,103976,S,,20180516,738.0,93042940,100,73800.0
2018-05-16 09:30:42.940,163232,109068,S,,20180516,738.0,93042940,100,73800.0
2018-05-16 09:30:43.050,163299,109068,S,,20180516,738.0,93043050,200,147600.0
2018-05-16 09:30:43.840,161694,163603,B,,20180516,738.11,93043840,100,73811.0
2018-05-16 09:30:43.990,163648,109068,S,,20180516,738.0,93043990,200,147600.0
2018-05-16 09:30:44.010,163658,112490,S,,20180516,738.0,93044010,100,73800.0
2018-05-16 09:30:44.560,163892,163694,S,,20180516,738.02,93044560,100,73802.0
2018-05-16 09:30:45.480,164250,163908,S,,20180516,738.08,93045480,200,147616.0
2018-05-16 09:30:45.800,164377,163908,S,,20180516,738.08,93045800,100,73808.0
2018-05-16 09:30:45.850,164404,112490,S,,20180516,738.0,93045850,100,73800.0
2018-05-16 09:30:45.850,164404,127547,S,,20180516,738.0,93045850,100,73800.0
2018-05-16 09:30:46.580,164729,164655,S,,20180516,738.02,93046580,100,73802.0
2018-05-16 09:30:46.630,161694,164737,B,,20180516,738.11,93046630,100,73811.0
2018-05-16 09:30:47.170,164796,164963,B,,20180516,738.02,93047170,100,73802.0
2018-05-16 09:30:47.170,161695,164963,B,,20180516,738.11,93047170,200,147622.0
2018-05-16 09:30:47.170,164254,164963,B,,20180516,738.11,93047170,100,73811.0
2018-05-16 09:30:47.420,165053,127547,S,,20180516,738.0,93047420,100,73800.0
2018-05-16 09:30:47.420,165053,132403,S,,20180516,738.0,93047420,100,73800.0
2018-05-16 09:30:48.630,165476,165344,S,,20180516,738.01,93048630,100,73801.0
2018-05-16 09:30:49.050,165678,165344,S,,20180516,738.01,93049050,100,73801.0
2018-05-16 09:30:49.050,165683,165344,S,,20180516,738.01,93049050,100,73801.0
2018-05-16 09:30:49.360,165817,165344,S,,20180516,738.01,93049360,100,73801.0
2018-05-16 09:30:49.540,165891,165344,S,,20180516,738.01,93049540,100,73801.0
2018-05-16 09:30:49.690,165034,165962,B,,20180516,738.02,93049690,100,73802.0
2018-05-16 09:30:49.740,165034,165985,B,,20180516,738.02,93049740,100,73802.0
2018-05-16 09:30:49.740,165038,165985,B,,20180516,738.02,93049740,100,73802.0
2018-05-16 09:30:49.740,165910,165985,B,,20180516,738.02,93049740,100,73802.0
2018-05-16 09:30:50.960,165910,166460,B,,20180516,738.02,93050960,100,73802.0
2018-05-16 09:30:51.020,166485,165344,S,,20180516,738.01,93051020,100,73801.0
2018-05-16 09:30:51.350,166612,159129,S,,20180516,738.0,93051350,100,73800.0
2018-05-16 09:30:51.350,166612,162986,S,,20180516,737.4,93051350,100,73740.0
2018-05-16 09:30:53.160,166667,167394,B,,20180516,738.01,93053160,100,73801.0
2018-05-16 09:30:53.820,165910,167668,B,,20180516,738.02,93053820,100,73802.0
2018-05-16 09:30:53.820,166632,167668,B,,20180516,738.02,93053820,100,73802.0
2018-05-16 09:30:53.820,166832,167668,B,,20180516,738.02,93053820,100,73802.0
2018-05-16 09:30:53.820,167029,167668,B,,20180516,738.02,93053820,100,73802.0
2018-05-16 09:30:53.820,167220,167668,B,,20180516,738.02,93053820,100,73802.0
2018-05-16 09:30:54.550,168006,167821,S,,20180516,738.01,93054550,100,73801.0
2018-05-16 09:30:55.010,167220,168205,B,,20180516,738.02,93055010,100,73802.0
2018-05-16 09:30:55.010,168215,167821,S,,20180516,738.01,93055010,200,147602.0
2018-05-16 09:30:55.010,168215,162986,S,,20180516,737.4,93055010,100,73740.0
2018-05-16 09:30:55.340,167917,168386,B,,20180516,738.02,93055340,100,73802.0
2018-05-16 09:30:56.530,168835,162986,S,,20180516,737.4,93056530,100,73740.0
2018-05-16 09:30:56.730,168427,168913,B,,20180516,738.0,93056730,100,73800.0
2018-05-16 09:30:56.730,168769,168913,B,,20180516,738.0,93056730,300,221400.0
2018-05-16 09:30:56.730,168920,168913,S,,20180516,738.02,93056730,100,73802.0
2018-05-16 09:30:56.940,168990,169023,B,,20180516,738.0,93056940,100,73800.0
2018-05-16 09:30:57.040,168990,169071,B,,20180516,738.0,93057040,200,147600.0
2018-05-16 09:30:57.590,168990,169345,B,,20180516,738.0,93057590,200,147600.0
2018-05-16 09:30:58.720,168990,169870,B,,20180516,738.0,93058720,200,147600.0
2018-05-16 09:31:00.990,168990,170899,B,,20180516,738.0,93100990,100,73800.0
2018-05-16 09:31:00.990,169039,170899,B,,20180516,738.0,93100990,100,73800.0
2018-05-16 09:31:01.600,169699,171180,B,,20180516,738.0,93101600,100,73800.0
2018-05-16 09:31:01.650,169901,171204,B,,20180516,738.0,93101650,200,147600.0
2018-05-16 09:31:01.650,170039,171204,B,,20180516,738.0,93101650,100,73800.0
2018-05-16 09:31:03.580,172021,169252,S,,20180516,737.42,93103580,200,147484.0
2018-05-16 09:31:04.320,170076,172396,B,,20180516,738.0,93104320,100,73800.0
2018-05-16 09:31:07.030,170076,173597,B,,20180516,738.0,93107030,100,73800.0
2018-05-16 09:31:07.230,173709,169252,S,,20180516,737.42,93107230,200,147484.0
2018-05-16 09:31:07.990,173806,174090,B,,20180516,737.98,93107990,100,73798.0
2018-05-16 09:31:08.520,174300,170018,S,,20180516,737.42,93108520,100,73742.0
2018-05-16 09:31:08.520,174300,172300,S,,20180516,737.42,93108520,100,73742.0
2018-05-16 09:31:11.140,175399,174304,S,,20180516,737.5,93111140,100,73750.0
2018-05-16 09:31:11.440,173806,175526,B,,20180516,737.98,93111440,100,73798.0
2018-05-16 09:31:11.440,171738,175526,B,,20180516,738.0,93111440,100,73800.0
2018-05-16 09:31:11.890,175729,174304,S,,20180516,737.5,93111890,400,295000.0
2018-05-16 09:31:11.890,175729,175619,S,,20180516,737.45,93111890,500,368725.0
2018-05-16 09:31:11.890,175729,175048,S,,20180516,737.43,93111890,500,368715.0
2018-05-16 09:31:11.890,175729,172389,S,,20180516,737.41,93111890,100,73741.0
2018-05-16 09:31:11.890,175729,173013,S,,20180516,737.41,93111890,100,73741.0
2018-05-16 09:31:11.890,175729,162986,S,,20180516,737.4,93111890,1700,1253580.0
2018-05-16 09:31:11.890,175729,174636,S,,20180516,737.4,93111890,100,73740.0
2018-05-16 09:31:12.120,175729,175843,B,,20180516,737.4,93112120,600,442440.0
2018-05-16 09:31:12.260,175729,175901,B,,20180516,737.4,93112260,300,221220.0
2018-05-16 09:31:12.490,175975,137862,S,,20180516,737.33,93112490,100,73733.0
2018-05-16 09:31:12.820,173130,176141,B,,20180516,738.0,93112820,100,73800.0
2018-05-16 09:31:14.770,177035,176754,S,,20180516,737.5,93114770,100,73750.0
2018-05-16 09:31:14.930,177090,176754,S,,20180516,737.5,93114930,100,73750.0
2018-05-16 09:31:15.370,177286,176699,S,,20180516,737.41,93115370,100,73741.0
2018-05-16 09:31:15.580,177381,176415,S,,20180516,737.34,93115580,100,73734.0
2018-05-16 09:31:17.510,177813,178261,B,,20180516,737.42,93117510,100,73742.0
2018-05-16 09:31:17.510,177731,178261,B,,20180516,737.89,93117510,400,295156.0
2018-05-16 09:31:19.090,178971,178044,S,,20180516,737.36,93119090,100,73736.0
2018-05-16 09:31:19.420,179160,178044,S,,20180516,737.36,93119420,200,147472.0
2018-05-16 09:31:19.660,179238,179261,B,,20180516,737.4,93119660,100,73740.0
2018-05-16 09:31:22.450,180484,180546,B,,20180516,737.5,93122450,100,73750.0
2018-05-16 09:31:23.000,180798,180593,S,,20180516,737.5,93123000,100,73750.0
2018-05-16 09:31:23.990,177731,181241,B,,20180516,737.89,93123990,200,147578.0
2018-05-16 09:31:24.090,177731,181295,B,,20180516,737.89,93124090,300,221367.0
2018-05-16 09:31:24.230,181340,180593,S,,20180516,737.5,93124230,400,295000.0
2018-05-16 09:31:24.230,181340,179587,S,,20180516,737.42,93124230,100,73742.0
2018-05-16 09:31:24.230,181340,180215,S,,20180516,737.42,93124230,100,73742.0
2018-05-16 09:31:24.230,181340,180370,S,,20180516,737.42,93124230,100,73742.0
2018-05-16 09:31:24.230,181340,181190,S,,20180516,737.39,93124230,300,221217.0
2018-05-16 09:31:24.230,181340,179550,S,,20180516,737.37,93124230,200,147474.0
2018-05-16 09:31:24.230,181340,177534,S,,20180516,737.34,93124230,100,73734.0
2018-05-16 09:31:24.230,181340,137862,S,,20180516,737.33,93124230,100,73733.0
2018-05-16 09:31:24.230,181340,92449,S,,20180516,737.31,93124230,200,147462.0
2018-05-16 09:31:24.230,181340,180216,S,,20180516,737.29,93124230,100,73729.0
2018-05-16 09:31:24.230,181340,180375,S,,20180516,737.29,93124230,100,73729.0
2018-05-16 09:31:24.230,181340,21597,S,,20180516,737.22,93124230,200,147444.0
2018-05-16 09:31:24.790,181632,181474,S,,20180516,737.45,93124790,100,73745.0
2018-05-16 09:31:25.360,181916,181513,S,,20180516,737.31,93125360,100,73731.0
2018-05-16 09:31:25.400,181632,181931,B,,20180516,737.37,93125400,100,73737.0
2018-05-16 09:31:25.540,182009,181980,S,,20180516,737.89,93125540,100,73789.0
2018-05-16 09:31:26.150,177051,182285,B,,20180516,737.99,93126150,100,73799.0
2018-05-16 09:31:26.150,173659,182285,B,,20180516,738.0,93126150,100,73800.0
2018-05-16 09:31:26.270,182364,181998,S,,20180516,737.5,93126270,100,73750.0
2018-05-16 09:31:27.130,182770,182731,S,,20180516,737.99,93127130,200,147598.0
2018-05-16 09:31:27.400,173659,182899,B,,20180516,738.0,93127400,100,73800.0
2018-05-16 09:31:27.400,175176,182899,B,,20180516,738.0,93127400,100,73800.0
2018-05-16 09:31:27.650,175176,183012,B,,20180516,738.0,93127650,100,73800.0
2018-05-16 09:31:27.800,183090,182731,S,,20180516,737.99,93127800,100,73799.0
2018-05-16 09:31:29.390,183894,183076,S,,20180516,737.99,93129390,100,73799.0
2018-05-16 09:31:29.390,183894,183256,S,,20180516,737.99,93129390,100,73799.0
2018-05-16 09:31:30.140,176067,184226,B,,20180516,738.0,93130140,100,73800.0
2018-05-16 09:31:30.140,176262,184226,B,,20180516,738.0,93130140,100,73800.0
2018-05-16 09:31:30.140,176831,184226,B,,20180516,738.0,93130140,100,73800.0
2018-05-16 09:31:30.140,177211,184226,B,,20180516,738.0,93130140,100,73800.0
2018-05-16 09:31:30.140,181425,184226,B,,20180516,738.0,93130140,100,73800.0
2018-05-16 09:31:31.640,184930,183850,S,,20180516,737.99,93131640,100,73799.0
2018-05-16 09:31:32.080,185138,183850,S,,20180516,737.99,93132080,100,73799.0
2018-05-16 09:31:32.110,185145,184534,S,,20180516,737.99,93132110,100,73799.0
2018-05-16 09:31:33.600,185841,184906,S,,20180516,737.99,93133600,100,73799.0
2018-05-16 09:31:33.600,182126,185850,B,,20180516,738.0,93133600,200,147600.0
2018-05-16 09:31:34.610,186505,185895,S,,20180516,737.99,93134610,100,73799.0
2018-05-16 09:31:35.000,186705,185900,S,,20180516,737.99,93135000,100,73799.0
2018-05-16 09:31:35.000,186705,186005,S,,20180516,737.99,93135000,100,73799.0
2018-05-16 09:31:35.000,186705,186239,S,,20180516,737.99,93135000,100,73799.0
2018-05-16 09:31:35.000,186705,186497,S,,20180516,737.99,93135000,100,73799.0
2018-05-16 09:31:35.000,186705,186333,S,,20180516,737.89,93135000,100,73789.0
2018-05-16 09:31:36.600,187426,186797,S,,20180516,737.99,93136600,100,73799.0
2018-05-16 09:31:36.800,187121,187524,B,,20180516,738.0,93136800,100,73800.0
2018-05-16 09:31:36.840,187505,187534,B,,20180516,738.0,93136840,200,147600.0
2018-05-16 09:31:37.240,187758,187534,S,,20180516,738.0,93137240,100,73800.0
2018-05-16 09:31:37.600,187912,187534,S,,20180516,738.0,93137600,100,73800.0
2018-05-16 09:31:37.890,188048,187534,S,,20180516,738.0,93137890,100,73800.0
2018-05-16 09:31:38.500,172960,188302,B,,20180516,738.02,93138500,100,73802.0
2018-05-16 09:31:41.090,189487,189015,S,,20180516,738.0,93141090,100,73800.0
2018-05-16 09:31:41.400,169288,189613,B,,20180516,738.08,93141400,100,73808.0
2018-05-16 09:31:42.300,189988,189943,S,,20180516,737.9,93142300,100,73790.0
2018-05-16 09:31:42.300,189988,186333,S,,20180516,737.89,93142300,300,221367.0
2018-05-16 09:31:42.670,190164,186333,S,,20180516,737.89,93142670,100,73789.0
2018-05-16 09:31:42.670,190164,183077,S,,20180516,737.86,93142670,100,73786.0
2018-05-16 09:31:42.670,190164,183258,S,,20180516,737.86,93142670,100,73786.0
2018-05-16 09:31:42.670,190164,184535,S,,20180516,737.86,93142670,100,73786.0
2018-05-16 09:31:42.670,190164,185896,S,,20180516,737.86,93142670,100,73786.0
2018-05-16 09:31:42.670,190164,185901,S,,20180516,737.86,93142670,100,73786.0
2018-05-16 09:31:42.670,190164,186008,S,,20180516,737.86,93142670,100,73786.0
2018-05-16 09:31:42.670,190164,186275,S,,20180516,737.86,93142670,100,73786.0
2018-05-16 09:31:43.970,176267,190784,B,,20180516,738.2,93143970,100,73820.0
2018-05-16 09:31:45.310,191359,191071,S,,20180516,738.2,93145310,100,73820.0
2018-05-16 09:31:46.690,163026,191973,B,,20180516,738.21,93146690,200,147642.0
2018-05-16 09:31:46.690,164587,191973,B,,20180516,738.21,93146690,300,221463.0
2018-05-16 09:31:47.090,192142,191973,S,,20180516,739.0,93147090,500,369500.0
2018-05-16 09:31:47.570,192342,191973,S,,20180516,739.0,93147570,100,73900.0
2018-05-16 09:31:48.470,192767,191973,S,,20180516,739.0,93148470,100,73900.0
2018-05-16 09:31:48.960,157512,193007,B,,20180516,739.08,93148960,100,73908.0
2018-05-16 09:31:48.960,161122,193007,B,,20180516,739.08,93148960,200,147816.0
2018-05-16 09:31:49.100,167309,193072,B,,20180516,739.1,93149100,400,295640.0
2018-05-16 09:31:49.740,193394,193007,S,,20180516,739.08,93149740,100,73908.0
2018-05-16 09:31:51.620,167309,194175,B,,20180516,739.1,93151620,700,517370.0
2018-05-16 09:31:51.620,173949,194175,B,,20180516,739.1,93151620,400,295640.0
2018-05-16 09:31:51.620,173949,194177,B,,20180516,739.1,93151620,200,147820.0
2018-05-16 09:31:52.970,173949,194778,B,,20180516,739.1,93152970,200,147820.0
2018-05-16 09:31:53.340,194935,194857,S,,20180516,739.18,93153340,200,147836.0
2018-05-16 09:31:53.550,109344,195012,B,,20180516,739.19,93153550,100,73919.0
2018-05-16 09:31:53.550,112698,195012,B,,20180516,739.2,93153550,200,147840.0
2018-05-16 09:31:53.550,110911,195012,B,,20180516,739.21,93153550,100,73921.0
2018-05-16 09:31:53.550,114362,195012,B,,20180516,739.21,93153550,100,73921.0
2018-05-16 09:31:54.440,195406,195087,S,,20180516,739.2,93154440,100,73920.0
2018-05-16 09:31:54.770,117176,195573,B,,20180516,739.21,93154770,100,73921.0
2018-05-16 09:31:54.770,119802,195573,B,,20180516,739.21,93154770,100,73921.0
2018-05-16 09:31:54.770,120453,195573,B,,20180516,739.21,93154770,100,73921.0
2018-05-16 09:31:54.770,122415,195573,B,,20180516,739.21,93154770,100,73921.0
2018-05-16 09:31:54.770,136132,195573,B,,20180516,739.21,93154770,100,73921.0
2018-05-16 09:31:54.800,137164,195580,B,,20180516,739.21,93154800,100,73921.0
2018-05-16 09:31:54.800,195594,195087,S,,20180516,739.2,93154800,100,73920.0
2018-05-16 09:31:54.850,138627,195610,B,,20180516,739.21,93154850,100,73921.0
2018-05-16 09:31:54.850,140707,195610,B,,20180516,739.21,93154850,100,73921.0
2018-05-16 09:31:54.850,144527,195626,B,,20180516,739.21,93154850,200,147842.0
2018-05-16 09:31:55.200,144527,195796,B,,20180516,739.21,93155200,100,73921.0
2018-05-16 09:31:55.200,144749,195796,B,,20180516,739.21,93155200,200,147842.0
2018-05-16 09:31:55.200,145659,195796,B,,20180516,739.21,93155200,200,147842.0
2018-05-16 09:31:56.160,196216,195938,S,,20180516,739.21,93156160,100,73921.0
2018-05-16 09:31:57.970,114156,197003,B,,20180516,739.39,93157970,100,73939.0
2018-05-16 09:31:58.050,197036,197004,S,,20180516,739.39,93158050,300,221817.0
2018-05-16 09:32:01.000,140281,198376,B,,20180516,739.5,93201000,100,73950.0
2018-05-16 09:32:01.280,109931,198565,B,,20180516,739.57,93201280,200,147914.0
2018-05-16 09:32:01.280,131825,198565,B,,20180516,739.9,93201280,100,73990.0
2018-05-16 09:32:02.150,198921,198720,S,,20180516,739.57,93202150,100,73957.0
2018-05-16 09:32:02.150,198921,198387,S,,20180516,739.5,93202150,100,73950.0
2018-05-16 09:32:02.150,198921,198497,S,,20180516,739.5,93202150,100,73950.0
2018-05-16 09:32:03.680,199606,198581,S,,20180516,739.5,93203680,100,73950.0
2018-05-16 09:32:03.680,199606,197018,S,,20180516,739.39,93203680,100,73939.0
2018-05-16 09:32:03.680,199606,197053,S,,20180516,739.39,93203680,100,73939.0
2018-05-16 09:32:03.680,199606,197148,S,,20180516,739.39,93203680,100,73939.0
2018-05-16 09:32:03.680,199606,198389,S,,20180516,739.39,93203680,100,73939.0
2018-05-16 09:32:03.680,199606,198509,S,,20180516,739.39,93203680,100,73939.0
2018-05-16 09:32:03.680,199606,198534,S,,20180516,739.39,93203680,100,73939.0
2018-05-16 09:32:03.680,199606,198571,S,,20180516,739.39,93203680,100,73939.0
2018-05-16 09:32:03.680,199606,198682,S,,20180516,739.39,93203680,100,73939.0
2018-05-16 09:32:03.680,199606,198511,S,,20180516,739.3,93203680,100,73930.0
2018-05-16 09:32:03.680,199606,198535,S,,20180516,739.3,93203680,100,73930.0
2018-05-16 09:32:03.680,199606,198572,S,,20180516,739.3,93203680,100,73930.0
2018-05-16 09:32:03.680,199606,198510,S,,20180516,739.21,93203680,100,73921.0
2018-05-16 09:32:03.680,199607,198536,S,,20180516,739.21,93203680,100,73921.0
2018-05-16 09:32:03.680,199607,198574,S,,20180516,739.21,93203680,100,73921.0
2018-05-16 09:32:03.680,199607,199488,S,,20180516,739.21,93203680,200,147842.0
2018-05-16 09:32:03.680,199607,195087,S,,20180516,739.2,93203680,800,591360.0
2018-05-16 09:32:03.680,199607,195511,S,,20180516,739.2,93203680,100,73920.0
2018-05-16 09:32:03.680,199607,195514,S,,20180516,739.2,93203680,100,73920.0
2018-05-16 09:32:03.680,199607,195601,S,,20180516,739.2,93203680,100,73920.0
2018-05-16 09:32:03.680,199607,195755,S,,20180516,739.2,93203680,100,73920.0
2018-05-16 09:32:03.990,199764,199692,S,,20180516,739.5,93203990,100,73950.0
2018-05-16 09:32:04.090,161285,199819,B,,20180516,739.9,93204090,100,73990.0
2018-05-16 09:32:04.610,200101,199819,S,,20180516,739.9,93204610,100,73990.0
2018-05-16 09:32:06.340,200847,199819,S,,20180516,739.9,93206340,100,73990.0
2018-05-16 09:32:07.570,109108,201388,B,,20180516,739.98,93207570,100,73998.0
2018-05-16 09:32:07.570,108168,201388,B,,20180516,739.99,93207570,900,665991.0
2018-05-16 09:32:09.740,202203,202354,B,,20180516,739.95,93209740,500,369975.0
2018-05-16 09:32:09.850,202405,200103,S,,20180516,739.9,93209850,100,73990.0
2018-05-16 09:32:11.770,203233,203196,S,,20180516,739.98,93211770,100,73998.0
2018-05-16 09:32:11.980,108168,203317,B,,20180516,739.99,93211980,100,73999.0
2018-05-16 09:32:14.100,113215,204263,B,,20180516,739.99,93214100,2500,1849975.0
2018-05-16 09:32:14.100,102666,204263,B,,20180516,740.0,93214100,18,13320.0
2018-05-16 09:32:14.100,103467,204263,B,,20180516,740.0,93214100,1900,1406000.0
2018-05-16 09:32:14.100,105533,204263,B,,20180516,740.0,93214100,200,148000.0
2018-05-16 09:32:14.100,107009,204263,B,,20180516,740.0,93214100,100,74000.0
2018-05-16 09:32:14.100,112904,204263,B,,20180516,740.0,93214100,100,74000.0
2018-05-16 09:32:14.100,113360,204263,B,,20180516,740.0,93214100,100,74000.0
2018-05-16 09:32:14.100,115504,204263,B,,20180516,740.0,93214100,100,74000.0
2018-05-16 09:32:14.100,116061,204263,B,,20180516,740.0,93214100,800,592000.0
2018-05-16 09:32:14.100,121346,204263,B,,20180516,740.0,93214100,200,148000.0
2018-05-16 09:32:14.100,123229,204263,B,,20180516,740.0,93214100,200,148000.0
2018-05-16 09:32:14.100,136839,204263,B,,20180516,740.0,93214100,100,74000.0
2018-05-16 09:32:14.100,137386,204263,B,,20180516,740.0,93214100,100,74000.0
2018-05-16 09:32:14.100,139740,204263,B,,20180516,740.0,93214100,100,74000.0
2018-05-16 09:32:14.100,139976,204263,B,,20180516,740.0,93214100,100,74000.0
2018-05-16 09:32:14.100,140980,204263,B,,20180516,740.0,93214100,100,74000.0
2018-05-16 09:32:14.100,144862,204263,B,,20180516,740.0,93214100,100,74000.0
2018-05-16 09:32:14.100,154620,204263,B,,20180516,740.0,93214100,100,74000.0
2018-05-16 09:32:14.100,168064,204263,B,,20180516,740.0,93214100,500,370000.0
2018-05-16 09:32:14.100,178640,204263,B,,20180516,740.0,93214100,200,148000.0
2018-05-16 09:32:14.100,188366,204263,B,,20180516,740.0,93214100,4900,3626000.0
2018-05-16 09:32:14.760,204550,204263,S,,20180516,740.0,93214760,200,148000.0
2018-05-16 09:32:15.070,176206,204687,B,,20180516,740.01,93215070,300,222003.0
2018-05-16 09:32:15.980,119021,205079,B,,20180516,740.3,93215980,100,74030.0
2018-05-16 09:32:16.180,205195,204263,S,,20180516,740.0,93216180,200,148000.0
2018-05-16 09:32:16.980,119021,205569,B,,20180516,740.3,93216980,100,74030.0
2018-05-16 09:32:17.860,103465,205953,B,,20180516,740.46,93217860,500,370230.0
2018-05-16 09:32:18.780,102441,206355,B,,20180516,740.5,93218780,200,148100.0
2018-05-16 09:32:21.140,207424,206383,S,,20180516,740.5,93221140,100,74050.0
2018-05-16 09:32:21.660,207621,206383,S,,20180516,740.5,93221660,300,222150.0
2018-05-16 09:32:21.700,207644,206383,S,,20180516,740.5,93221700,100,74050.0
2018-05-16 09:32:22.040,207814,206978,S,,20180516,740.5,93222040,100,74050.0
2018-05-16 09:32:22.070,95906,207830,B,,20180516,741.0,93222070,300,222300.0
2018-05-16 09:32:22.070,123713,207830,B,,20180516,741.0,93222070,100,74100.0
2018-05-16 09:32:25.170,156402,209331,B,,20180516,741.5,93225170,500,370750.0
2018-05-16 09:32:26.220,156402,209864,B,,20180516,741.5,93226220,500,370750.0
2018-05-16 09:32:26.220,209722,209864,B,,20180516,741.5,93226220,200,148300.0
2018-05-16 09:32:26.640,210043,209864,S,,20180516,741.5,93226640,100,74150.0
2018-05-16 09:32:31.550,212339,209864,S,,20180516,741.5,93231550,200,148300.0
2018-05-16 09:32:31.550,212339,210546,S,,20180516,741.5,93231550,100,74150.0
2018-05-16 09:32:31.550,212339,210862,S,,20180516,741.5,93231550,100,74150.0
2018-05-16 09:32:31.550,212339,210939,S,,20180516,741.5,93231550,100,74150.0
2018-05-16 09:32:31.550,212339,210945,S,,20180516,741.5,93231550,100,74150.0
2018-05-16 09:32:31.550,212339,211226,S,,20180516,741.5,93231550,400,296600.0
2018-05-16 09:32:31.550,212339,212139,S,,20180516,741.5,93231550,100,74150.0
2018-05-16 09:32:31.550,212339,212241,S,,20180516,741.5,93231550,100,74150.0
2018-05-16 09:32:31.550,212339,210863,S,,20180516,741.41,93231550,100,74141.0
2018-05-16 09:32:31.550,212339,210940,S,,20180516,741.41,93231550,100,74141.0
2018-05-16 09:32:31.550,212339,210976,S,,20180516,741.41,93231550,100,74141.0
2018-05-16 09:32:31.550,212339,211959,S,,20180516,741.41,93231550,100,74141.0
2018-05-16 09:32:31.550,212339,212140,S,,20180516,741.41,93231550,100,74141.0
2018-05-16 09:32:31.550,212339,210861,S,,20180516,741.32,93231550,100,74132.0
2018-05-16 09:32:31.550,212339,210941,S,,20180516,741.32,93231550,100,74132.0
2018-05-16 09:32:31.550,212339,210977,S,,20180516,741.32,93231550,100,74132.0
2018-05-16 09:32:31.550,212339,211960,S,,20180516,741.32,93231550,100,74132.0
2018-05-16 09:32:31.550,212339,210857,S,,20180516,741.23,93231550,100,74123.0
2018-05-16 09:32:31.550,212339,210942,S,,20180516,741.23,93231550,100,74123.0
2018-05-16 09:32:31.550,212339,210978,S,,20180516,741.23,93231550,100,74123.0
2018-05-16 09:32:31.550,212339,208314,S,,20180516,741.0,93231550,400,296400.0
2018-05-16 09:32:31.550,212339,209107,S,,20180516,741.0,93231550,100,74100.0
2018-05-16 09:32:31.550,212339,209190,S,,20180516,741.0,93231550,100,74100.0
2018-05-16 09:32:31.550,212339,209375,S,,20180516,741.0,93231550,100,74100.0
2018-05-16 09:32:31.550,212339,209376,S,,20180516,741.0,93231550,100,74100.0
2018-05-16 09:32:31.550,212339,209393,S,,20180516,741.0,93231550,100,74100.0
2018-05-16 09:32:31.550,212339,209606,S,,20180516,741.0,93231550,100,74100.0
2018-05-16 09:32:31.550,212339,209645,S,,20180516,741.0,93231550,100,74100.0
2018-05-16 09:32:31.960,98831,212521,B,,20180516,741.8,93231960,3200,2373760.0
2018-05-16 09:32:32.850,212944,212065,S,,20180516,741.0,93232850,100,74100.0
2018-05-16 09:32:34.520,98831,213750,B,,20180516,741.8,93234520,100,74180.0
2018-05-16 09:32:34.750,98831,213858,B,,20180516,741.8,93234750,100,74180.0
2018-05-16 09:32:36.090,98831,214439,B,,20180516,741.8,93236090,600,445080.0
2018-05-16 09:32:36.430,214574,213504,S,,20180516,741.5,93236430,100,74150.0
2018-05-16 09:32:36.640,214677,213741,S,,20180516,741.5,93236640,100,74150.0
2018-05-16 09:32:36.640,214677,212281,S,,20180516,741.0,93236640,100,74100.0
2018-05-16 09:32:36.640,214677,213632,S,,20180516,741.0,93236640,100,74100.0
2018-05-16 09:32:36.640,214677,213712,S,,20180516,741.0,93236640,100,74100.0
2018-05-16 09:32:36.640,214677,213713,S,,20180516,741.0,93236640,100,74100.0
2018-05-16 09:32:36.640,214677,214578,S,,20180516,741.0,93236640,100,74100.0
2018-05-16 09:32:36.640,214677,213634,S,,20180516,740.91,93236640,100,74091.0
2018-05-16 09:32:38.710,86084,215586,B,,20180516,741.89,93238710,100,74189.0
2018-05-16 09:32:39.840,216081,215810,S,,20180516,741.8,93239840,100,74180.0
2018-05-16 09:32:41.770,86084,216959,B,,20180516,741.89,93241770,100,74189.0
2018-05-16 09:32:41.970,86084,217034,B,,20180516,741.89,93241970,100,74189.0
2018-05-16 09:32:42.010,86084,217050,B,,20180516,741.89,93242010,100,74189.0
2018-05-16 09:32:42.220,217148,215856,S,,20180516,741.8,93242220,100,74180.0
2018-05-16 09:32:43.030,217546,216364,S,,20180516,741.8,93243030,100,74180.0
2018-05-16 09:32:44.150,218088,216611,S,,20180516,741.8,93244150,100,74180.0
2018-05-16 09:32:45.690,218768,216615,S,,20180516,741.8,93245690,100,74180.0
2018-05-16 09:32:45.690,218768,217138,S,,20180516,741.8,93245690,100,74180.0
2018-05-16 09:32:45.690,218768,217237,S,,20180516,741.8,93245690,300,222540.0
2018-05-16 09:32:45.960,217836,218914,B,,20180516,741.88,93245960,100,74188.0
2018-05-16 09:32:46.110,218989,217237,S,,20180516,741.8,93246110,100,74180.0
2018-05-16 09:32:46.290,219071,217237,S,,20180516,741.8,93246290,100,74180.0
2018-05-16 09:32:46.670,219255,217237,S,,20180516,741.8,93246670,200,148360.0
2018-05-16 09:32:47.370,219561,217237,S,,20180516,741.8,93247370,200,148360.0
2018-05-16 09:32:47.370,219561,218125,S,,20180516,741.8,93247370,200,148360.0
2018-05-16 09:32:47.470,217836,219604,B,,20180516,741.88,93247470,100,74188.0
2018-05-16 09:32:47.580,217836,219652,B,,20180516,741.88,93247580,100,74188.0
2018-05-16 09:32:47.580,98194,219652,B,,20180516,741.89,93247580,100,74189.0
2018-05-16 09:32:47.580,99391,219652,B,,20180516,741.9,93247580,100,74190.0
2018-05-16 09:32:49.300,99391,220389,B,,20180516,741.9,93249300,400,296760.0
2018-05-16 09:32:50.160,220785,220389,S,,20180516,741.9,93250160,200,148380.0
2018-05-16 09:32:52.020,221586,220389,S,,20180516,741.9,93252020,100,74190.0
2018-05-16 09:32:52.350,221735,220389,S,,20180516,741.9,93252350,100,74190.0
2018-05-16 09:32:52.350,219062,221736,B,,20180516,741.95,93252350,100,74195.0
2018-05-16 09:32:52.560,221830,220389,S,,20180516,741.9,93252560,100,74190.0
2018-05-16 09:32:53.120,222073,220389,S,,20180516,741.9,93253120,100,74190.0
2018-05-16 09:32:53.120,222073,221511,S,,20180516,741.9,93253120,100,74190.0
2018-05-16 09:32:53.120,222073,218125,S,,20180516,741.8,93253120,100,74180.0
2018-05-16 09:32:53.550,222279,218125,S,,20180516,741.8,93253550,100,74180.0
2018-05-16 09:32:53.890,222428,218125,S,,20180516,741.8,93253890,100,74180.0
2018-05-16 09:32:55.070,222926,222467,S,,20180516,741.89,93255070,300,222567.0
2018-05-16 09:32:55.070,222926,222502,S,,20180516,741.88,93255070,100,74188.0
2018-05-16 09:32:58.070,224244,223230,S,,20180516,741.89,93258070,100,74189.0
2018-05-16 09:32:58.210,224318,224170,S,,20180516,741.89,93258210,100,74189.0
2018-05-16 09:32:58.210,224318,222502,S,,20180516,741.88,93258210,100,74188.0
2018-05-16 09:32:58.210,224318,222776,S,,20180516,741.88,93258210,100,74188.0
2018-05-16 09:32:58.210,224318,219520,S,,20180516,741.8,93258210,100,74180.0
2018-05-16 09:32:58.210,224318,220995,S,,20180516,741.8,93258210,100,74180.0
2018-05-16 09:32:58.210,224318,221733,S,,20180516,741.8,93258210,200,148360.0
2018-05-16 09:33:00.060,225208,224414,S,,20180516,741.89,93300060,100,74189.0
2018-05-16 09:33:00.060,225208,224500,S,,20180516,741.89,93300060,100,74189.0
2018-05-16 09:33:00.060,225208,221733,S,,20180516,741.8,93300060,200,148360.0
2018-05-16 09:33:00.630,225441,221733,S,,20180516,741.8,93300630,100,74180.0
2018-05-16 09:33:01.020,222544,225666,B,,20180516,741.9,93301020,100,74190.0
2018-05-16 09:33:01.020,224382,225666,B,,20180516,741.9,93301020,100,74190.0
2018-05-16 09:33:01.410,225854,225666,S,,20180516,741.9,93301410,300,222570.0
2018-05-16 09:33:01.530,225854,225926,B,,20180516,741.9,93301530,100,74190.0
2018-05-16 09:33:01.530,225855,225926,B,,20180516,741.9,93301530,200,148380.0
2018-05-16 09:33:01.530,217505,225926,B,,20180516,741.97,93301530,100,74197.0
2018-05-16 09:33:01.530,77754,225926,B,,20180516,741.98,93301530,100,74198.0
2018-05-16 09:33:01.530,94025,225926,B,,20180516,741.98,93301530,100,74198.0
2018-05-16 09:33:01.530,215655,225926,B,,20180516,741.98,93301530,100,74198.0
2018-05-16 09:33:01.920,226083,221733,S,,20180516,741.8,93301920,700,519259.99999999994
2018-05-16 09:33:01.920,226083,225139,S,,20180516,741.8,93301920,100,74180.0
2018-05-16 09:33:01.920,226083,225274,S,,20180516,741.8,93301920,100,74180.0
2018-05-16 09:33:01.920,226083,221512,S,,20180516,741.79,93301920,100,74179.0
2018-05-16 09:33:02.740,226389,226401,B,,20180516,741.9,93302740,100,74190.0
2018-05-16 09:33:03.670,226817,226401,S,,20180516,741.98,93303670,100,74198.0
2018-05-16 09:33:04.080,227024,226870,S,,20180516,741.95,93304080,100,74195.0
2018-05-16 09:33:04.080,227024,226553,S,,20180516,741.8,93304080,200,148360.0
2018-05-16 09:33:04.080,227024,224171,S,,20180516,741.78,93304080,100,74178.0
2018-05-16 09:33:04.270,227111,227116,B,,20180516,741.89,93304270,300,222567.0
2018-05-16 09:33:04.320,227132,225615,S,,20180516,741.78,93304320,100,74178.0
2018-05-16 09:33:04.320,227132,216362,S,,20180516,741.7,93304320,100,74170.0
2018-05-16 09:33:04.320,227132,216613,S,,20180516,741.7,93304320,100,74170.0
2018-05-16 09:33:04.320,227132,216657,S,,20180516,741.7,93304320,100,74170.0
2018-05-16 09:33:04.320,227132,221514,S,,20180516,741.68,93304320,100,74168.0
2018-05-16 09:33:05.910,227854,227239,S,,20180516,741.88,93305910,100,74188.0
2018-05-16 09:33:06.090,227854,227940,B,,20180516,741.8,93306090,100,74180.0
2018-05-16 09:33:06.470,227111,228124,B,,20180516,741.89,93306470,300,222567.0
2018-05-16 09:33:06.670,228222,216363,S,,20180516,741.6,93306670,100,74160.0
2018-05-16 09:33:07.630,228660,228536,S,,20180516,741.6,93307630,100,74160.0
2018-05-16 09:33:07.990,228492,228824,B,,20180516,741.87,93307990,100,74187.0
2018-05-16 09:33:08.060,228492,228853,B,,20180516,741.87,93308060,500,370935.0
2018-05-16 09:33:09.070,229252,228537,S,,20180516,741.6,93309070,100,74160.0
2018-05-16 09:33:09.350,229355,219073,S,,20180516,741.51,93309350,100,74151.0
2018-05-16 09:33:09.730,229501,215167,S,,20180516,741.5,93309730,100,74150.0
2018-05-16 09:33:09.800,229541,217213,S,,20180516,741.5,93309800,300,222450.0
2018-05-16 09:33:10.140,229541,229707,B,,20180516,741.5,93310140,200,148300.0
2018-05-16 09:33:10.140,228937,229707,B,,20180516,741.8,93310140,200,148360.0
2018-05-16 09:33:10.140,229277,229707,B,,20180516,741.8,93310140,100,74180.0
2018-05-16 09:33:12.090,229962,230561,B,,20180516,741.78,93312090,100,74178.0
2018-05-16 09:33:12.880,230912,228358,S,,20180516,741.49,93312880,100,74149.0
2018-05-16 09:33:12.880,230912,228539,S,,20180516,741.49,93312880,100,74149.0
2018-05-16 09:33:12.880,230912,228542,S,,20180516,741.49,93312880,100,74149.0
2018-05-16 09:33:12.910,230912,230921,B,,20180516,740.85,93312910,100,74085.0
2018-05-16 09:33:13.890,230912,231374,B,,20180516,740.85,93313890,100,74085.0
2018-05-16 09:33:14.740,231740,206978,S,,20180516,740.5,93314740,100,74050.0
2018-05-16 09:33:15.210,230912,231923,B,,20180516,740.85,93315210,200,148170.0
2018-05-16 09:33:15.360,231005,231993,B,,20180516,741.46,93315360,100,74146.0
2018-05-16 09:33:15.410,231005,232015,B,,20180516,741.46,93315410,100,74146.0
2018-05-16 09:33:15.620,231005,232105,B,,20180516,741.46,93315620,100,74146.0
2018-05-16 09:33:15.790,231005,232187,B,,20180516,741.46,93315790,100,74146.0
2018-05-16 09:33:15.830,232218,210105,S,,20180516,740.46,93315830,100,74046.0
2018-05-16 09:33:16.050,232353,210295,S,,20180516,740.46,93316050,100,74046.0
2018-05-16 09:33:22.980,235300,205569,S,,20180516,740.3,93322980,100,74030.0
2018-05-16 09:33:23.120,233330,235354,B,,20180516,740.46,93323120,100,74046.0
2018-05-16 09:33:23.170,235371,208263,S,,20180516,740.03,93323170,100,74003.0
2018-05-16 09:33:23.690,235579,208263,S,,20180516,740.03,93323690,100,74003.0
2018-05-16 09:33:23.690,235579,222750,S,,20180516,740.02,93323690,100,74002.0
2018-05-16 09:33:23.690,235579,226846,S,,20180516,740.0,93323690,400,296000.0
2018-05-16 09:33:24.150,233330,235766,B,,20180516,740.46,93324150,100,74046.0
2018-05-16 09:33:24.680,235974,226846,S,,20180516,740.0,93324680,800,592000.0
2018-05-16 09:33:24.730,234374,236004,B,,20180516,740.46,93324730,100,74046.0
2018-05-16 09:33:27.620,237200,236004,S,,20180516,740.46,93327620,300,222138.0
2018-05-16 09:33:28.050,237408,226846,S,,20180516,740.0,93328050,200,148000.0
2018-05-16 09:33:28.600,237652,226846,S,,20180516,740.0,93328600,100,74000.0
2018-05-16 09:33:28.880,237200,237773,B,,20180516,740.44,93328880,100,74044.0
2018-05-16 09:33:28.950,237805,226846,S,,20180516,740.0,93328950,100,74000.0
2018-05-16 09:33:29.550,237233,238053,B,,20180516,740.46,93329550,100,74046.0
2018-05-16 09:33:29.780,238152,237937,S,,20180516,740.04,93329780,100,74004.0
2018-05-16 09:33:31.000,238668,237937,S,,20180516,740.04,93331000,100,74004.0
2018-05-16 09:33:31.760,238986,237937,S,,20180516,740.04,93331760,100,74004.0
2018-05-16 09:33:33.650,239347,239717,B,,20180516,740.2,93333650,100,74020.0
2018-05-16 09:33:33.990,238577,239893,B,,20180516,740.3,93333990,100,74030.0
2018-05-16 09:33:34.160,239832,239973,B,,20180516,740.3,93334160,200,148060.0
2018-05-16 09:33:34.160,237377,239973,B,,20180516,740.46,93334160,200,148092.0
2018-05-16 09:33:34.160,233553,239973,B,,20180516,740.5,93334160,100,74050.0
2018-05-16 09:33:34.160,236655,239973,B,,20180516,740.5,93334160,200,148100.0
2018-05-16 09:33:34.160,237021,239973,B,,20180516,740.5,93334160,400,296200.0
2018-05-16 09:33:34.160,236010,239973,B,,20180516,741.2,93334160,400,296480.0
2018-05-16 09:33:34.160,234980,239973,B,,20180516,741.46,93334160,500,370730.0
2018-05-16 09:33:34.160,233679,239973,B,,20180516,741.5,93334160,100,74150.0
2018-05-16 09:33:34.370,240075,239973,S,,20180516,741.5,93334370,1800,1334700.0
2018-05-16 09:33:34.750,240228,239973,S,,20180516,741.5,93334750,100,74150.0
2018-05-16 09:33:34.770,240234,239973,S,,20180516,741.5,93334770,300,222450.0
2018-05-16 09:33:34.850,240275,239973,S,,20180516,741.5,93334850,100,74150.0
2018-05-16 09:33:35.910,240678,239973,S,,20180516,741.5,93335910,100,74150.0
2018-05-16 09:33:36.680,240997,239973,S,,20180516,741.5,93336680,100,74150.0
2018-05-16 09:33:36.940,241133,239973,S,,20180516,741.5,93336940,100,74150.0
2018-05-16 09:33:37.040,241175,239973,S,,20180516,741.5,93337040,100,74150.0
2018-05-16 09:33:37.060,241189,239973,S,,20180516,741.5,93337060,100,74150.0
2018-05-16 09:33:37.060,241190,239973,S,,20180516,741.5,93337060,100,74150.0
2018-05-16 09:33:37.850,241505,241208,S,,20180516,740.05,93337850,100,74005.0
2018-05-16 09:33:39.050,241961,226846,S,,20180516,740.0,93339050,200,148000.0
2018-05-16 09:33:39.460,242125,242121,S,,20180516,740.01,93339460,400,296004.0
2018-05-16 09:33:39.920,242159,242320,B,,20180516,740.04,93339920,100,74004.0
2018-05-16 09:33:39.920,242018,242320,B,,20180516,740.4,93339920,300,222120.0
2018-05-16 09:33:42.500,242018,243351,B,,20180516,740.4,93342500,1700,1258680.0
2018-05-16 09:33:42.500,242520,243351,B,,20180516,740.4,93342500,100,74040.0
2018-05-16 09:33:42.500,242833,243351,B,,20180516,740.46,93342500,100,74046.0
2018-05-16 09:33:42.650,243417,243351,S,,20180516,740.46,93342650,200,148092.0
2018-05-16 09:33:44.410,244181,243806,S,,20180516,740.7,93344410,200,148140.0
2018-05-16 09:33:46.640,245074,243351,S,,20180516,740.46,93346640,100,74046.0
2018-05-16 09:33:47.010,245229,243351,S,,20180516,740.46,93347010,200,148092.0
2018-05-16 09:33:47.540,243890,245400,B,,20180516,740.9,93347540,100,74090.0
2018-05-16 09:33:48.280,245699,243351,S,,20180516,740.46,93348280,100,74046.0
2018-05-16 09:33:49.360,241190,246149,B,,20180516,741.5,93349360,100,74150.0
2018-05-16 09:33:49.360,241201,246149,B,,20180516,741.5,93349360,100,74150.0
2018-05-16 09:33:49.360,241214,246149,B,,20180516,741.5,93349360,200,148300.0
2018-05-16 09:33:49.360,241241,246149,B,,20180516,741.5,93349360,100,74150.0
2018-05-16 09:33:49.360,241782,246149,B,,20180516,741.5,93349360,100,74150.0
2018-05-16 09:33:49.360,243194,246149,B,,20180516,741.5,93349360,100,74150.0
2018-05-16 09:33:49.360,243273,246149,B,,20180516,741.5,93349360,100,74150.0
2018-05-16 09:33:49.360,244045,246149,B,,20180516,741.5,93349360,100,74150.0
2018-05-16 09:33:49.360,244074,246149,B,,20180516,741.5,93349360,100,74150.0
2018-05-16 09:33:49.360,231247,246149,B,,20180516,741.6,93349360,400,296640.0
2018-05-16 09:33:49.360,234167,246149,B,,20180516,741.6,93349360,100,74160.0
2018-05-16 09:33:49.530,246159,246230,B,,20180516,741.49,93349530,200,148298.0
2018-05-16 09:33:49.530,238741,246230,B,,20180516,741.6,93349530,100,74160.0
2018-05-16 09:33:50.870,246212,246840,B,,20180516,741.6,93350870,100,74160.0
2018-05-16 09:33:50.870,232227,246840,B,,20180516,741.7,93350870,100,74170.0
2018-05-16 09:33:52.460,247541,245983,S,,20180516,740.74,93352460,100,74074.0
2018-05-16 09:33:52.780,246856,247670,B,,20180516,741.5,93352780,100,74150.0
2018-05-16 09:33:55.740,247770,248871,B,,20180516,741.5,93355740,100,74150.0
2018-05-16 09:33:56.500,249023,249131,B,,20180516,741.6,93356500,200,148320.0
2018-05-16 09:33:58.860,249173,250148,B,,20180516,741.49,93358860,500,370745.0
2018-05-16 09:34:00.690,250237,250896,B,,20180516,741.47,93400690,100,74147.0
2018-05-16 09:34:00.980,251000,251059,B,,20180516,741.04,93400980,100,74104.0
2018-05-16 09:34:02.890,251819,251612,S,,20180516,741.47,93402890,100,74147.0
2018-05-16 09:34:02.890,251819,245983,S,,20180516,740.74,93402890,153,113333.22
2018-05-16 09:34:03.810,251856,252190,B,,20180516,741.47,93403810,100,74147.0
2018-05-16 09:34:03.810,250255,252190,B,,20180516,741.59,93403810,100,74159.0
2018-05-16 09:34:05.650,249023,252960,B,,20180516,741.6,93405650,100,74160.0
2018-05-16 09:34:05.820,249023,253029,B,,20180516,741.6,93405820,100,74160.0
2018-05-16 09:34:06.890,253425,252854,S,,20180516,741.47,93406890,100,74147.0
2018-05-16 09:34:07.120,253551,252428,S,,20180516,741.01,93407120,100,74101.0
2018-05-16 09:34:07.120,253551,253209,S,,20180516,740.9,93407120,100,74090.0
2018-05-16 09:34:07.120,253551,245983,S,,20180516,740.74,93407120,100,74074.0
2018-05-16 09:34:07.710,253425,253807,B,,20180516,741.39,93407710,100,74139.0
2018-05-16 09:34:07.830,253857,245983,S,,20180516,740.74,93407830,400,296296.0
2018-05-16 09:34:09.560,253425,254561,B,,20180516,741.39,93409560,100,74139.0
2018-05-16 09:34:09.750,254659,254201,S,,20180516,740.9,93409750,100,74090.0
2018-05-16 09:34:10.520,254954,254201,S,,20180516,740.9,93410520,200,148180.0
2018-05-16 09:34:10.540,253425,254963,B,,20180516,741.39,93410540,100,74139.0
2018-05-16 09:34:10.570,253425,254967,B,,20180516,741.39,93410570,100,74139.0
2018-05-16 09:34:12.260,255622,254201,S,,20180516,740.9,93412260,100,74090.0
2018-05-16 09:34:13.750,256215,254201,S,,20180516,740.9,93413750,100,74090.0
2018-05-16 09:34:13.900,256017,256272,B,,20180516,741.37,93413900,100,74137.0
2018-05-16 09:34:15.130,256763,256513,S,,20180516,741.0,93415130,200,148200.0
2018-05-16 09:34:15.130,256763,254201,S,,20180516,740.9,93415130,400,296360.0
2018-05-16 09:34:15.490,256899,254201,S,,20180516,740.9,93415490,200,148180.0
2018-05-16 09:34:18.040,257909,257424,S,,20180516,741.0,93418040,200,148200.0
2018-05-16 09:34:18.040,257909,254201,S,,20180516,740.9,93418040,1300,963170.0
2018-05-16 09:34:21.890,259136,259440,B,,20180516,741.0,93421890,200,148200.0
2018-05-16 09:34:21.890,258688,259440,B,,20180516,741.3,93421890,100,74130.0
2018-05-16 09:34:22.490,258784,259675,B,,20180516,741.36,93422490,100,74136.0
2018-05-16 09:34:23.340,259943,260002,B,,20180516,741.3,93423340,100,74130.0
2018-05-16 09:34:24.320,260229,260364,B,,20180516,741.0,93424320,100,74100.0
2018-05-16 09:34:24.320,258784,260364,B,,20180516,741.36,93424320,200,148272.0
2018-05-16 09:34:24.500,260432,254201,S,,20180516,740.9,93424500,100,74090.0
2018-05-16 09:34:30.380,260944,262844,B,,20180516,741.0,93430380,100,74100.0
2018-05-16 09:34:30.950,263065,263103,B,,20180516,740.99,93430950,100,74099.0
2018-05-16 09:34:30.950,260944,263103,B,,20180516,741.0,93430950,100,74100.0
2018-05-16 09:34:30.950,262494,263103,B,,20180516,741.0,93430950,200,148200.0
2018-05-16 09:34:30.950,262614,263103,B,,20180516,741.0,93430950,100,74100.0
2018-05-16 09:34:30.950,262680,263103,B,,20180516,741.0,93430950,100,74100.0
2018-05-16 09:34:32.580,263844,263134,S,,20180516,741.33,93432580,100,74133.0
2018-05-16 09:34:33.500,264284,263103,S,,20180516,741.0,93433500,100,74100.0
2018-05-16 09:34:34.030,264585,263103,S,,20180516,741.0,93434030,100,74100.0
2018-05-16 09:34:34.470,264812,264156,S,,20180516,741.0,93434470,200,148200.0
2018-05-16 09:34:34.470,264812,264431,S,,20180516,741.0,93434470,100,74100.0
2018-05-16 09:34:34.620,264872,254683,S,,20180516,740.9,93434620,100,74090.0
2018-05-16 09:34:34.620,264872,263256,S,,20180516,740.9,93434620,200,148180.0
2018-05-16 09:34:35.750,264650,265420,B,,20180516,741.22,93435750,100,74122.0
2018-05-16 09:34:38.640,264650,266726,B,,20180516,741.22,93438640,100,74122.0
2018-05-16 09:34:40.130,267392,245983,S,,20180516,740.74,93440130,100,74074.0
2018-05-16 09:34:41.280,266755,267835,B,,20180516,741.0,93441280,100,74100.0
2018-05-16 09:34:42.130,268216,245983,S,,20180516,740.74,93442130,100,74074.0
2018-05-16 09:34:42.440,268180,268349,B,,20180516,740.8,93442440,100,74080.0
2018-05-16 09:34:42.910,268549,245983,S,,20180516,740.74,93442910,47,34814.78
2018-05-16 09:34:42.910,268549,246794,S,,20180516,740.7,93442910,100,74070.0
2018-05-16 09:34:42.910,268549,249593,S,,20180516,740.5,93442910,100,74050.0
2018-05-16 09:34:42.910,268549,256049,S,,20180516,740.5,93442910,100,74050.0
2018-05-16 09:34:42.910,268549,264216,S,,20180516,740.5,93442910,153,113296.5
2018-05-16 09:34:43.950,268979,268983,B,,20180516,740.7,93443950,100,74070.0
2018-05-16 09:34:44.120,268979,269062,B,,20180516,740.7,93444120,100,74070.0
2018-05-16 09:34:45.440,269582,269062,S,,20180516,740.74,93445440,100,74074.0
2018-05-16 09:34:48.110,270682,269062,S,,20180516,740.74,93448110,400,296296.0
2018-05-16 09:34:48.110,270682,269179,S,,20180516,740.6,93448110,100,74060.0
2018-05-16 09:34:48.110,270682,269942,S,,20180516,740.6,93448110,200,148120.0
2018-05-16 09:34:49.520,270682,271278,B,,20180516,740.6,93449520,300,222180.0
2018-05-16 09:34:49.520,268180,271278,B,,20180516,740.8,93449520,300,222240.0
2018-05-16 09:34:49.520,270655,271278,B,,20180516,740.8,93449520,100,74080.0
2018-05-16 09:34:49.520,268685,271278,B,,20180516,740.9,93449520,400,296360.0
2018-05-16 09:34:49.520,268686,271278,B,,20180516,740.9,93449520,200,148180.0
2018-05-16 09:34:49.520,268719,271278,B,,20180516,740.91,93449520,100,74091.0
2018-05-16 09:34:51.390,272039,271654,S,,20180516,740.9,93451390,100,74090.0
2018-05-16 09:34:51.390,272039,271457,S,,20180516,740.8,93451390,100,74080.0
2018-05-16 09:34:53.150,268719,272792,B,,20180516,740.91,93453150,200,148182.0
2018-05-16 09:34:56.860,274390,273708,S,,20180516,740.9,93456860,100,74090.0
2018-05-16 09:34:56.860,274390,272683,S,,20180516,740.8,93456860,200,148160.0
2018-05-16 09:34:58.430,275071,273768,S,,20180516,740.8,93458430,100,74080.0
2018-05-16 09:34:58.990,272444,275278,B,,20180516,741.0,93458990,100,74100.0
2018-05-16 09:34:58.990,263877,275278,B,,20180516,741.32,93458990,100,74132.0
2018-05-16 09:35:01.560,275931,276354,B,,20180516,740.9,93501560,100,74090.0
2018-05-16 09:35:02.040,276343,276576,B,,20180516,741.31,93502040,100,74131.0
2018-05-16 09:35:02.040,263877,276576,B,,20180516,741.32,93502040,400,296528.0
2018-05-16 09:35:03.340,277121,273768,S,,20180516,740.8,93503340,100,74080.0
2018-05-16 09:35:06.840,277700,278559,B,,20180516,740.9,93506840,100,74090.0
2018-05-16 09:35:06.840,278568,278559,S,,20180516,740.91,93506840,100,74091.0
2018-05-16 09:35:12.310,280756,278559,S,,20180516,740.91,93512310,100,74091.0
2018-05-16 09:35:12.310,280756,280221,S,,20180516,740.91,93512310,200,148182.0
2018-05-16 09:35:12.810,279733,280966,B,,20180516,741.07,93512810,700,518749.00000000006
2018-05-16 09:35:14.300,281508,281100,S,,20180516,741.0,93514300,200,148200.0
2018-05-16 09:35:15.460,278439,282007,B,,20180516,741.29,93515460,100,74129.0
2018-05-16 09:35:15.460,263877,282007,B,,20180516,741.32,93515460,100,74132.0
2018-05-16 09:35:15.460,274701,282007,B,,20180516,741.32,93515460,200,148264.0
2018-05-16 09:35:15.460,274774,282007,B,,20180516,741.32,93515460,1000,741320.0
2018-05-16 09:35:15.460,279184,282007,B,,20180516,741.32,93515460,100,74132.0
2018-05-16 09:35:15.460,266983,282007,B,,20180516,741.33,93515460,1000,741330.0
2018-05-16 09:35:15.460,279703,282007,B,,20180516,741.33,93515460,500,370665.0
2018-05-16 09:35:15.460,263567,282007,B,,20180516,741.35,93515460,100,74135.0
2018-05-16 09:35:15.460,276714,282007,B,,20180516,741.35,93515460,100,74135.0
2018-05-16 09:35:15.460,257829,282007,B,,20180516,741.38,93515460,100,74138.0
2018-05-16 09:35:15.460,255617,282007,B,,20180516,741.46,93515460,200,148292.0
2018-05-16 09:35:15.460,253585,282007,B,,20180516,741.47,93515460,100,74147.0
2018-05-16 09:35:15.460,258762,282007,B,,20180516,741.47,93515460,100,74147.0
2018-05-16 09:35:15.990,282265,282007,S,,20180516,741.5,93515990,100,74150.0
2018-05-16 09:35:16.520,282509,282007,S,,20180516,741.5,93516520,500,370750.0
2018-05-16 09:35:16.710,282578,282007,S,,20180516,741.5,93516710,100,74150.0
2018-05-16 09:35:17.320,282793,282007,S,,20180516,741.5,93517320,300,222450.0
2018-05-16 09:35:17.490,282879,282007,S,,20180516,741.5,93517490,100,74150.0
2018-05-16 09:35:18.540,283326,282007,S,,20180516,741.5,93518540,200,148300.0
2018-05-16 09:35:18.640,255725,283365,B,,20180516,741.54,93518640,100,74154.0
2018-05-16 09:35:20.070,283991,283382,S,,20180516,741.54,93520070,100,74154.0
2018-05-16 09:35:21.630,255794,284629,B,,20180516,741.6,93521630,100,74160.0
2018-05-16 09:35:21.830,284731,284621,S,,20180516,741.55,93521830,100,74155.0
2018-05-16 09:35:21.990,271024,284777,B,,20180516,741.6,93521990,100,74160.0
2018-05-16 09:35:22.230,284723,284903,B,,20180516,741.6,93522230,100,74160.0
2018-05-16 09:35:22.850,284722,285178,B,,20180516,741.7,93522850,100,74170.0
2018-05-16 09:35:22.850,269205,285178,B,,20180516,741.74,93522850,100,74174.0
2018-05-16 09:35:23.390,285399,285178,S,,20180516,741.74,93523390,100,74174.0
2018-05-16 09:35:23.390,285399,285033,S,,20180516,741.62,93523390,300,222486.0
2018-05-16 09:35:23.390,285399,285119,S,,20180516,741.6,93523390,200,148320.0
2018-05-16 09:35:23.390,285399,285356,S,,20180516,741.6,93523390,200,148320.0
2018-05-16 09:35:23.390,285399,284621,S,,20180516,741.55,93523390,1000,741550.0
2018-05-16 09:35:23.390,285399,283382,S,,20180516,741.54,93523390,100,74154.0
2018-05-16 09:35:23.390,285399,283486,S,,20180516,741.54,93523390,100,74154.0
2018-05-16 09:35:24.430,285842,283901,S,,20180516,741.54,93524430,100,74154.0
2018-05-16 09:35:24.430,285842,284554,S,,20180516,741.54,93524430,300,222462.0
2018-05-16 09:35:24.430,285842,284721,S,,20180516,741.54,93524430,100,74154.0
2018-05-16 09:35:24.430,285842,284834,S,,20180516,741.54,93524430,100,74154.0
2018-05-16 09:35:24.430,285842,284850,S,,20180516,741.54,93524430,100,74154.0
2018-05-16 09:35:24.800,246649,286004,B,,20180516,741.78,93524800,200,148356.0
2018-05-16 09:35:24.940,246649,286081,B,,20180516,741.78,93524940,200,148356.0
2018-05-16 09:35:26.740,286849,286081,S,,20180516,741.78,93526740,200,148356.0
2018-05-16 09:35:26.870,286894,286081,S,,20180516,741.78,93526870,100,74178.0
2018-05-16 09:35:27.020,286976,286108,S,,20180516,741.78,93527020,100,74178.0
2018-05-16 09:35:27.780,256993,287303,B,,20180516,741.79,93527780,100,74179.0
2018-05-16 09:35:27.780,287306,287303,S,,20180516,741.79,93527780,100,74179.0
2018-05-16 09:35:27.810,229804,287318,B,,20180516,741.8,93527810,100,74180.0
2018-05-16 09:35:27.810,287319,287303,S,,20180516,741.79,93527810,100,74179.0
2018-05-16 09:35:28.320,287585,287303,S,,20180516,741.79,93528320,300,222537.0
2018-05-16 09:35:28.320,287585,287430,S,,20180516,741.79,93528320,100,74179.0
2018-05-16 09:35:28.320,287585,286110,S,,20180516,741.78,93528320,100,74178.0
2018-05-16 09:35:28.350,287590,286129,S,,20180516,741.78,93528350,100,74178.0
2018-05-16 09:35:28.350,287590,286183,S,,20180516,741.78,93528350,100,74178.0
2018-05-16 09:35:28.350,287590,286415,S,,20180516,741.78,93528350,100,74178.0
2018-05-16 09:35:28.350,287590,286460,S,,20180516,741.78,93528350,300,222534.0
2018-05-16 09:35:28.520,229804,287683,B,,20180516,741.8,93528520,200,148360.0
2018-05-16 09:35:29.940,288248,288323,B,,20180516,741.79,93529940,200,148358.0
2018-05-16 09:35:29.940,229804,288323,B,,20180516,741.8,93529940,100,74180.0
2018-05-16 09:35:30.910,229804,288750,B,,20180516,741.8,93530910,600,445080.0
2018-05-16 09:35:30.910,230421,288750,B,,20180516,741.8,93530910,100,74180.0
2018-05-16 09:35:30.910,233082,288750,B,,20180516,741.8,93530910,100,74180.0
2018-05-16 09:35:30.910,280064,288750,B,,20180516,741.8,93530910,100,74180.0
2018-05-16 09:35:31.070,280064,288844,B,,20180516,741.8,93531070,100,74180.0
2018-05-16 09:35:31.070,283741,288844,B,,20180516,741.8,93531070,100,74180.0
2018-05-16 09:35:31.070,286731,288844,B,,20180516,741.8,93531070,100,74180.0
2018-05-16 09:35:31.070,286731,288845,B,,20180516,741.8,93531070,100,74180.0
2018-05-16 09:35:31.180,286731,288883,B,,20180516,741.8,93531180,200,148360.0
2018-05-16 09:35:31.460,289039,288883,S,,20180516,741.8,93531460,100,74180.0
2018-05-16 09:35:32.760,287349,289599,B,,20180516,741.88,93532760,100,74188.0
2018-05-16 09:35:32.760,230784,289599,B,,20180516,741.89,93532760,500,370945.0
2018-05-16 09:35:32.870,230784,289646,B,,20180516,741.89,93532870,200,148378.0
2018-05-16 09:35:32.870,231244,289646,B,,20180516,741.89,93532870,200,148378.0
2018-05-16 09:35:32.870,227217,289646,B,,20180516,741.9,93532870,100,74190.0
2018-05-16 09:35:33.100,227985,289760,B,,20180516,741.9,93533100,300,222570.0
2018-05-16 09:35:33.700,227985,290035,B,,20180516,741.9,93533700,200,148380.0
2018-05-16 09:35:33.700,230122,290035,B,,20180516,741.9,93533700,100,74190.0
2018-05-16 09:35:34.040,228412,290229,B,,20180516,741.96,93534040,400,296784.0
2018-05-16 09:35:35.880,290977,290447,S,,20180516,741.92,93535880,200,148384.0
2018-05-16 09:35:36.010,291032,290447,S,,20180516,741.92,93536010,100,74192.0
2018-05-16 09:35:36.240,291115,290447,S,,20180516,741.92,93536240,100,74192.0
2018-05-16 09:35:36.570,228412,291252,B,,20180516,741.96,93536570,300,222588.0
2018-05-16 09:35:36.820,227707,291378,B,,20180516,741.97,93536820,600,445182.0
2018-05-16 09:35:37.030,227707,291497,B,,20180516,741.97,93537030,100,74197.0
2018-05-16 09:35:37.030,287348,291497,B,,20180516,741.97,93537030,100,74197.0
2018-05-16 09:35:37.030,224915,291497,B,,20180516,741.99,93537030,100,74199.0
2018-05-16 09:35:37.030,290487,291497,B,,20180516,741.99,93537030,100,74199.0
2018-05-16 09:35:37.030,74149,291497,B,,20180516,742.0,93537030,300,222600.0
2018-05-16 09:35:37.510,74149,291719,B,,20180516,742.0,93537510,700,519400.0
2018-05-16 09:35:37.510,78065,291719,B,,20180516,742.0,93537510,100,74200.0
2018-05-16 09:35:37.510,79428,291719,B,,20180516,742.0,93537510,100,74200.0
2018-05-16 09:35:37.510,79691,291719,B,,20180516,742.0,93537510,100,74200.0
2018-05-16 09:35:37.510,80024,291719,B,,20180516,742.0,93537510,100,74200.0
2018-05-16 09:35:37.510,93017,291719,B,,20180516,742.0,93537510,300,222600.0
2018-05-16 09:35:37.510,106653,291719,B,,20180516,742.0,93537510,100,74200.0
2018-05-16 09:35:38.210,145693,292049,B,,20180516,742.0,93538210,300,222600.0
2018-05-16 09:35:38.210,237827,292049,B,,20180516,742.0,93538210,100,74200.0
2018-05-16 09:35:38.690,252951,292253,B,,20180516,742.0,93538690,100,74200.0
2018-05-16 09:35:38.690,261834,292253,B,,20180516,742.0,93538690,100,74200.0
2018-05-16 09:35:39.150,257473,292447,B,,20180516,742.1,93539150,100,74210.0
2018-05-16 09:35:39.150,241825,292447,B,,20180516,742.15,93539150,100,74215.0
2018-05-16 09:35:39.150,127981,292447,B,,20180516,742.18,93539150,100,74218.0
2018-05-16 09:35:39.900,92963,292783,B,,20180516,742.3,93539900,200,148460.0
2018-05-16 09:35:39.900,218398,292783,B,,20180516,742.3,93539900,200,148460.0
2018-05-16 09:35:40.790,293151,293094,S,,20180516,742.32,93540790,100,74232.0
2018-05-16 09:35:40.790,293151,293104,S,,20180516,742.32,93540790,100,74232.0
2018-05-16 09:35:42.430,293801,293658,S,,20180516,742.33,93542430,100,74233.0
2018-05-16 09:35:42.430,293801,293104,S,,20180516,742.32,93542430,400,296928.0
2018-05-16 09:35:43.000,294079,293972,S,,20180516,742.31,93543000,200,148462.0
2018-05-16 09:35:43.500,294303,293972,S,,20180516,742.31,93543500,100,74231.0
2018-05-16 09:35:43.940,263962,294487,B,,20180516,742.5,93543940,100,74250.0
2018-05-16 09:35:44.280,263962,294650,B,,20180516,742.5,93544280,100,74250.0
2018-05-16 09:35:44.280,274664,294650,B,,20180516,742.5,93544280,100,74250.0
2018-05-16 09:35:45.740,294445,295189,B,,20180516,742.5,93545740,100,74250.0
2018-05-16 09:35:45.860,145279,295260,B,,20180516,742.58,93545860,100,74258.0
2018-05-16 09:35:45.910,157587,295290,B,,20180516,742.58,93545910,100,74258.0
2018-05-16 09:35:48.360,296300,295576,S,,20180516,742.68,93548360,100,74268.0
2018-05-16 09:35:48.650,90432,296408,B,,20180516,742.88,93548650,100,74288.0
2018-05-16 09:35:49.330,296711,296408,S,,20180516,742.88,93549330,100,74288.0
2018-05-16 09:35:49.600,296826,296408,S,,20180516,742.88,93549600,300,222864.0
2018-05-16 09:35:51.590,296826,297598,B,,20180516,742.88,93551590,200,148576.0
2018-05-16 09:35:54.720,223221,298817,B,,20180516,742.97,93554720,100,74297.0
2018-05-16 09:35:55.760,21450,299215,B,,20180516,742.99,93555760,100,74299.0
2018-05-16 09:35:55.760,252070,299215,B,,20180516,742.99,93555760,100,74299.0
2018-05-16 09:35:56.370,252070,299447,B,,20180516,742.99,93556370,100,74299.0
2018-05-16 09:35:56.680,299558,298965,S,,20180516,742.98,93556680,100,74298.0
2018-05-16 09:35:56.730,252070,299577,B,,20180516,742.99,93556730,100,74299.0
2018-05-16 09:35:57.650,257164,299904,B,,20180516,742.99,93557650,100,74299.0
2018-05-16 09:35:57.650,81160,299904,B,,20180516,743.0,93557650,100,74300.0
2018-05-16 09:35:57.650,82070,299904,B,,20180516,743.0,93557650,100,74300.0
2018-05-16 09:35:57.650,84608,299904,B,,20180516,743.0,93557650,100,74300.0
2018-05-16 09:35:57.650,91651,299904,B,,20180516,743.0,93557650,100,74300.0
2018-05-16 09:35:57.650,121731,299904,B,,20180516,743.0,93557650,100,74300.0
2018-05-16 09:35:57.650,165055,299904,B,,20180516,743.0,93557650,100,74300.0
2018-05-16 09:35:57.650,220680,299904,B,,20180516,743.0,93557650,100,74300.0
2018-05-16 09:35:57.650,225232,299904,B,,20180516,743.0,93557650,100,74300.0
2018-05-16 09:35:57.650,254236,299904,B,,20180516,743.0,93557650,1000,743000.0
2018-05-16 09:35:57.650,266328,299904,B,,20180516,743.0,93557650,100,74300.0
2018-05-16 09:35:57.650,272884,299904,B,,20180516,743.0,93557650,500,371500.0
2018-05-16 09:35:57.650,289137,299904,B,,20180516,743.0,93557650,100,74300.0
2018-05-16 09:35:57.650,298909,299904,B,,20180516,743.0,93557650,100,74300.0
2018-05-16 09:35:57.650,11498,299904,B,,20180516,743.05,93557650,200,148610.0
2018-05-16 09:35:57.650,1424,299904,B,,20180516,743.06,93557650,200,148612.0
2018-05-16 09:35:57.650,3301,299904,B,,20180516,743.06,93557650,300,222917.99999999997
2018-05-16 09:35:57.650,11690,299904,B,,20180516,743.06,93557650,100,74306.0
2018-05-16 09:35:57.650,121089,299904,B,,20180516,743.06,93557650,110,81736.59999999999
2018-05-16 09:35:57.650,33036,299904,B,,20180516,743.45,93557650,100,74345.0
2018-05-16 09:35:57.650,91378,299904,B,,20180516,743.75,93557650,100,74375.0
2018-05-16 09:35:57.650,240450,299904,B,,20180516,743.75,93557650,100,74375.0
2018-05-16 09:35:57.650,229835,299904,B,,20180516,743.95,93557650,100,74395.0
2018-05-16 09:35:57.650,242739,299904,B,,20180516,743.99,93557650,100,74399.0
2018-05-16 09:35:57.650,95626,299904,B,,20180516,744.0,93557650,100,74400.0
2018-05-16 09:35:57.650,133947,299904,B,,20180516,744.0,93557650,100,74400.0
2018-05-16 09:35:57.650,156955,299904,B,,20180516,744.0,93557650,100,74400.0
2018-05-16 09:35:57.650,166007,299904,B,,20180516,744.0,93557650,500,372000.0
2018-05-16 09:35:57.650,208724,299904,B,,20180516,744.0,93557650,100,74400.0
2018-05-16 09:35:57.650,223324,299904,B,,20180516,744.0,93557650,100,74400.0
2018-05-16 09:35:58.930,300458,299904,S,,20180516,744.0,93558930,100,74400.0
2018-05-16 09:35:58.930,300467,299904,S,,20180516,744.0,93558930,500,372000.0
2018-05-16 09:36:00.970,129732,301294,B,,20180516,744.38,93600970,100,74438.0
2018-05-16 09:36:01.680,1495,301592,B,,20180516,744.4,93601680,100,74440.0
2018-05-16 09:36:07.130,303905,302471,S,,20180516,744.66,93607130,100,74466.0
2018-05-16 09:36:07.230,303942,302471,S,,20180516,744.66,93607230,100,74466.0
2018-05-16 09:36:08.050,303894,304276,B,,20180516,744.88,93608050,100,74488.0
2018-05-16 09:36:08.880,303894,304593,B,,20180516,744.88,93608880,100,74488.0
2018-05-16 09:36:08.960,303894,304623,B,,20180516,744.88,93608960,100,74488.0
2018-05-16 09:36:09.170,304722,302471,S,,20180516,744.66,93609170,200,148932.0
2018-05-16 09:36:09.710,303894,304928,B,,20180516,744.88,93609710,100,74488.0
2018-05-16 09:36:09.790,303894,304972,B,,20180516,744.88,93609790,600,446928.0
2018-05-16 09:36:10.700,305311,304972,S,,20180516,744.88,93610700,100,74488.0
2018-05-16 09:36:11.020,235261,305438,B,,20180516,744.95,93611020,100,74495.0
2018-05-16 09:36:12.040,305819,305800,S,,20180516,744.89,93612040,100,74489.0
2018-05-16 09:36:12.390,235261,305937,B,,20180516,744.95,93612390,100,74495.0
2018-05-16 09:36:12.790,72311,306107,B,,20180516,744.98,93612790,100,74498.0
2018-05-16 09:36:13.610,110476,306442,B,,20180516,744.98,93613610,100,74498.0
2018-05-16 09:36:14.480,306136,306749,B,,20180516,744.98,93614480,100,74498.0
2018-05-16 09:36:14.700,70655,306847,B,,20180516,744.99,93614700,100,74499.0
2018-05-16 09:36:14.700,26621,306847,B,,20180516,745.0,93614700,200,149000.0
2018-05-16 09:36:14.700,27249,306847,B,,20180516,745.0,93614700,100,74500.0
2018-05-16 09:36:15.730,27249,307253,B,,20180516,745.0,93615730,400,298000.0
2018-05-16 09:36:15.730,27975,307253,B,,20180516,745.0,93615730,500,372500.0
2018-05-16 09:36:15.730,54927,307253,B,,20180516,745.0,93615730,100,74500.0
2018-05-16 09:36:15.730,68988,307253,B,,20180516,745.0,93615730,100,74500.0
2018-05-16 09:36:15.730,70091,307253,B,,20180516,745.0,93615730,200,149000.0
2018-05-16 09:36:15.780,70091,307277,B,,20180516,745.0,93615780,600,447000.0
2018-05-16 09:36:15.780,70188,307277,B,,20180516,745.0,93615780,200,149000.0
2018-05-16 09:36:15.780,74651,307277,B,,20180516,745.0,93615780,200,149000.0
2018-05-16 09:36:15.780,77134,307277,B,,20180516,745.0,93615780,100,74500.0
2018-05-16 09:36:15.780,77729,307277,B,,20180516,745.0,93615780,200,149000.0
2018-05-16 09:36:15.780,80999,307277,B,,20180516,745.0,93615780,100,74500.0
2018-05-16 09:36:15.780,105977,307277,B,,20180516,745.0,93615780,100,74500.0
2018-05-16 09:36:15.780,112596,307277,B,,20180516,745.0,93615780,400,298000.0
2018-05-16 09:36:15.780,118821,307277,B,,20180516,745.0,93615780,200,149000.0
2018-05-16 09:36:15.780,139259,307277,B,,20180516,745.0,93615780,100,74500.0
2018-05-16 09:36:15.780,139903,307277,B,,20180516,745.0,93615780,100,74500.0
2018-05-16 09:36:15.780,150518,307277,B,,20180516,745.0,93615780,500,372500.0
2018-05-16 09:36:16.590,162247,307641,B,,20180516,745.0,93616590,100,74500.0
2018-05-16 09:36:16.590,175534,307641,B,,20180516,745.0,93616590,100,74500.0
2018-05-16 09:36:16.590,189686,307641,B,,20180516,745.0,93616590,100,74500.0
2018-05-16 09:36:16.590,192074,307641,B,,20180516,745.0,93616590,100,74500.0
2018-05-16 09:36:16.590,225812,307641,B,,20180516,745.0,93616590,100,74500.0
2018-05-16 09:36:16.590,228958,307641,B,,20180516,745.0,93616590,200,149000.0
2018-05-16 09:36:16.590,233302,307641,B,,20180516,745.0,93616590,100,74500.0
2018-05-16 09:36:16.590,233695,307641,B,,20180516,745.0,93616590,100,74500.0
2018-05-16 09:36:16.590,290009,307641,B,,20180516,745.0,93616590,100,74500.0
2018-05-16 09:36:16.590,300345,307641,B,,20180516,745.0,93616590,100,74500.0
2018-05-16 09:36:17.020,307816,307641,S,,20180516,745.02,93617020,100,74502.0
2018-05-16 09:36:17.890,308117,307641,S,,20180516,745.02,93617890,1000,745020.0
2018-05-16 09:36:18.780,308433,307641,S,,20180516,745.02,93618780,100,74502.0
2018-05-16 09:36:18.850,306135,308455,B,,20180516,745.07,93618850,100,74507.0
2018-05-16 09:36:18.930,308484,307641,S,,20180516,745.02,93618930,3300,2458566.0
2018-05-16 09:36:18.930,308484,308023,S,,20180516,745.01,93618930,100,74501.0
2018-05-16 09:36:18.930,308484,307852,S,,20180516,745.0,93618930,100,74500.0
2018-05-16 09:36:18.930,308484,308010,S,,20180516,745.0,93618930,500,372500.0
2018-05-16 09:36:18.930,308484,306208,S,,20180516,744.89,93618930,100,74489.0
2018-05-16 09:36:18.930,308484,306809,S,,20180516,744.89,93618930,100,74489.0
2018-05-16 09:36:18.930,308484,307562,S,,20180516,744.89,93618930,100,74489.0
2018-05-16 09:36:18.930,308484,307868,S,,20180516,744.89,93618930,100,74489.0
2018-05-16 09:36:18.930,308484,307928,S,,20180516,744.89,93618930,100,74489.0
2018-05-16 09:36:18.930,308484,308050,S,,20180516,744.89,93618930,500,372445.0
2018-05-16 09:36:20.460,147602,309048,B,,20180516,745.21,93620460,100,74521.0
2018-05-16 09:36:21.760,147602,309551,B,,20180516,745.21,93621760,100,74521.0
2018-05-16 09:36:22.080,309678,308766,S,,20180516,745.07,93622080,100,74507.0
2018-05-16 09:36:24.080,25236,310424,B,,20180516,745.28,93624080,100,74528.0
2018-05-16 09:36:24.820,309427,310714,B,,20180516,745.4,93624820,600,447240.0
2018-05-16 09:36:26.140,42594,311181,B,,20180516,745.43,93626140,100,74543.0
2018-05-16 09:36:26.460,242575,311308,B,,20180516,745.46,93626460,100,74546.0
2018-05-16 09:36:27.990,3675,311868,B,,20180516,745.5,93627990,100,74550.0
2018-05-16 09:36:28.550,49260,312102,B,,20180516,745.57,93628550,100,74557.0
2018-05-16 09:36:28.550,310309,312102,B,,20180516,745.66,93628550,100,74566.0
2018-05-16 09:36:29.710,312415,312522,B,,20180516,745.38,93629710,100,74538.0
2018-05-16 09:36:30.440,312780,312386,S,,20180516,745.1,93630440,100,74510.0
2018-05-16 09:36:30.560,312820,312801,S,,20180516,745.21,93630560,200,149042.0
2018-05-16 09:36:30.560,312820,309022,S,,20180516,745.07,93630560,100,74507.0
2018-05-16 09:36:30.560,312820,311037,S,,20180516,745.07,93630560,100,74507.0
2018-05-16 09:36:30.560,312820,311801,S,,20180516,745.07,93630560,100,74507.0
2018-05-16 09:36:30.560,312820,312008,S,,20180516,745.07,93630560,100,74507.0
2018-05-16 09:36:30.560,312820,312520,S,,20180516,745.07,93630560,700,521549.00000000006
2018-05-16 09:36:30.560,312820,310562,S,,20180516,745.03,93630560,100,74503.0
2018-05-16 09:36:30.560,312820,311884,S,,20180516,745.03,93630560,2300,1713569.0
2018-05-16 09:36:30.820,312415,312929,B,,20180516,745.38,93630820,200,149076.0
2018-05-16 09:36:30.990,313002,311884,S,,20180516,745.03,93630990,3600,2682108.0
2018-05-16 09:36:30.990,313002,309136,S,,20180516,745.0,93630990,100,74500.0
2018-05-16 09:36:30.990,313002,311913,S,,20180516,745.0,93630990,200,149000.0
2018-05-16 09:36:30.990,313002,312770,S,,20180516,745.0,93630990,100,74500.0
2018-05-16 09:36:30.990,313002,312947,S,,20180516,745.0,93630990,100,74500.0
2018-05-16 09:36:31.430,313002,313191,B,,20180516,745.0,93631430,200,149000.0
2018-05-16 09:36:31.700,313002,313310,B,,20180516,745.0,93631700,700,521500.0
2018-05-16 09:36:32.030,313116,313438,B,,20180516,745.38,93632030,100,74538.0
2018-05-16 09:36:32.420,312655,313593,B,,20180516,745.5,93632420,500,372750.0
2018-05-16 09:36:32.420,313042,313593,B,,20180516,745.58,93632420,200,149116.0
2018-05-16 09:36:34.040,314258,313646,S,,20180516,745.5,93634040,100,74550.0
2018-05-16 09:36:34.610,314517,314252,S,,20180516,745.5,93634610,200,149100.0
2018-05-16 09:36:34.950,314523,314657,B,,20180516,745.48,93634950,100,74548.0
2018-05-16 09:36:35.990,314938,315038,B,,20180516,745.5,93635990,600,447300.0
2018-05-16 09:36:36.070,315065,313438,S,,20180516,745.38,93636070,100,74538.0
2018-05-16 09:36:36.710,314938,315315,B,,20180516,745.5,93636710,100,74550.0
2018-05-16 09:36:36.880,314938,315387,B,,20180516,745.5,93636880,200,149100.0
2018-05-16 09:36:36.920,315411,313438,S,,20180516,745.38,93636920,200,149076.0
2018-05-16 09:36:36.920,315415,313438,S,,20180516,745.38,93636920,100,74538.0
2018-05-16 09:36:37.040,315464,314547,S,,20180516,745.38,93637040,100,74538.0
2018-05-16 09:36:37.040,315464,315337,S,,20180516,745.38,93637040,100,74538.0
2018-05-16 09:36:37.320,315579,315338,S,,20180516,745.38,93637320,100,74538.0
2018-05-16 09:36:37.630,315695,315573,S,,20180516,745.38,93637630,100,74538.0
2018-05-16 09:36:37.630,315695,315339,S,,20180516,745.29,93637630,100,74529.0
2018-05-16 09:36:39.960,316505,316077,S,,20180516,745.41,93639960,100,74541.0
2018-05-16 09:36:40.010,316523,316088,S,,20180516,745.38,93640010,100,74538.0
2018-05-16 09:36:40.230,314938,316618,B,,20180516,745.5,93640230,100,74550.0
2018-05-16 09:36:41.450,317079,316817,S,,20180516,745.41,93641450,100,74541.0
2018-05-16 09:36:41.650,317132,316088,S,,20180516,745.38,93641650,200,149076.0
2018-05-16 09:36:41.760,317173,317162,S,,20180516,745.4,93641760,100,74540.0
2018-05-16 09:36:41.760,317173,316088,S,,20180516,745.38,93641760,200,149076.0
2018-05-16 09:36:41.760,317173,315571,S,,20180516,745.29,93641760,100,74529.0
2018-05-16 09:36:41.760,317173,313402,S,,20180516,745.28,93641760,100,74528.0
2018-05-16 09:36:42.140,317294,315069,S,,20180516,745.1,93642140,100,74510.0
2018-05-16 09:36:42.140,317294,315515,S,,20180516,745.1,93642140,100,74510.0
2018-05-16 09:36:42.140,317294,313689,S,,20180516,745.07,93642140,100,74507.0
2018-05-16 09:36:42.140,317294,314786,S,,20180516,745.07,93642140,100,74507.0
2018-05-16 09:36:43.120,317708,316044,S,,20180516,745.07,93643120,100,74507.0
2018-05-16 09:36:43.390,317766,317807,B,,20180516,745.1,93643390,100,74510.0
2018-05-16 09:36:43.930,317728,318008,B,,20180516,745.17,93643930,300,223551.0
2018-05-16 09:36:44.000,318020,313934,S,,20180516,745.0,93644000,100,74500.0
2018-05-16 09:36:44.000,318020,315835,S,,20180516,745.0,93644000,100,74500.0
2018-05-16 09:36:44.680,317728,318268,B,,20180516,745.17,93644680,100,74517.0
2018-05-16 09:36:44.940,317728,318359,B,,20180516,745.17,93644940,100,74517.0
2018-05-16 09:36:45.010,317728,318379,B,,20180516,745.17,93645010,100,74517.0
2018-05-16 09:36:45.690,318629,308735,S,,20180516,744.95,93645690,100,74495.0
2018-05-16 09:36:45.690,318629,309241,S,,20180516,744.95,93645690,100,74495.0
2018-05-16 09:36:45.970,318740,309241,S,,20180516,744.95,93645970,100,74495.0
2018-05-16 09:36:45.970,318740,309270,S,,20180516,744.95,93645970,100,74495.0
2018-05-16 09:36:46.020,318771,310490,S,,20180516,744.95,93646020,100,74495.0
2018-05-16 09:36:46.050,318786,310832,S,,20180516,744.89,93646050,300,223467.0
2018-05-16 09:36:46.050,318786,302471,S,,20180516,744.66,93646050,100,74466.0
2018-05-16 09:36:46.260,318771,318869,B,,20180516,744.95,93646260,100,74495.0
2018-05-16 09:36:46.260,318754,318869,B,,20180516,745.0,93646260,100,74500.0
2018-05-16 09:36:46.280,318754,318892,B,,20180516,745.0,93646280,100,74500.0
2018-05-16 09:36:46.380,318754,318928,B,,20180516,745.0,93646380,100,74500.0
2018-05-16 09:36:46.500,318754,318969,B,,20180516,745.0,93646500,100,74500.0
2018-05-16 09:36:47.300,318754,319266,B,,20180516,745.0,93647300,100,74500.0
2018-05-16 09:36:47.710,319423,319061,S,,20180516,744.95,93647710,500,372475.0
2018-05-16 09:36:47.840,318754,319457,B,,20180516,745.0,93647840,100,74500.0
2018-05-16 09:36:48.000,318754,319520,B,,20180516,745.0,93648000,100,74500.0
2018-05-16 09:36:48.370,318754,319636,B,,20180516,745.0,93648370,100,74500.0
2018-05-16 09:36:48.370,319637,319124,S,,20180516,744.93,93648370,100,74493.0
2018-05-16 09:36:48.370,318754,319641,B,,20180516,745.0,93648370,200,149000.0
2018-05-16 09:36:48.700,318754,319797,B,,20180516,745.0,93648700,400,298000.0
2018-05-16 09:36:48.730,319803,319124,S,,20180516,744.93,93648730,100,74493.0
2018-05-16 09:36:49.030,319910,302471,S,,20180516,744.66,93649030,400,297864.0
2018-05-16 09:36:49.450,319812,320085,B,,20180516,744.93,93649450,100,74493.0
2018-05-16 09:36:49.500,319812,320097,B,,20180516,744.93,93649500,100,74493.0
2018-05-16 09:36:49.580,319812,320131,B,,20180516,744.93,93649580,100,74493.0
2018-05-16 09:36:49.750,319812,320177,B,,20180516,744.93,93649750,200,148986.0
2018-05-16 09:36:49.750,319911,320177,B,,20180516,744.93,93649750,100,74493.0
2018-05-16 09:36:49.870,320232,320244,B,,20180516,744.98,93649870,100,74498.0
2018-05-16 09:36:50.260,320232,320383,B,,20180516,744.98,93650260,100,74498.0
2018-05-16 09:36:50.780,320232,320567,B,,20180516,744.98,93650780,100,74498.0
2018-05-16 09:36:50.780,320232,320568,B,,20180516,744.98,93650780,100,74498.0
2018-05-16 09:36:50.930,320632,320177,S,,20180516,744.93,93650930,100,74493.0
2018-05-16 09:36:51.520,320690,320830,B,,20180516,744.8,93651520,300,223440.0
2018-05-16 09:36:51.520,320723,320830,B,,20180516,744.93,93651520,700,521450.99999999994
2018-05-16 09:36:51.520,320762,320830,B,,20180516,744.93,93651520,400,297972.0
2018-05-16 09:36:51.650,320872,302471,S,,20180516,744.66,93651650,100,74466.0
2018-05-16 09:36:51.910,320867,320999,B,,20180516,744.9,93651910,100,74490.0
2018-05-16 09:36:52.000,320762,321037,B,,20180516,744.93,93652000,100,74493.0
2018-05-16 09:36:53.440,321049,321523,B,,20180516,744.66,93653440,100,74466.0
2018-05-16 09:36:53.510,321050,321546,B,,20180516,744.95,93653510,200,148990.0
2018-05-16 09:36:53.510,318754,321547,B,,20180516,745.0,93653510,100,74500.0
2018-05-16 09:36:53.590,318754,321571,B,,20180516,745.0,93653590,300,223500.0
2018-05-16 09:36:53.590,318754,321572,B,,20180516,745.0,93653590,100,74500.0
2018-05-16 09:36:53.590,318754,321573,B,,20180516,745.0,93653590,300,223500.0
2018-05-16 09:36:53.590,318754,321574,B,,20180516,745.0,93653590,200,149000.0
2018-05-16 09:36:53.590,318754,321575,B,,20180516,745.0,93653590,1400,1043000.0
2018-05-16 09:36:54.150,321726,321788,B,,20180516,744.95,93654150,100,74495.0
2018-05-16 09:36:54.700,321726,321993,B,,20180516,744.95,93654700,200,148990.0
2018-05-16 09:36:55.740,322370,322022,S,,20180516,744.66,93655740,100,74466.0
2018-05-16 09:36:55.740,321726,322376,B,,20180516,744.95,93655740,100,74495.0
2018-05-16 09:36:56.790,322490,322766,B,,20180516,744.9,93656790,300,223470.0
2018-05-16 09:36:56.990,322843,322022,S,,20180516,744.66,93656990,300,223398.0
2018-05-16 09:36:57.780,322843,323124,B,,20180516,744.01,93657780,500,372005.0
2018-05-16 09:36:59.840,323880,320274,S,,20180516,744.0,93659840,200,148800.0
2018-05-16 09:36:59.900,323903,303862,S,,20180516,743.11,93659900,100,74311.0
2018-05-16 09:37:02.010,323793,324738,B,,20180516,744.01,93702010,100,74401.0
2018-05-16 09:37:02.080,322956,324777,B,,20180516,744.8,93702080,100,74480.0
2018-05-16 09:37:02.080,322490,324777,B,,20180516,744.9,93702080,1300,968370.0
2018-05-16 09:37:02.860,324821,325110,B,,20180516,744.66,93702860,100,74466.0
2018-05-16 09:37:06.060,326422,326218,S,,20180516,744.02,93706060,100,74402.0
2018-05-16 09:37:06.060,326422,324961,S,,20180516,744.01,93706060,100,74401.0
2018-05-16 09:37:06.510,326580,326590,B,,20180516,744.8,93706510,100,74480.0
2018-05-16 09:37:06.710,326666,325501,S,,20180516,744.01,93706710,100,74401.0
2018-05-16 09:37:06.740,326675,324279,S,,20180516,744.0,93706740,100,74400.0
2018-05-16 09:37:06.950,326777,324279,S,,20180516,744.0,93706950,100,74400.0
2018-05-16 09:37:06.950,326777,325499,S,,20180516,743.12,93706950,100,74312.0
2018-05-16 09:37:07.210,326912,326898,S,,20180516,744.01,93707210,300,223203.0
2018-05-16 09:37:09.840,326912,327893,B,,20180516,744.0,93709840,100,74400.0
2018-05-16 09:37:09.940,326912,327940,B,,20180516,744.0,93709940,100,74400.0
2018-05-16 09:37:14.430,327892,329753,B,,20180516,744.0,93714430,100,74400.0
2018-05-16 09:37:16.070,328688,330369,B,,20180516,744.0,93716070,100,74400.0
2018-05-16 09:37:16.070,328710,330369,B,,20180516,744.0,93716070,100,74400.0
2018-05-16 09:37:16.550,330557,327916,S,,20180516,743.12,93716550,100,74312.0
2018-05-16 09:37:17.410,328710,330857,B,,20180516,744.0,93717410,100,74400.0
2018-05-16 09:37:17.870,328710,331019,B,,20180516,744.0,93717870,100,74400.0
2018-05-16 09:37:19.360,329296,331591,B,,20180516,744.0,93719360,100,74400.0
2018-05-16 09:37:21.260,332322,331349,S,,20180516,743.55,93721260,100,74355.0
2018-05-16 09:37:21.420,332379,331349,S,,20180516,743.55,93721420,100,74355.0
2018-05-16 09:37:21.520,329839,332418,B,,20180516,744.0,93721520,100,74400.0
2018-05-16 09:37:21.630,332463,331349,S,,20180516,743.55,93721630,300,223065.0
2018-05-16 09:37:21.630,332463,328127,S,,20180516,743.12,93721630,100,74312.0
2018-05-16 09:37:21.630,332463,328304,S,,20180516,743.12,93721630,100,74312.0
2018-05-16 09:37:21.780,330227,332520,B,,20180516,744.0,93721780,100,74400.0
2018-05-16 09:37:22.250,332577,332697,B,,20180516,743.12,93722250,100,74312.0
2018-05-16 09:37:22.420,330227,332769,B,,20180516,744.0,93722420,100,74400.0
2018-05-16 09:37:24.860,333226,333667,B,,20180516,743.99,93724860,100,74399.0
2018-05-16 09:37:24.860,330227,333667,B,,20180516,744.0,93724860,200,148800.0
2018-05-16 09:37:25.120,333680,333778,B,,20180516,743.12,93725120,100,74312.0
2018-05-16 09:37:25.340,330227,333863,B,,20180516,744.0,93725340,100,74400.0
2018-05-16 09:37:25.780,333947,334019,B,,20180516,743.12,93725780,100,74312.0
2018-05-16 09:37:25.780,330227,334022,B,,20180516,744.0,93725780,200,148800.0
2018-05-16 09:37:26.030,330227,334119,B,,20180516,744.0,93726030,300,223200.0
2018-05-16 09:37:27.790,330227,334790,B,,20180516,744.0,93727790,100,74400.0
2018-05-16 09:37:27.860,330227,334822,B,,20180516,744.0,93727860,500,372000.0
2018-05-16 09:37:28.100,330227,334926,B,,20180516,744.0,93728100,100,74400.0
2018-05-16 09:37:29.320,330227,335391,B,,20180516,744.0,93729320,100,74400.0
2018-05-16 09:37:29.790,330227,335543,B,,20180516,744.0,93729790,100,74400.0
2018-05-16 09:37:30.050,335635,303862,S,,20180516,743.11,93730050,200,148622.0
2018-05-16 09:37:30.600,335599,335821,B,,20180516,743.9,93730600,100,74390.0
2018-05-16 09:37:30.720,335599,335874,B,,20180516,743.9,93730720,300,223170.0
2018-05-16 09:37:31.040,330227,336003,B,,20180516,744.0,93731040,100,74400.0
2018-05-16 09:37:33.720,337015,336292,S,,20180516,743.94,93733720,100,74394.0
2018-05-16 09:37:33.900,330227,337094,B,,20180516,744.0,93733900,300,223200.0
2018-05-16 09:37:34.150,330227,337188,B,,20180516,744.0,93734150,100,74400.0
2018-05-16 09:37:34.330,330227,337250,B,,20180516,744.0,93734330,1000,744000.0
2018-05-16 09:37:34.530,337344,336292,S,,20180516,743.94,93734530,200,148788.0
2018-05-16 09:37:35.150,337577,337561,S,,20180516,743.94,93735150,100,74394.0
2018-05-16 09:37:35.800,337817,337561,S,,20180516,743.94,93735800,100,74394.0
2018-05-16 09:37:37.030,330227,338283,B,,20180516,744.0,93737030,400,297600.0
2018-05-16 09:37:37.060,330227,338292,B,,20180516,744.0,93737060,100,74400.0
2018-05-16 09:37:37.080,338311,337561,S,,20180516,743.94,93737080,100,74394.0
2018-05-16 09:37:37.450,330227,338444,B,,20180516,744.0,93737450,1100,818400.0
2018-05-16 09:37:37.450,330586,338444,B,,20180516,744.0,93737450,100,74400.0
2018-05-16 09:37:37.450,331156,338444,B,,20180516,744.0,93737450,100,74400.0
2018-05-16 09:37:37.450,331461,338444,B,,20180516,744.0,93737450,200,148800.0
2018-05-16 09:37:37.450,332700,338444,B,,20180516,744.0,93737450,200,148800.0
2018-05-16 09:37:37.450,332737,338444,B,,20180516,744.0,93737450,200,148800.0
2018-05-16 09:37:39.070,332872,339017,B,,20180516,744.0,93739070,200,148800.0
2018-05-16 09:37:39.070,332908,339017,B,,20180516,744.0,93739070,100,74400.0
2018-05-16 09:37:39.070,334040,339017,B,,20180516,744.0,93739070,100,74400.0
2018-05-16 09:37:39.550,339156,338612,S,,20180516,743.94,93739550,100,74394.0
2018-05-16 09:37:39.900,334040,339291,B,,20180516,744.0,93739900,100,74400.0
2018-05-16 09:37:41.180,339467,339780,B,,20180516,743.98,93741180,200,148796.0
2018-05-16 09:37:41.180,339537,339780,B,,20180516,743.99,93741180,100,74399.0
2018-05-16 09:37:41.180,334237,339780,B,,20180516,744.0,93741180,100,74400.0
2018-05-16 09:37:41.180,334279,339780,B,,20180516,744.0,93741180,400,297600.0
2018-05-16 09:37:41.180,334531,339780,B,,20180516,744.0,93741180,100,74400.0
2018-05-16 09:37:41.180,335018,339780,B,,20180516,744.0,93741180,300,223200.0
2018-05-16 09:37:41.180,335331,339780,B,,20180516,744.0,93741180,100,74400.0
2018-05-16 09:37:41.180,335441,339780,B,,20180516,744.0,93741180,100,74400.0
2018-05-16 09:37:41.180,335968,339780,B,,20180516,744.0,93741180,100,74400.0
2018-05-16 09:37:41.180,336651,339780,B,,20180516,744.0,93741180,100,74400.0
2018-05-16 09:37:41.180,337113,339780,B,,20180516,744.0,93741180,100,74400.0
2018-05-16 09:37:41.180,337225,339780,B,,20180516,744.0,93741180,500,372000.0
2018-05-16 09:37:41.240,337845,339792,B,,20180516,744.0,93741240,100,74400.0
2018-05-16 09:37:42.090,340077,338791,S,,20180516,743.94,93742090,100,74394.0
2018-05-16 09:37:42.860,340347,338791,S,,20180516,743.94,93742860,100,74394.0
2018-05-16 09:37:42.890,340011,340350,B,,20180516,743.99,93742890,100,74399.0
2018-05-16 09:37:42.890,338180,340350,B,,20180516,744.0,93742890,100,74400.0
2018-05-16 09:37:42.890,339396,340350,B,,20180516,744.0,93742890,100,74400.0
2018-05-16 09:37:43.020,340229,340404,B,,20180516,744.0,93743020,400,297600.0
2018-05-16 09:37:43.450,340567,338791,S,,20180516,743.94,93743450,100,74394.0
2018-05-16 09:37:43.590,340590,340623,B,,20180516,743.78,93743590,100,74378.0
2018-05-16 09:37:43.590,340229,340623,B,,20180516,744.0,93743590,200,148800.0
2018-05-16 09:37:43.590,340429,340623,B,,20180516,744.0,93743590,100,74400.0
2018-05-16 09:37:45.240,340729,341221,B,,20180516,744.0,93745240,100,74400.0
2018-05-16 09:37:46.990,341417,341853,B,,20180516,743.94,93746990,100,74394.0
2018-05-16 09:37:46.990,341804,341853,B,,20180516,743.94,93746990,100,74394.0
2018-05-16 09:37:47.510,342051,342036,S,,20180516,743.99,93747510,100,74399.0
2018-05-16 09:37:48.820,342292,342543,B,,20180516,743.94,93748820,100,74394.0
2018-05-16 09:37:49.460,341710,342790,B,,20180516,744.0,93749460,100,74400.0
2018-05-16 09:37:49.660,342847,342790,S,,20180516,744.0,93749660,100,74400.0
2018-05-16 09:37:51.920,343211,343616,B,,20180516,743.98,93751920,200,148796.0
2018-05-16 09:37:52.370,343817,343677,S,,20180516,743.98,93752370,200,148796.0
2018-05-16 09:37:54.050,344396,344159,S,,20180516,743.94,93754050,100,74394.0
2018-05-16 09:37:54.050,344396,340934,S,,20180516,743.93,93754050,100,74393.0
2018-05-16 09:37:54.130,344396,344422,B,,20180516,743.93,93754130,100,74393.0
2018-05-16 09:37:54.400,344469,344513,B,,20180516,743.94,93754400,100,74394.0
2018-05-16 09:37:54.820,344155,344701,B,,20180516,743.99,93754820,100,74399.0
2018-05-16 09:37:55.210,344871,344422,S,,20180516,743.93,93755210,100,74393.0
2018-05-16 09:37:55.260,344895,344422,S,,20180516,743.93,93755260,100,74393.0
2018-05-16 09:37:56.850,345495,345489,S,,20180516,743.94,93756850,100,74394.0
2018-05-16 09:37:57.530,345735,344422,S,,20180516,743.93,93757530,300,223178.99999999997
2018-05-16 09:37:57.530,345736,344422,S,,20180516,743.93,93757530,200,148786.0
2018-05-16 09:37:57.870,345623,345856,B,,20180516,743.94,93757870,1400,1041516.0000000001
2018-05-16 09:37:57.990,345893,344422,S,,20180516,743.93,93757990,100,74393.0
2018-05-16 09:37:57.990,345898,344422,S,,20180516,743.93,93757990,100,74393.0
2018-05-16 09:37:58.040,345903,344422,S,,20180516,743.93,93758040,100,74393.0
2018-05-16 09:37:59.100,346298,344422,S,,20180516,743.93,93759100,100,74393.0
2018-05-16 09:38:00.000,346635,344422,S,,20180516,743.93,93800000,100,74393.0
2018-05-16 09:38:00.450,346798,344671,S,,20180516,743.93,93800450,100,74393.0
