,AskOrder,BidOrder,BSFlags,FunctionCode,Date,Price,Time,Volume,Amount
2018-05-04 09:25:00.110,85351,51042,S,,20180504,670.98,92500110,100,67098.0
2018-05-04 09:25:00.110,26015,51043,B,,20180504,670.98,92500110,200,134196.0
2018-05-04 09:25:00.110,26016,54402,B,,20180504,670.98,92500110,100,67098.0
2018-05-04 09:25:00.110,60979,57426,S,,20180504,670.98,92500110,100,67098.0
2018-05-04 09:25:00.110,60979,61323,B,,20180504,670.98,92500110,100,67098.0
2018-05-04 09:25:00.110,60979,61992,B,,20180504,670.98,92500110,100,67098.0
2018-05-04 09:25:00.110,60979,65513,B,,20180504,670.98,92500110,100,67098.0
2018-05-04 09:25:00.110,60979,77609,B,,20180504,670.98,92500110,100,67098.0
2018-05-04 09:25:00.110,60979,83243,B,,20180504,670.98,92500110,100,67098.0
2018-05-04 09:25:00.110,60979,88313,B,,20180504,670.98,92500110,100,67098.0
2018-05-04 09:25:00.110,61865,88851,B,,20180504,670.98,92500110,200,134196.0
2018-05-04 09:25:00.110,61865,90111,B,,20180504,670.98,92500110,100,67098.0
2018-05-04 09:25:00.110,61865,90685,B,,20180504,670.98,92500110,100,67098.0
2018-05-04 09:25:00.110,65959,90685,B,,20180504,670.98,92500110,100,67098.0
2018-05-04 09:25:00.110,65959,51407,S,,20180504,670.98,92500110,300,201294.0
2018-05-04 09:25:00.110,65959,61184,S,,20180504,670.98,92500110,100,67098.0
2018-05-04 09:25:00.110,65959,65708,S,,20180504,670.98,92500110,100,67098.0
2018-05-04 09:25:00.110,83333,71515,S,,20180504,670.98,92500110,200,134196.0
2018-05-04 09:25:00.110,26017,71515,B,,20180504,670.98,92500110,100,67098.0
2018-05-04 09:25:00.110,26018,71515,B,,20180504,670.98,92500110,100,67098.0
2018-05-04 09:25:00.110,26019,71515,B,,20180504,670.98,92500110,100,67098.0
2018-05-04 09:25:00.110,26020,71515,B,,20180504,670.98,92500110,100,67098.0
2018-05-04 09:25:00.110,62288,71515,B,,20180504,670.98,92500110,100,67098.0
2018-05-04 09:25:00.110,62288,86338,B,,20180504,670.98,92500110,100,67098.0
2018-05-04 09:25:00.110,62289,86338,B,,20180504,670.98,92500110,200,134196.0
2018-05-04 09:25:00.110,62289,89952,B,,20180504,670.98,92500110,100,67098.0
2018-05-04 09:25:00.110,26426,89952,B,,20180504,670.98,92500110,37,24826.260000000002
2018-05-04 09:25:00.110,26427,89952,B,,20180504,670.98,92500110,63,42271.74
2018-05-04 09:25:00.110,26427,90732,B,,20180504,670.98,92500110,37,24826.260000000002
2018-05-04 09:25:00.110,26428,90732,B,,20180504,670.98,92500110,32,21471.36
2018-05-04 09:25:00.110,61141,90732,B,,20180504,670.98,92500110,931,624682.38
2018-05-04 09:25:00.110,61141,93351,B,,20180504,670.98,92500110,100,67098.0
2018-05-04 09:25:00.110,61141,93485,B,,20180504,670.98,92500110,100,67098.0
2018-05-04 09:25:00.110,61141,93841,B,,20180504,670.98,92500110,100,67098.0
2018-05-04 09:25:00.110,61141,26422,S,,20180504,670.98,92500110,260,174454.80000000002
2018-05-04 09:25:00.110,61245,26422,S,,20180504,670.98,92500110,900,603882.0
2018-05-04 09:25:00.110,62554,26422,S,,20180504,670.98,92500110,200,134196.0
2018-05-04 09:25:00.110,65138,26422,S,,20180504,670.98,92500110,100,67098.0
2018-05-04 09:25:00.110,83467,26422,S,,20180504,670.98,92500110,100,67098.0
2018-05-04 09:25:00.110,85068,26422,S,,20180504,670.98,92500110,40,26839.2
2018-05-04 09:25:00.110,85068,29848,S,,20180504,670.98,92500110,100,67098.0
2018-05-04 09:25:00.110,85068,69082,S,,20180504,670.98,92500110,160,107356.8
2018-05-04 09:25:00.110,91251,69082,S,,20180504,670.98,92500110,100,67098.0
2018-05-04 09:25:00.110,94664,69082,S,,20180504,670.98,92500110,100,67098.0
2018-05-04 09:25:00.110,61226,69082,B,,20180504,670.98,92500110,100,67098.0
2018-05-04 09:25:00.110,61851,69082,B,,20180504,670.98,92500110,40,26839.2
2018-05-04 09:25:00.110,61851,90807,B,,20180504,670.98,92500110,60,40258.8
2018-05-04 09:25:00.110,63412,90807,B,,20180504,670.98,92500110,200,134196.0
2018-05-04 09:25:00.110,64243,90807,B,,20180504,670.98,92500110,100,67098.0
2018-05-04 09:25:00.110,89236,90807,B,,20180504,670.98,92500110,100,67098.0
2018-05-04 09:25:00.110,82604,90807,B,,20180504,670.98,92500110,100,67098.0
2018-05-04 09:25:00.110,89221,90807,B,,20180504,670.98,92500110,40,26839.2
2018-05-04 09:25:00.110,89221,91437,B,,20180504,670.98,92500110,600,402588.0
2018-05-04 09:25:00.110,89221,63994,S,,20180504,670.98,92500110,100,67098.0
2018-05-04 09:25:00.110,89221,54134,S,,20180504,670.98,92500110,100,67098.0
2018-05-04 09:25:00.110,89221,82654,S,,20180504,670.98,92500110,100,67098.0
2018-05-04 09:25:00.110,89221,94444,B,,20180504,670.98,92500110,560,375748.8
2018-05-04 09:25:00.110,89852,94444,B,,20180504,670.98,92500110,300,201294.0
2018-05-04 09:25:00.110,89949,94444,B,,20180504,670.98,92500110,1700,1140666.0
2018-05-04 09:25:00.110,85486,94444,B,,20180504,670.98,92500110,100,67098.0
2018-05-04 09:25:00.110,91333,94444,B,,20180504,670.98,92500110,100,67098.0
2018-05-04 09:25:00.110,90278,94444,B,,20180504,670.98,92500110,300,201294.0
2018-05-04 09:25:00.110,89155,94444,B,,20180504,670.98,92500110,100,67098.0
2018-05-04 09:25:00.110,73635,94444,B,,20180504,670.98,92500110,400,268392.0
2018-05-04 09:25:00.110,84884,94444,B,,20180504,670.98,92500110,100,67098.0
2018-05-04 09:25:00.110,76148,94444,B,,20180504,670.98,92500110,200,134196.0
2018-05-04 09:25:00.110,92686,94444,B,,20180504,670.98,92500110,500,335490.0
2018-05-04 09:25:00.110,86608,94444,B,,20180504,670.98,92500110,200,134196.0
2018-05-04 09:25:00.110,50429,94444,B,,20180504,670.98,92500110,100,67098.0
2018-05-04 09:25:00.110,71740,94444,B,,20180504,670.98,92500110,100,67098.0
2018-05-04 09:25:00.110,77779,94444,B,,20180504,670.98,92500110,340,228133.2
2018-05-04 09:25:00.110,77779,83891,B,,20180504,670.98,92500110,160,107356.8
2018-05-04 09:25:00.110,77902,83891,B,,20180504,670.98,92500110,40,26839.2
2018-05-04 09:25:00.110,77902,90954,B,,20180504,670.98,92500110,60,40258.8
2018-05-04 09:25:00.110,79339,90954,B,,20180504,670.98,92500110,100,67098.0
2018-05-04 09:25:00.110,82236,90954,B,,20180504,670.98,92500110,100,67098.0
2018-05-04 09:25:00.110,82841,90954,B,,20180504,670.98,92500110,100,67098.0
2018-05-04 09:25:00.110,84770,90954,B,,20180504,670.98,92500110,100,67098.0
2018-05-04 09:25:00.110,86028,90954,B,,20180504,670.98,92500110,40,26839.2
2018-05-04 09:25:00.110,86028,92183,B,,20180504,670.98,92500110,160,107356.8
2018-05-04 09:25:00.110,86080,92183,B,,20180504,670.98,92500110,100,67098.0
2018-05-04 09:25:00.110,87431,92183,B,,20180504,670.98,92500110,100,67098.0
2018-05-04 09:25:00.110,88071,92183,B,,20180504,670.98,92500110,154,103330.92
2018-05-04 09:25:00.110,94357,92183,S,,20180504,670.98,92500110,86,57704.28
2018-05-04 09:25:00.110,94357,67880,S,,20180504,670.98,92500110,200,134196.0
2018-05-04 09:25:00.110,94357,42504,S,,20180504,670.98,92500110,77,51665.46
2018-05-04 09:25:00.110,74234,42504,S,,20180504,670.98,92500110,23,15432.54
2018-05-04 09:25:00.110,74234,9295,S,,20180504,670.98,92500110,100,67098.0
2018-05-04 09:25:00.110,74234,19520,S,,20180504,670.98,92500110,77,51665.46
2018-05-04 09:25:00.110,52538,19520,S,,20180504,670.98,92500110,123,82530.54000000001
2018-05-04 09:25:00.110,52538,35290,S,,20180504,670.98,92500110,100,67098.0
2018-05-04 09:25:00.110,52538,63581,B,,20180504,670.98,92500110,100,67098.0
2018-05-04 09:25:00.110,52538,70430,B,,20180504,670.98,92500110,77,51665.46
2018-05-04 09:25:00.110,70913,70430,S,,20180504,670.98,92500110,23,15432.54
2018-05-04 09:25:00.110,70913,90361,B,,20180504,670.98,92500110,77,51665.46
2018-05-04 09:25:00.110,67032,90361,B,,20180504,670.98,92500110,223,149628.54
2018-05-04 09:25:00.110,67032,91458,B,,20180504,670.98,92500110,77,51665.46
2018-05-04 09:25:00.110,92885,91458,S,,20180504,670.98,92500110,100,67098.0
2018-05-04 09:25:00.110,68309,91458,B,,20180504,670.98,92500110,23,15432.54
2018-05-04 09:25:00.110,68309,94064,B,,20180504,670.98,92500110,177,118763.46
2018-05-04 09:25:00.110,89586,94064,B,,20180504,670.98,92500110,100,67098.0
2018-05-04 09:25:00.110,93282,94064,B,,20180504,670.98,92500110,300,201294.0
2018-05-04 09:25:00.110,94252,94064,S,,20180504,670.98,92500110,100,67098.0
2018-05-04 09:25:00.110,94569,94064,S,,20180504,670.98,92500110,100,67098.0
2018-05-04 09:25:00.110,94671,94064,S,,20180504,670.98,92500110,100,67098.0
2018-05-04 09:25:00.110,94691,94064,S,,20180504,670.98,92500110,100,67098.0
2018-05-04 09:25:00.110,7723,94064,B,,20180504,670.98,92500110,23,15432.54
2018-05-04 09:29:59.250,95032,95107,B,,20180504,670.97,92959250,100,67097.0
2018-05-04 09:29:59.330,7723,95389,B,,20180504,670.98,92959330,100,67098.0
2018-05-04 09:29:59.330,7723,95464,B,,20180504,670.98,92959330,77,51665.46
2018-05-04 09:29:59.360,5537,95653,B,,20180504,671.0,92959360,100,67100.0
2018-05-04 09:29:59.360,94358,95653,B,,20180504,671.22,92959360,155,104039.1
2018-05-04 09:29:59.360,35895,95653,B,,20180504,671.5,92959360,100,67150.0
2018-05-04 09:29:59.360,24798,95653,B,,20180504,671.67,92959360,100,67167.0
2018-05-04 09:29:59.360,90933,95653,B,,20180504,671.88,92959360,100,67188.0
2018-05-04 09:29:59.360,92237,95653,B,,20180504,671.88,92959360,300,201564.0
2018-05-04 09:29:59.360,86549,95653,B,,20180504,671.89,92959360,45,30235.05
2018-05-04 09:29:59.670,99148,96889,S,,20180504,671.0,92959670,100,67100.0
2018-05-04 09:29:59.710,99696,98079,S,,20180504,670.98,92959710,100,67098.0
2018-05-04 09:29:59.750,99699,99915,B,,20180504,671.0,92959750,100,67100.0
2018-05-04 09:29:59.750,95673,99915,B,,20180504,671.1,92959750,100,67110.0
2018-05-04 09:29:59.820,95673,100976,B,,20180504,671.1,92959820,100,67110.0
2018-05-04 09:29:59.950,95673,102520,B,,20180504,671.1,92959950,100,67110.0
2018-05-04 09:30:00.100,95673,104506,B,,20180504,671.1,93000100,500,335550.0
2018-05-04 09:30:00.100,104591,100639,S,,20180504,671.0,93000100,200,134200.0
2018-05-04 09:30:00.310,95673,107225,B,,20180504,671.1,93000310,100,67110.0
2018-05-04 09:30:00.420,108628,100639,S,,20180504,671.0,93000420,100,67100.0
2018-05-04 09:30:00.420,108628,103219,S,,20180504,671.0,93000420,200,134200.0
2018-05-04 09:30:00.460,109201,103219,S,,20180504,671.0,93000460,100,67100.0
2018-05-04 09:30:00.460,109233,103219,S,,20180504,671.0,93000460,100,67100.0
2018-05-04 09:30:00.650,110800,103219,S,,20180504,671.0,93000650,100,67100.0
2018-05-04 09:30:00.650,110959,103219,S,,20180504,671.0,93000650,100,67100.0
2018-05-04 09:30:00.990,95673,113218,B,,20180504,671.1,93000990,100,67110.0
2018-05-04 09:30:01.170,95673,115152,B,,20180504,671.1,93001170,300,201330.0
2018-05-04 09:30:01.270,116857,103219,S,,20180504,671.0,93001270,100,67100.0
2018-05-04 09:30:01.270,95673,117027,B,,20180504,671.1,93001270,100,67110.0
2018-05-04 09:30:01.280,117724,103219,S,,20180504,671.0,93001280,100,67100.0
2018-05-04 09:30:01.280,117834,103219,S,,20180504,671.0,93001280,300,201300.0
2018-05-04 09:30:01.390,118493,103219,S,,20180504,671.0,93001390,100,67100.0
2018-05-04 09:30:01.390,118581,103219,S,,20180504,671.0,93001390,100,67100.0
2018-05-04 09:30:01.390,118801,103219,S,,20180504,671.0,93001390,100,67100.0
2018-05-04 09:30:01.390,118839,103219,S,,20180504,671.0,93001390,100,67100.0
2018-05-04 09:30:01.450,119144,103219,S,,20180504,671.0,93001450,100,67100.0
2018-05-04 09:30:01.450,119145,103219,S,,20180504,671.0,93001450,18,12078.0
2018-05-04 09:30:01.450,95673,119213,B,,20180504,671.1,93001450,700,469770.0
2018-05-04 09:30:01.450,95673,119310,B,,20180504,671.1,93001450,100,67110.0
2018-05-04 09:30:01.450,95673,119311,B,,20180504,671.1,93001450,100,67110.0
2018-05-04 09:30:01.450,95673,119327,B,,20180504,671.1,93001450,100,67110.0
2018-05-04 09:30:01.450,119712,103219,S,,20180504,671.0,93001450,100,67100.0
2018-05-04 09:30:01.450,95673,119923,B,,20180504,671.1,93001450,100,67110.0
2018-05-04 09:30:01.560,95673,121219,B,,20180504,671.1,93001560,200,134220.0
2018-05-04 09:30:01.560,95673,122425,B,,20180504,671.1,93001560,300,201330.0
2018-05-04 09:30:01.680,122770,122425,S,,20180504,671.3,93001680,100,67130.0
2018-05-04 09:30:01.790,124912,121437,S,,20180504,671.01,93001790,200,134202.0
2018-05-04 09:30:01.970,127538,121437,S,,20180504,671.01,93001970,100,67101.0
2018-05-04 09:30:02.080,128428,121437,S,,20180504,671.01,93002080,100,67101.0
2018-05-04 09:30:02.530,132610,132244,S,,20180504,671.22,93002530,100,67122.0
2018-05-04 09:30:02.770,133797,132244,S,,20180504,671.22,93002770,100,67122.0
2018-05-04 09:30:02.770,133798,129502,S,,20180504,671.11,93002770,100,67111.0
2018-05-04 09:30:02.800,134031,130560,S,,20180504,671.09,93002800,200,134218.0
2018-05-04 09:30:02.920,133800,134521,B,,20180504,671.1,93002920,100,67110.0
2018-05-04 09:30:03.370,135680,121437,S,,20180504,671.01,93003370,100,67101.0
2018-05-04 09:30:03.490,136043,121437,S,,20180504,671.01,93003490,100,67101.0
2018-05-04 09:30:03.490,136043,103219,S,,20180504,671.0,93003490,282,189222.0
2018-05-04 09:30:03.490,136043,109654,S,,20180504,671.0,93003490,100,67100.0
2018-05-04 09:30:03.490,136043,110261,S,,20180504,671.0,93003490,18,12078.0
2018-05-04 09:30:03.680,133801,136365,B,,20180504,671.1,93003680,100,67110.0
2018-05-04 09:30:03.680,133803,136365,B,,20180504,671.1,93003680,100,67110.0
2018-05-04 09:30:03.680,134035,136365,B,,20180504,671.1,93003680,100,67110.0
2018-05-04 09:30:03.880,134035,136672,B,,20180504,671.1,93003880,100,67110.0
2018-05-04 09:30:03.880,134036,136672,B,,20180504,671.1,93003880,100,67110.0
2018-05-04 09:30:03.880,134037,136672,B,,20180504,671.1,93003880,100,67110.0
2018-05-04 09:30:03.880,134038,136672,B,,20180504,671.1,93003880,100,67110.0
2018-05-04 09:30:04.100,137050,136792,S,,20180504,671.01,93004100,100,67101.0
2018-05-04 09:30:04.230,137150,136792,S,,20180504,671.01,93004230,100,67101.0
2018-05-04 09:30:04.230,137150,110261,S,,20180504,671.0,93004230,82,55022.0
2018-05-04 09:30:04.230,137150,112446,S,,20180504,671.0,93004230,100,67100.0
2018-05-04 09:30:04.230,137150,115438,S,,20180504,671.0,93004230,218,146278.0
2018-05-04 09:30:06.690,139235,139005,S,,20180504,671.01,93006690,11,7381.11
2018-05-04 09:30:06.690,139236,139005,S,,20180504,671.01,93006690,89,59719.89
2018-05-04 09:30:06.690,139236,139054,S,,20180504,671.01,93006690,9,6039.09
2018-05-04 09:30:06.690,139237,139054,S,,20180504,671.01,93006690,10,6710.1
2018-05-04 09:30:06.690,126232,139238,B,,20180504,671.5,93006690,200,134300.0
2018-05-04 09:30:06.690,126232,139239,B,,20180504,671.5,93006690,800,537200.0
2018-05-04 09:30:07.110,139406,139054,S,,20180504,671.01,93007110,100,67101.0
2018-05-04 09:30:07.860,126232,139660,B,,20180504,671.5,93007860,400,268600.0
2018-05-04 09:30:09.840,140190,139567,S,,20180504,671.1,93009840,100,67110.0
2018-05-04 09:30:09.840,126232,140191,B,,20180504,671.5,93009840,100,67150.0
2018-05-04 09:30:10.100,140281,140167,S,,20180504,671.1,93010100,100,67110.0
2018-05-04 09:30:11.050,126232,140550,B,,20180504,671.5,93011050,500,335750.0
2018-05-04 09:30:12.230,140892,140167,S,,20180504,671.1,93012230,100,67110.0
2018-05-04 09:30:12.730,141032,140558,S,,20180504,671.1,93012730,100,67110.0
2018-05-04 09:30:12.730,141032,140861,S,,20180504,671.1,93012730,346,232200.6
2018-05-04 09:30:12.730,140734,141033,B,,20180504,671.49,93012730,100,67149.0
2018-05-04 09:30:12.730,140903,141033,B,,20180504,671.49,93012730,100,67149.0
2018-05-04 09:30:12.990,141120,140861,S,,20180504,671.1,93012990,100,67110.0
2018-05-04 09:30:13.980,140903,141412,B,,20180504,671.49,93013980,400,268596.0
2018-05-04 09:30:13.980,141114,141412,B,,20180504,671.49,93013980,600,402894.0
2018-05-04 09:30:13.980,141115,141412,B,,20180504,671.5,93013980,1400,940100.0
2018-05-04 09:30:14.270,141496,141412,S,,20180504,671.5,93014270,100,67150.0
2018-05-04 09:30:14.430,141538,141412,S,,20180504,671.5,93014430,600,402900.0
2018-05-04 09:30:14.480,141552,141412,S,,20180504,671.5,93014480,100,67150.0
2018-05-04 09:30:14.750,141625,141412,S,,20180504,671.5,93014750,300,201450.0
2018-05-04 09:30:14.800,141636,141412,S,,20180504,671.5,93014800,100,67150.0
2018-05-04 09:30:14.850,141646,141412,S,,20180504,671.5,93014850,600,402900.0
2018-05-04 09:30:14.990,141684,141412,S,,20180504,671.5,93014990,200,134300.0
2018-05-04 09:30:15.300,141766,141412,S,,20180504,671.5,93015300,600,402900.0
2018-05-04 09:30:15.650,137313,141879,B,,20180504,671.63,93015650,100,67163.0
2018-05-04 09:30:15.730,141922,141879,S,,20180504,671.63,93015730,100,67163.0
2018-05-04 09:30:15.730,105315,141923,B,,20180504,671.67,93015730,100,67167.0
2018-05-04 09:30:15.730,119593,141923,B,,20180504,671.67,93015730,100,67167.0
2018-05-04 09:30:15.730,117674,141924,B,,20180504,671.7,93015730,100,67170.0
2018-05-04 09:30:16.000,142044,141412,S,,20180504,671.5,93016000,200,134300.0
2018-05-04 09:30:16.400,142168,141412,S,,20180504,671.5,93016400,100,67150.0
2018-05-04 09:30:16.980,142335,141412,S,,20180504,671.5,93016980,146,98039.0
2018-05-04 09:30:18.740,141925,142916,B,,20180504,671.63,93018740,100,67163.0
2018-05-04 09:30:18.740,142580,142917,B,,20180504,671.63,93018740,100,67163.0
2018-05-04 09:30:18.740,142635,142917,B,,20180504,671.63,93018740,100,67163.0
2018-05-04 09:30:18.740,117674,142917,B,,20180504,671.7,93018740,200,134340.0
2018-05-04 09:30:18.740,142055,142917,B,,20180504,671.7,93018740,200,134340.0
2018-05-04 09:30:19.240,143103,143009,S,,20180504,671.66,93019240,300,201498.0
2018-05-04 09:30:19.600,143213,143009,S,,20180504,671.66,93019600,100,67166.0
2018-05-04 09:30:19.600,143213,143059,S,,20180504,671.63,93019600,200,134326.0
2018-05-04 09:30:20.030,143337,143059,S,,20180504,671.63,93020030,100,67163.0
2018-05-04 09:30:20.200,143337,143385,B,,20180504,671.63,93020200,200,134326.0
2018-05-04 09:30:20.250,143398,143385,S,,20180504,671.63,93020250,100,67163.0
2018-05-04 09:30:20.250,143398,142878,S,,20180504,671.51,93020250,400,268604.0
2018-05-04 09:30:20.520,143488,143460,S,,20180504,671.63,93020520,100,67163.0
2018-05-04 09:30:20.910,143488,143592,B,,20180504,671.63,93020910,100,67163.0
2018-05-04 09:30:21.220,143488,143670,B,,20180504,671.63,93021220,100,67163.0
2018-05-04 09:30:21.720,143788,143853,B,,20180504,671.62,93021720,100,67162.0
2018-05-04 09:30:21.720,143809,143853,B,,20180504,671.63,93021720,100,67163.0
2018-05-04 09:30:22.130,142055,144010,B,,20180504,671.7,93022130,100,67170.0
2018-05-04 09:30:22.220,144043,143983,S,,20180504,671.63,93022220,100,67163.0
2018-05-04 09:30:22.580,144088,144158,B,,20180504,671.7,93022580,100,67170.0
2018-05-04 09:30:22.970,144279,143823,S,,20180504,671.57,93022970,34,22833.38
2018-05-04 09:30:23.610,144472,143823,S,,20180504,671.57,93023610,100,67157.0
2018-05-04 09:30:24.720,144826,143823,S,,20180504,671.57,93024720,496,333098.72000000003
2018-05-04 09:30:25.600,144280,145145,B,,20180504,671.7,93025600,100,67170.0
2018-05-04 09:30:27.010,144309,145633,B,,20180504,671.7,93027010,100,67170.0
2018-05-04 09:30:27.010,145547,145633,B,,20180504,671.7,93027010,100,67170.0
2018-05-04 09:30:27.010,113490,145633,B,,20180504,671.85,93027010,300,201555.0
2018-05-04 09:30:27.010,138876,145633,B,,20180504,671.88,93027010,300,201564.0
2018-05-04 09:30:27.010,86549,145633,B,,20180504,671.89,93027010,100,67189.0
2018-05-04 09:30:27.360,145752,145646,S,,20180504,671.63,93027360,100,67163.0
2018-05-04 09:30:27.830,145788,145936,B,,20180504,671.7,93027830,200,134340.0
2018-05-04 09:30:28.620,146236,146192,S,,20180504,671.8,93028620,100,67180.0
2018-05-04 09:30:29.840,146696,146192,S,,20180504,671.8,93029840,100,67180.0
2018-05-04 09:30:29.840,146696,145859,S,,20180504,671.64,93029840,200,134328.0
2018-05-04 09:30:30.010,146750,145859,S,,20180504,671.64,93030010,100,67164.0
2018-05-04 09:30:30.240,146858,145646,S,,20180504,671.63,93030240,100,67163.0
2018-05-04 09:30:31.340,86549,147290,B,,20180504,671.89,93031340,855,574465.95
2018-05-04 09:30:31.340,146013,147290,B,,20180504,671.89,93031340,200,134378.0
2018-05-04 09:30:31.340,146065,147290,B,,20180504,671.89,93031340,600,403134.0
2018-05-04 09:30:31.340,146453,147290,B,,20180504,671.89,93031340,200,134378.0
2018-05-04 09:30:31.340,146454,147290,B,,20180504,671.89,93031340,100,67189.0
2018-05-04 09:30:31.340,147114,147290,B,,20180504,671.89,93031340,400,268756.0
2018-05-04 09:30:31.710,147418,147290,S,,20180504,671.92,93031710,245,164620.4
2018-05-04 09:30:32.960,147418,147827,B,,20180504,671.89,93032960,100,67189.0
2018-05-04 09:30:32.960,147829,146916,S,,20180504,671.7,93032960,22,14777.400000000001
2018-05-04 09:30:33.580,148071,147892,S,,20180504,671.79,93033580,100,67179.0
2018-05-04 09:30:33.600,147418,148086,B,,20180504,671.89,93033600,100,67189.0
2018-05-04 09:30:34.570,148478,147892,S,,20180504,671.79,93034570,100,67179.0
2018-05-04 09:30:35.510,147418,148842,B,,20180504,671.89,93035510,200,134378.0
2018-05-04 09:30:36.770,147418,149350,B,,20180504,671.89,93036770,1200,806268.0
2018-05-04 09:30:36.770,147418,149351,B,,20180504,671.89,93036770,55,36953.95
2018-05-04 09:30:37.420,149623,149351,S,,20180504,671.89,93037420,100,67189.0
2018-05-04 09:30:38.890,145075,150215,B,,20180504,671.97,93038890,100,67197.0
2018-05-04 09:30:38.890,87728,150215,B,,20180504,672.0,93038890,100,67200.0
2018-05-04 09:30:38.890,90324,150215,B,,20180504,672.0,93038890,100,67200.0
2018-05-04 09:30:39.700,150539,150525,S,,20180504,672.01,93039700,487,327268.87
2018-05-04 09:30:39.950,150678,150525,S,,20180504,672.01,93039950,1,672.01
2018-05-04 09:30:41.590,151345,150525,S,,20180504,672.01,93041590,100,67201.0
2018-05-04 09:30:41.830,151422,150525,S,,20180504,672.01,93041830,100,67201.0
2018-05-04 09:30:42.540,151695,150525,S,,20180504,672.01,93042540,100,67201.0
2018-05-04 09:30:43.110,151954,150525,S,,20180504,672.01,93043110,612,411270.12
2018-05-04 09:30:43.110,151954,151724,S,,20180504,672.01,93043110,500,336005.0
2018-05-04 09:30:43.110,151954,150215,S,,20180504,672.0,93043110,700,470400.0
2018-05-04 09:30:43.110,151954,150832,S,,20180504,672.0,93043110,188,126336.0
2018-05-04 09:30:43.880,152231,150832,S,,20180504,672.0,93043880,12,8064.0
2018-05-04 09:30:43.880,152231,151320,S,,20180504,672.0,93043880,588,395136.0
2018-05-04 09:30:43.970,152279,151320,S,,20180504,672.0,93043970,100,67200.0
2018-05-04 09:30:44.010,152292,151320,S,,20180504,672.0,93044010,12,8064.0
2018-05-04 09:30:44.010,152292,151554,S,,20180504,672.0,93044010,100,67200.0
2018-05-04 09:30:44.010,152292,151555,S,,20180504,672.0,93044010,100,67200.0
2018-05-04 09:30:44.010,152292,151556,S,,20180504,672.0,93044010,388,260736.0
2018-05-04 09:30:44.180,119598,152349,B,,20180504,672.42,93044180,100,67242.0
2018-05-04 09:30:44.180,150538,152349,B,,20180504,672.42,93044180,100,67242.0
2018-05-04 09:30:44.180,151404,152349,B,,20180504,672.42,93044180,100,67242.0
2018-05-04 09:30:44.480,136892,152489,B,,20180504,672.43,93044480,100,67243.0
2018-05-04 09:30:44.570,152529,152349,S,,20180504,672.42,93044570,100,67242.0
2018-05-04 09:30:44.640,152563,152349,S,,20180504,672.42,93044640,300,201726.0
2018-05-04 09:30:44.800,152638,152349,S,,20180504,672.42,93044800,300,201726.0
2018-05-04 09:30:45.120,152771,152349,S,,20180504,672.42,93045120,300,201726.0
2018-05-04 09:30:45.270,152825,152349,S,,20180504,672.42,93045270,100,67242.0
2018-05-04 09:30:45.430,127076,152904,B,,20180504,672.89,93045430,100,67289.0
2018-05-04 09:30:45.430,97709,152904,B,,20180504,672.99,93045430,100,67299.0
2018-05-04 09:30:45.430,14665,152904,B,,20180504,673.0,93045430,100,67300.0
2018-05-04 09:30:45.430,107983,152904,B,,20180504,673.0,93045430,100,67300.0
2018-05-04 09:30:45.430,109868,152904,B,,20180504,673.0,93045430,100,67300.0
2018-05-04 09:30:45.430,113998,152904,B,,20180504,673.0,93045430,200,134600.0
2018-05-04 09:30:47.130,153624,152985,S,,20180504,672.22,93047130,600,403332.0
2018-05-04 09:30:47.560,153243,153805,B,,20180504,672.41,93047560,100,67241.0
2018-05-04 09:30:47.770,153886,152985,S,,20180504,672.22,93047770,100,67222.0
2018-05-04 09:30:47.800,153898,152985,S,,20180504,672.22,93047800,600,403332.0
2018-05-04 09:30:47.800,153898,152493,S,,20180504,672.21,93047800,100,67221.0
2018-05-04 09:30:47.800,153901,152493,S,,20180504,672.21,93047800,100,67221.0
2018-05-04 09:30:47.950,153963,152493,S,,20180504,672.21,93047950,546,367026.66000000003
2018-05-04 09:30:48.400,154160,152493,S,,20180504,672.21,93048400,354,237962.34000000003
2018-05-04 09:30:48.400,154160,153876,S,,20180504,672.21,93048400,600,403326.0
2018-05-04 09:30:48.400,154160,153962,S,,20180504,672.21,93048400,46,30921.660000000003
2018-05-04 09:30:48.560,153292,154241,B,,20180504,672.89,93048560,100,67289.0
2018-05-04 09:30:49.250,153577,154547,B,,20180504,672.89,93049250,100,67289.0
2018-05-04 09:30:49.940,154832,154801,S,,20180504,672.92,93049940,100,67292.0
2018-05-04 09:30:49.990,154856,154568,S,,20180504,672.42,93049990,7,4706.94
2018-05-04 09:30:50.610,155106,154568,S,,20180504,672.42,93050610,93,62535.06
2018-05-04 09:30:50.610,155107,154266,S,,20180504,672.22,93050610,100,67222.0
2018-05-04 09:30:51.350,155106,155395,B,,20180504,672.37,93051350,300,201711.0
2018-05-04 09:30:51.600,155106,155491,B,,20180504,672.37,93051600,7,4706.59
2018-05-04 09:30:52.100,113998,155746,B,,20180504,673.0,93052100,100,67300.0
2018-05-04 09:30:52.600,155929,155491,S,,20180504,672.92,93052600,93,62581.56
2018-05-04 09:30:52.990,156073,156074,B,,20180504,672.37,93052990,100,67237.0
2018-05-04 09:30:53.220,156151,154266,S,,20180504,672.22,93053220,249,167382.78
2018-05-04 09:30:53.750,156130,156368,B,,20180504,672.37,93053750,100,67237.0
2018-05-04 09:30:54.520,156683,156647,S,,20180504,672.45,93054520,100,67245.0
2018-05-04 09:30:54.610,156041,156740,B,,20180504,672.6,93054610,100,67260.0
2018-05-04 09:30:54.740,156802,156749,S,,20180504,672.6,93054740,100,67260.0
2018-05-04 09:30:54.740,156803,156749,S,,20180504,672.6,93054740,100,67260.0
2018-05-04 09:30:55.300,157051,156749,S,,20180504,672.6,93055300,100,67260.0
2018-05-04 09:30:55.740,157226,156749,S,,20180504,672.6,93055740,100,67260.0
2018-05-04 09:30:56.180,157386,156749,S,,20180504,672.6,93056180,100,67260.0
2018-05-04 09:30:56.270,157424,156856,S,,20180504,672.6,93056270,100,67260.0
2018-05-04 09:30:56.270,155929,157425,B,,20180504,672.8,93056270,100,67280.0
2018-05-04 09:30:56.490,155929,157492,B,,20180504,672.8,93056490,807,542949.6
2018-05-04 09:30:56.490,156909,157492,B,,20180504,672.8,93056490,300,201840.0
2018-05-04 09:30:56.490,156564,157492,B,,20180504,672.89,93056490,100,67289.0
2018-05-04 09:30:56.490,149294,157492,B,,20180504,673.0,93056490,100,67300.0
2018-05-04 09:30:56.560,157519,157492,S,,20180504,673.0,93056560,100,67300.0
2018-05-04 09:30:56.680,157582,157492,S,,20180504,673.0,93056680,100,67300.0
2018-05-04 09:30:56.910,157668,157492,S,,20180504,673.0,93056910,100,67300.0
2018-05-04 09:30:56.910,157669,157492,S,,20180504,673.0,93056910,100,67300.0
2018-05-04 09:30:57.300,157789,157492,S,,20180504,673.0,93057300,100,67300.0
2018-05-04 09:30:57.360,157803,157492,S,,20180504,673.0,93057360,100,67300.0
2018-05-04 09:30:57.630,27136,157896,B,,20180504,673.49,93057630,200,134698.0
2018-05-04 09:30:57.840,7950,158029,B,,20180504,673.88,93057840,100,67388.0
2018-05-04 09:30:57.900,158058,157896,S,,20180504,673.49,93057900,100,67349.0
2018-05-04 09:30:57.900,158061,157896,S,,20180504,673.49,93057900,100,67349.0
2018-05-04 09:30:58.280,158200,157896,S,,20180504,673.49,93058280,200,134698.0
2018-05-04 09:30:59.860,158848,157492,S,,20180504,673.0,93059860,200,134600.0
2018-05-04 09:31:00.390,159067,157492,S,,20180504,673.0,93100390,800,538400.0
2018-05-04 09:31:00.590,158669,159149,B,,20180504,673.49,93100590,100,67349.0
2018-05-04 09:31:00.730,159216,159150,S,,20180504,673.5,93100730,100,67350.0
2018-05-04 09:31:00.730,159217,159149,S,,20180504,673.49,93100730,100,67349.0
2018-05-04 09:31:01.320,159509,159267,S,,20180504,673.51,93101320,100,67351.0
2018-05-04 09:31:01.320,159509,159250,S,,20180504,673.5,93101320,100,67350.0
2018-05-04 09:31:01.980,159777,159149,S,,20180504,673.49,93101980,300,202047.0
2018-05-04 09:31:01.980,159777,159312,S,,20180504,673.49,93101980,2,1346.98
2018-05-04 09:31:02.090,159831,159312,S,,20180504,673.49,93102090,98,66002.02
2018-05-04 09:31:02.090,159831,157492,S,,20180504,673.0,93102090,2,1346.0
2018-05-04 09:31:02.230,159877,157492,S,,20180504,673.0,93102230,100,67300.0
2018-05-04 09:31:02.590,160040,159895,S,,20180504,673.54,93102590,100,67354.0
2018-05-04 09:31:03.300,67492,160368,B,,20180504,673.88,93103300,300,202164.0
2018-05-04 09:31:04.790,161034,160477,S,,20180504,673.09,93104790,100,67309.0
2018-05-04 09:31:06.270,161195,161692,B,,20180504,673.78,93106270,100,67378.0
2018-05-04 09:31:06.270,67492,161692,B,,20180504,673.88,93106270,100,67388.0
2018-05-04 09:31:06.630,161849,160071,S,,20180504,673.06,93106630,100,67306.0
2018-05-04 09:31:06.630,161718,161854,B,,20180504,673.77,93106630,100,67377.0
2018-05-04 09:31:06.940,162069,161854,S,,20180504,673.77,93106940,100,67377.0
2018-05-04 09:31:06.960,162073,161975,S,,20180504,673.49,93106960,100,67349.0
2018-05-04 09:31:06.960,162073,161509,S,,20180504,673.06,93106960,100,67306.0
2018-05-04 09:31:06.960,162088,161509,S,,20180504,673.06,93106960,100,67306.0
2018-05-04 09:31:06.960,162088,161624,S,,20180504,673.06,93106960,100,67306.0
2018-05-04 09:31:06.960,161900,162095,B,,20180504,673.8,93106960,100,67380.0
2018-05-04 09:31:07.220,162106,162209,B,,20180504,673.49,93107220,100,67349.0
2018-05-04 09:31:07.610,67492,162387,B,,20180504,673.88,93107610,100,67388.0
2018-05-04 09:31:07.610,71263,162387,B,,20180504,673.88,93107610,200,134776.0
2018-05-04 09:31:07.750,162421,162468,B,,20180504,673.8,93107750,300,202140.0
2018-05-04 09:31:07.750,100883,162468,B,,20180504,673.88,93107750,100,67388.0
2018-05-04 09:31:07.960,162591,162468,S,,20180504,673.88,93107960,100,67388.0
2018-05-04 09:31:07.960,162592,162468,S,,20180504,673.88,93107960,50,33694.0
2018-05-04 09:31:08.090,159280,162669,B,,20180504,673.99,93108090,100,67399.0
2018-05-04 09:31:08.290,27386,162787,B,,20180504,674.0,93108290,500,337000.0
2018-05-04 09:31:08.290,110671,162787,B,,20180504,674.0,93108290,100,67400.0
2018-05-04 09:31:08.290,148526,162787,B,,20180504,674.0,93108290,100,67400.0
2018-05-04 09:31:08.290,129922,162787,B,,20180504,674.03,93108290,800,539224.0
2018-05-04 09:31:08.830,163030,162468,S,,20180504,673.88,93108830,100,67388.0
2018-05-04 09:31:08.960,163097,162468,S,,20180504,673.88,93108960,100,67388.0
2018-05-04 09:31:09.020,163113,162468,S,,20180504,673.88,93109020,100,67388.0
2018-05-04 09:31:09.400,163259,162468,S,,20180504,673.88,93109400,150,101082.0
2018-05-04 09:31:09.400,163259,162835,S,,20180504,673.88,93109400,250,168470.0
2018-05-04 09:31:09.760,163462,162835,S,,20180504,673.88,93109760,88,59301.44
2018-05-04 09:31:09.810,163488,162835,S,,20180504,673.88,93109810,162,109168.56
2018-05-04 09:31:09.810,163488,163198,S,,20180504,673.88,93109810,100,67388.0
2018-05-04 09:31:09.810,163488,162596,S,,20180504,673.78,93109810,38,25603.64
2018-05-04 09:31:10.300,163751,162596,S,,20180504,673.78,93110300,100,67378.0
2018-05-04 09:31:10.320,163015,163759,B,,20180504,674.0,93110320,100,67400.0
2018-05-04 09:31:10.320,163461,163759,B,,20180504,674.0,93110320,100,67400.0
2018-05-04 09:31:10.320,163463,163759,B,,20180504,674.0,93110320,100,67400.0
2018-05-04 09:31:10.320,163571,163759,B,,20180504,674.0,93110320,100,67400.0
2018-05-04 09:31:10.320,129922,163759,B,,20180504,674.03,93110320,200,134806.0
2018-05-04 09:31:10.730,163999,163759,S,,20180504,674.03,93110730,100,67403.0
2018-05-04 09:31:10.800,164046,163759,S,,20180504,674.03,93110800,100,67403.0
2018-05-04 09:31:11.380,164241,164319,B,,20180504,673.8,93111380,100,67380.0
2018-05-04 09:31:11.830,164167,164532,B,,20180504,674.0,93111830,100,67400.0
2018-05-04 09:31:12.380,164762,164532,S,,20180504,674.0,93112380,100,67400.0
2018-05-04 09:31:12.760,164989,164532,S,,20180504,674.0,93112760,200,134800.0
2018-05-04 09:31:12.760,30151,164997,B,,20180504,674.08,93112760,300,202224.0
2018-05-04 09:31:12.880,51480,165065,B,,20180504,674.1,93112880,100,67410.0
2018-05-04 09:31:13.130,165203,164532,S,,20180504,674.0,93113130,400,269600.0
2018-05-04 09:31:13.130,165203,164636,S,,20180504,673.94,93113130,100,67394.0
2018-05-04 09:31:13.660,165442,164636,S,,20180504,673.94,93113660,100,67394.0
2018-05-04 09:31:13.940,165463,165578,B,,20180504,673.99,93113940,100,67399.0
2018-05-04 09:31:14.190,165717,164391,S,,20180504,673.88,93114190,100,67388.0
2018-05-04 09:31:14.580,165869,162886,S,,20180504,673.07,93114580,100,67307.0
2018-05-04 09:31:15.350,166212,165951,S,,20180504,674.0,93115350,100,67400.0
2018-05-04 09:31:15.350,166214,165951,S,,20180504,674.0,93115350,100,67400.0
2018-05-04 09:31:15.490,165950,166262,B,,20180504,674.08,93115490,200,134816.0
2018-05-04 09:31:15.560,166292,165951,S,,20180504,674.0,93115560,100,67400.0
2018-05-04 09:31:15.560,166292,165985,S,,20180504,674.0,93115560,100,67400.0
2018-05-04 09:31:15.640,166292,166315,B,,20180504,674.0,93115640,300,202200.0
2018-05-04 09:31:15.640,166141,166331,B,,20180504,674.08,93115640,100,67408.0
2018-05-04 09:31:15.640,87639,166331,B,,20180504,674.43,93115640,100,67443.0
2018-05-04 09:31:15.640,108025,166331,B,,20180504,674.5,93115640,100,67450.0
2018-05-04 09:31:15.640,49872,166331,B,,20180504,674.58,93115640,200,134916.0
2018-05-04 09:31:15.640,36605,166331,B,,20180504,674.75,93115640,300,202425.0
2018-05-04 09:31:15.760,166371,166383,B,,20180504,673.88,93115760,300,202164.0
2018-05-04 09:31:15.760,166368,166383,B,,20180504,673.99,93115760,200,134798.0
2018-05-04 09:31:15.830,166369,166424,B,,20180504,674.08,93115830,100,67408.0
2018-05-04 09:31:16.420,166751,166424,S,,20180504,674.08,93116420,100,67408.0
2018-05-04 09:31:17.810,167418,166424,S,,20180504,674.08,93117810,100,67408.0
2018-05-04 09:31:18.630,167421,167834,B,,20180504,674.19,93118630,100,67419.0
2018-05-04 09:31:18.650,167840,167682,S,,20180504,674.08,93118650,100,67408.0
2018-05-04 09:31:18.750,167888,167932,B,,20180504,674.19,93118750,100,67419.0
2018-05-04 09:31:19.150,168124,167964,S,,20180504,674.19,93119150,100,67419.0
2018-05-04 09:31:19.460,167420,168287,B,,20180504,674.3,93119460,100,67430.0
2018-05-04 09:31:19.460,64745,168287,B,,20180504,674.8,93119460,100,67480.0
2018-05-04 09:31:19.460,118921,168287,B,,20180504,674.8,93119460,100,67480.0
2018-05-04 09:31:19.460,27767,168287,B,,20180504,674.83,93119460,100,67483.0
2018-05-04 09:31:19.690,168343,168430,B,,20180504,674.19,93119690,100,67419.0
2018-05-04 09:31:20.520,168817,166383,S,,20180504,674.0,93120520,100,67400.0
2018-05-04 09:31:20.660,168867,166383,S,,20180504,674.0,93120660,800,539200.0
2018-05-04 09:31:20.660,168867,166770,S,,20180504,674.0,93120660,200,134800.0
2018-05-04 09:31:20.740,168904,167059,S,,20180504,674.0,93120740,100,67400.0
2018-05-04 09:31:20.810,168934,168908,S,,20180504,674.08,93120810,100,67408.0
2018-05-04 09:31:21.090,169039,168908,S,,20180504,674.08,93121090,100,67408.0
2018-05-04 09:31:21.770,169357,168908,S,,20180504,674.08,93121770,100,67408.0
2018-05-04 09:31:21.770,169357,167995,S,,20180504,674.0,93121770,100,67400.0
2018-05-04 09:31:21.770,169357,168030,S,,20180504,674.0,93121770,100,67400.0
2018-05-04 09:31:22.450,169671,169288,S,,20180504,673.88,93122450,100,67388.0
2018-05-04 09:31:23.500,169791,170110,B,,20180504,673.4,93123500,100,67340.0
2018-05-04 09:31:23.500,169357,170110,B,,20180504,673.95,93123500,100,67395.0
2018-05-04 09:31:24.680,170663,170233,S,,20180504,673.88,93124680,100,67388.0
2018-05-04 09:31:24.760,169357,170698,B,,20180504,673.95,93124760,200,134790.0
2018-05-04 09:31:24.760,169494,170698,B,,20180504,673.95,93124760,600,404370.0
2018-05-04 09:31:25.950,170664,171238,B,,20180504,673.95,93125950,100,67395.0
2018-05-04 09:31:26.940,170664,171680,B,,20180504,673.95,93126940,100,67395.0
2018-05-04 09:31:27.730,171283,172154,B,,20180504,673.95,93127730,100,67395.0
2018-05-04 09:31:27.760,172164,171619,S,,20180504,673.49,93127760,64,43103.36
2018-05-04 09:31:27.810,171700,172210,B,,20180504,673.95,93127810,100,67395.0
2018-05-04 09:31:27.810,172163,172210,B,,20180504,673.95,93127810,100,67395.0
2018-05-04 09:31:28.390,172163,172502,B,,20180504,673.95,93128390,100,67395.0
2018-05-04 09:31:28.390,170273,172502,B,,20180504,673.99,93128390,100,67399.0
2018-05-04 09:31:30.650,173602,171619,S,,20180504,673.49,93130650,36,24245.64
2018-05-04 09:31:30.650,173602,172935,S,,20180504,673.49,93130650,300,202047.0
2018-05-04 09:31:30.650,173602,173543,S,,20180504,673.49,93130650,64,43103.36
2018-05-04 09:31:30.850,173352,173772,B,,20180504,673.83,93130850,300,202149.0
2018-05-04 09:31:31.310,173352,173980,B,,20180504,673.83,93131310,100,67383.0
2018-05-04 09:31:31.310,173377,173980,B,,20180504,673.88,93131310,200,134776.0
2018-05-04 09:31:32.470,174501,173543,S,,20180504,673.49,93132470,36,24245.64
2018-05-04 09:31:32.470,174501,173746,S,,20180504,673.49,93132470,100,67349.0
2018-05-04 09:31:32.470,174501,174503,B,,20180504,673.49,93132470,64,43103.36
2018-05-04 09:31:32.470,173377,174503,B,,20180504,673.88,93132470,36,24259.68
2018-05-04 09:31:32.850,173377,174676,B,,20180504,673.88,93132850,100,67388.0
2018-05-04 09:31:32.970,173377,174741,B,,20180504,673.88,93132970,64,43128.32
2018-05-04 09:31:32.970,173454,174741,B,,20180504,673.88,93132970,100,67388.0
2018-05-04 09:31:32.970,173665,174741,B,,20180504,673.88,93132970,136,91647.68
2018-05-04 09:31:33.750,175082,161882,S,,20180504,673.0,93133750,100,67300.0
2018-05-04 09:31:33.750,175082,163628,S,,20180504,673.0,93133750,100,67300.0
2018-05-04 09:31:33.750,175082,167523,S,,20180504,673.0,93133750,58,39034.0
2018-05-04 09:31:33.750,175084,167523,S,,20180504,673.0,93133750,42,28266.0
2018-05-04 09:31:33.750,175084,161807,S,,20180504,672.8,93133750,100,67280.0
2018-05-04 09:31:33.750,175084,156647,S,,20180504,672.45,93133750,100,67245.0
2018-05-04 09:31:33.750,175084,156625,S,,20180504,672.42,93133750,100,67242.0
2018-05-04 09:31:33.750,175084,158563,S,,20180504,672.42,93133750,200,134484.0
2018-05-04 09:31:33.750,175084,156368,S,,20180504,672.37,93133750,100,67237.0
2018-05-04 09:31:33.890,173665,175171,B,,20180504,673.88,93133890,64,43128.32
2018-05-04 09:31:33.890,173825,175171,B,,20180504,673.88,93133890,100,67388.0
2018-05-04 09:31:33.890,175015,175171,B,,20180504,673.88,93133890,100,67388.0
2018-05-04 09:31:33.890,175083,175171,B,,20180504,673.88,93133890,36,24259.68
2018-05-04 09:31:34.360,175083,175397,B,,20180504,673.88,93134360,64,43128.32
2018-05-04 09:31:34.360,172989,175397,B,,20180504,673.94,93134360,36,24261.840000000004
2018-05-04 09:31:34.600,172989,175522,B,,20180504,673.94,93134600,200,134788.0
2018-05-04 09:31:36.820,175640,176501,B,,20180504,673.49,93136820,100,67349.0
2018-05-04 09:31:37.100,176658,176432,S,,20180504,672.23,93137100,100,67223.0
2018-05-04 09:31:37.100,176658,157997,S,,20180504,672.2,93137100,300,201660.0
2018-05-04 09:31:37.100,176658,154057,S,,20180504,671.89,93137100,200,134378.0
2018-05-04 09:31:37.180,176364,176684,B,,20180504,673.49,93137180,100,67349.0
2018-05-04 09:31:37.270,176696,176739,B,,20180504,673.0,93137270,100,67300.0
2018-05-04 09:31:38.310,176364,177168,B,,20180504,673.49,93138310,100,67349.0
2018-05-04 09:31:39.810,177889,176775,S,,20180504,672.23,93139810,100,67223.0
2018-05-04 09:31:39.860,177908,176969,S,,20180504,672.23,93139860,100,67223.0
2018-05-04 09:31:40.150,177236,178077,B,,20180504,673.0,93140150,100,67300.0
2018-05-04 09:31:40.150,177423,178077,B,,20180504,673.0,93140150,1000,673000.0
2018-05-04 09:31:41.770,178673,178768,B,,20180504,672.17,93141770,300,201651.0
2018-05-04 09:31:41.850,178799,178768,S,,20180504,672.23,93141850,100,67223.0
2018-05-04 09:31:41.940,177423,178848,B,,20180504,673.0,93141940,100,67300.0
2018-05-04 09:31:42.770,177423,179291,B,,20180504,673.0,93142770,800,538400.0
2018-05-04 09:31:45.430,179735,180530,B,,20180504,672.99,93145430,100,67299.0
2018-05-04 09:31:45.650,179735,180630,B,,20180504,672.99,93145650,100,67299.0
2018-05-04 09:31:48.790,180721,182099,B,,20180504,672.23,93148790,100,67223.0
2018-05-04 09:31:48.790,180721,182100,B,,20180504,672.23,93148790,100,67223.0
2018-05-04 09:31:48.950,182199,182101,S,,20180504,672.23,93148950,200,134446.0
2018-05-04 09:31:48.950,182199,179193,S,,20180504,671.9,93148950,200,134380.0
2018-05-04 09:31:49.510,182431,179421,S,,20180504,671.9,93149510,200,134380.0
2018-05-04 09:31:49.510,182431,182359,S,,20180504,671.9,93149510,100,67190.0
2018-05-04 09:31:49.510,182431,154057,S,,20180504,671.89,93149510,100,67189.0
2018-05-04 09:31:50.850,183068,182137,S,,20180504,671.89,93150850,200,134378.0
2018-05-04 09:31:50.850,183068,149320,S,,20180504,671.8,93150850,100,67180.0
2018-05-04 09:31:51.890,182924,183533,B,,20180504,672.22,93151890,100,67222.0
2018-05-04 09:31:53.130,183862,184110,B,,20180504,671.9,93153130,100,67190.0
2018-05-04 09:31:53.590,184042,184312,B,,20180504,672.22,93153590,100,67222.0
2018-05-04 09:31:54.160,182466,184571,B,,20180504,672.23,93154160,100,67223.0
2018-05-04 09:31:54.160,183757,184571,B,,20180504,672.23,93154160,100,67223.0
2018-05-04 09:31:54.160,183912,184571,B,,20180504,672.35,93154160,100,67235.0
2018-05-04 09:31:54.310,182225,184639,B,,20180504,672.42,93154310,100,67242.0
2018-05-04 09:31:54.620,184748,184622,S,,20180504,672.23,93154620,100,67223.0
2018-05-04 09:31:54.940,184929,184622,S,,20180504,672.23,93154940,100,67223.0
2018-05-04 09:31:54.940,184929,184715,S,,20180504,671.81,93154940,100,67181.0
2018-05-04 09:31:54.940,184929,184306,S,,20180504,671.8,93154940,100,67180.0
2018-05-04 09:31:54.940,184929,146916,S,,20180504,671.7,93154940,78,52392.600000000006
2018-05-04 09:31:54.940,184929,147764,S,,20180504,671.7,93154940,22,14777.400000000001
2018-05-04 09:31:54.940,183911,184932,B,,20180504,672.47,93154940,100,67247.0
2018-05-04 09:31:56.780,185597,185747,B,,20180504,671.75,93156780,300,201525.0
2018-05-04 09:31:57.120,185597,185877,B,,20180504,671.75,93157120,100,67175.0
2018-05-04 09:31:58.130,185597,186366,B,,20180504,671.75,93158130,200,134350.0
2018-05-04 09:31:58.130,185630,186366,B,,20180504,671.75,93158130,100,67175.0
2018-05-04 09:31:58.130,185630,186380,B,,20180504,671.75,93158130,300,201525.0
2018-05-04 09:31:58.130,186382,147764,S,,20180504,671.7,93158130,184,123592.8
2018-05-04 09:31:58.410,186484,147764,S,,20180504,671.7,93158410,200,134340.0
2018-05-04 09:31:58.550,185630,186550,B,,20180504,671.75,93158550,200,134350.0
2018-05-04 09:31:58.550,186002,186550,B,,20180504,671.8,93158550,100,67180.0
2018-05-04 09:31:58.550,186289,186550,B,,20180504,671.8,93158550,100,67180.0
2018-05-04 09:31:59.860,186828,187199,B,,20180504,671.75,93159860,200,134350.0
2018-05-04 09:31:59.860,186176,187199,B,,20180504,671.9,93159860,100,67190.0
2018-05-04 09:31:59.860,185051,187199,B,,20180504,672.2,93159860,100,67220.0
2018-05-04 09:31:59.860,184930,187199,B,,20180504,672.47,93159860,100,67247.0
2018-05-04 09:31:59.860,185195,187199,B,,20180504,672.66,93159860,100,67266.0
2018-05-04 09:31:59.860,181709,187199,B,,20180504,672.88,93159860,100,67288.0
2018-05-04 09:31:59.860,186639,187199,B,,20180504,672.96,93159860,200,134592.0
2018-05-04 09:32:00.280,187242,187413,B,,20180504,671.75,93200280,100,67175.0
2018-05-04 09:32:00.750,187684,147764,S,,20180504,671.7,93200750,138,92694.6
2018-05-04 09:32:01.260,187242,187945,B,,20180504,671.75,93201260,100,67175.0
2018-05-04 09:32:01.750,187242,188186,B,,20180504,671.75,93201750,100,67175.0
2018-05-04 09:32:01.750,187597,188186,B,,20180504,671.75,93201750,100,67175.0
2018-05-04 09:32:02.160,187597,188384,B,,20180504,671.75,93202160,100,67175.0
2018-05-04 09:32:02.870,188711,147764,S,,20180504,671.7,93202870,100,67170.0
2018-05-04 09:32:03.820,187597,189216,B,,20180504,671.75,93203820,600,403050.0
2018-05-04 09:32:03.820,188476,189216,B,,20180504,671.75,93203820,100,67175.0
2018-05-04 09:32:03.820,188959,189216,B,,20180504,671.75,93203820,100,67175.0
2018-05-04 09:32:03.820,187224,189216,B,,20180504,671.8,93203820,200,134360.0
2018-05-04 09:32:04.390,189496,147764,S,,20180504,671.7,93204390,100,67170.0
2018-05-04 09:32:04.750,187224,189686,B,,20180504,671.8,93204750,300,201540.0
2018-05-04 09:32:04.750,187689,189686,B,,20180504,671.8,93204750,200,134360.0
2018-05-04 09:32:04.820,189707,189610,S,,20180504,671.75,93204820,100,67175.0
2018-05-04 09:32:05.800,190142,189610,S,,20180504,671.75,93205800,100,67175.0
2018-05-04 09:32:06.350,190437,190144,S,,20180504,671.71,93206350,300,201513.0
2018-05-04 09:32:06.740,187689,190637,B,,20180504,671.8,93206740,100,67180.0
2018-05-04 09:32:06.740,189633,190637,B,,20180504,671.8,93206740,100,67180.0
2018-05-04 09:32:06.910,190777,190144,S,,20180504,671.71,93206910,1000,671710.0
2018-05-04 09:32:06.940,190636,190789,B,,20180504,671.8,93206940,100,67180.0
2018-05-04 09:32:07.320,190636,190979,B,,20180504,671.8,93207320,100,67180.0
2018-05-04 09:32:07.320,188478,190979,B,,20180504,671.88,93207320,100,67188.0
2018-05-04 09:32:07.570,190296,191101,B,,20180504,671.89,93207570,100,67189.0
2018-05-04 09:32:08.080,191236,191327,B,,20180504,671.8,93208080,100,67180.0
2018-05-04 09:32:08.130,191343,190872,S,,20180504,671.75,93208130,100,67175.0
2018-05-04 09:32:08.320,191236,191425,B,,20180504,671.8,93208320,100,67180.0
2018-05-04 09:32:08.870,191649,191509,S,,20180504,671.8,93208870,100,67180.0
2018-05-04 09:32:09.450,191914,191584,S,,20180504,671.8,93209450,100,67180.0
2018-05-04 09:32:09.730,192096,191585,S,,20180504,671.8,93209730,100,67180.0
2018-05-04 09:32:09.730,192096,191586,S,,20180504,671.8,93209730,57,38292.6
2018-05-04 09:32:09.880,187353,192165,B,,20180504,672.0,93209880,100,67200.0
2018-05-04 09:32:09.880,187715,192165,B,,20180504,672.0,93209880,100,67200.0
2018-05-04 09:32:09.880,188267,192165,B,,20180504,672.0,93209880,100,67200.0
2018-05-04 09:32:09.880,189264,192165,B,,20180504,672.0,93209880,200,134400.0
2018-05-04 09:32:09.880,189273,192165,B,,20180504,672.0,93209880,100,67200.0
2018-05-04 09:32:10.220,192344,191586,S,,20180504,671.8,93210220,43,28887.399999999998
2018-05-04 09:32:10.220,192344,191629,S,,20180504,671.8,93210220,57,38292.6
2018-05-04 09:32:10.340,192387,191629,S,,20180504,671.8,93210340,43,28887.399999999998
2018-05-04 09:32:10.340,192387,191753,S,,20180504,671.8,93210340,100,67180.0
2018-05-04 09:32:10.340,192387,192098,S,,20180504,671.8,93210340,100,67180.0
2018-05-04 09:32:10.340,192387,190872,S,,20180504,671.75,93210340,157,105464.75
2018-05-04 09:32:10.800,192097,192623,B,,20180504,672.0,93210800,100,67200.0
2018-05-04 09:32:10.800,192553,192623,B,,20180504,672.0,93210800,100,67200.0
2018-05-04 09:32:10.800,190220,192623,B,,20180504,672.01,93210800,100,67201.0
2018-05-04 09:32:10.800,188232,192623,B,,20180504,672.49,93210800,100,67249.0
2018-05-04 09:32:10.800,189678,192623,B,,20180504,672.88,93210800,100,67288.0
2018-05-04 09:32:10.900,192665,192530,S,,20180504,671.8,93210900,100,67180.0
2018-05-04 09:32:11.540,192968,190872,S,,20180504,671.75,93211540,343,230410.25
2018-05-04 09:32:11.540,192968,190144,S,,20180504,671.71,93211540,700,470197.0
2018-05-04 09:32:11.540,192968,191650,S,,20180504,671.71,93211540,400,268684.0
2018-05-04 09:32:11.540,192968,191800,S,,20180504,671.71,93211540,100,67171.0
2018-05-04 09:32:11.540,192968,147764,S,,20180504,671.7,93211540,756,507805.2
2018-05-04 09:32:11.540,192968,153588,S,,20180504,671.5,93211540,100,67150.0
2018-05-04 09:32:11.540,192968,143296,S,,20180504,671.49,93211540,100,67149.0
2018-05-04 09:32:11.540,192968,115438,S,,20180504,671.0,93211540,82,55022.0
2018-05-04 09:32:11.540,192968,120504,S,,20180504,671.0,93211540,100,67100.0
2018-05-04 09:32:11.540,192968,147482,S,,20180504,671.0,93211540,100,67100.0
2018-05-04 09:32:11.540,192968,175563,S,,20180504,671.0,93211540,100,67100.0
2018-05-04 09:32:12.800,192968,193585,B,,20180504,671.0,93212800,3100,2080100.0
2018-05-04 09:32:13.250,192968,193818,B,,20180504,671.0,93213250,100,67100.0
2018-05-04 09:32:13.730,194037,118469,S,,20180504,670.99,93213730,200,134198.0
2018-05-04 09:32:13.730,194037,129772,S,,20180504,670.99,93213730,100,67099.0
2018-05-04 09:32:13.730,194037,193525,S,,20180504,670.99,93213730,100,67099.0
2018-05-04 09:32:13.730,194037,101244,S,,20180504,670.98,93213730,100,67098.0
2018-05-04 09:32:13.730,194037,106915,S,,20180504,670.98,93213730,300,201294.0
2018-05-04 09:32:13.730,194037,106917,S,,20180504,670.98,93213730,200,134196.0
2018-05-04 09:32:13.730,194037,114962,S,,20180504,670.98,93213730,100,67098.0
2018-05-04 09:32:13.730,194037,121768,S,,20180504,670.98,93213730,100,67098.0
2018-05-04 09:32:13.730,194037,122878,S,,20180504,670.98,93213730,100,67098.0
2018-05-04 09:32:13.730,194037,138636,S,,20180504,670.98,93213730,200,134196.0
2018-05-04 09:32:13.730,194037,143763,S,,20180504,670.98,93213730,200,134196.0
2018-05-04 09:32:13.730,194037,145122,S,,20180504,670.98,93213730,100,67098.0
2018-05-04 09:32:13.730,194037,146869,S,,20180504,670.98,93213730,200,134196.0
2018-05-04 09:32:14.770,194037,194482,B,,20180504,670.96,93214770,200,134192.0
2018-05-04 09:32:15.230,194037,194690,B,,20180504,670.96,93215230,100,67096.0
2018-05-04 09:32:15.730,192968,194952,B,,20180504,671.0,93215730,2219,1488949.0
2018-05-04 09:32:15.730,194276,194952,B,,20180504,671.0,93215730,100,67100.0
2018-05-04 09:32:15.730,194656,194952,B,,20180504,671.0,93215730,81,54351.0
2018-05-04 09:32:16.120,194656,195143,B,,20180504,671.0,93216120,19,12749.0
2018-05-04 09:32:16.120,193246,195143,B,,20180504,671.5,93216120,100,67150.0
2018-05-04 09:32:16.120,193002,195143,B,,20180504,671.6,93216120,81,54399.6
2018-05-04 09:32:16.710,195248,195381,B,,20180504,670.99,93216710,100,67099.0
2018-05-04 09:32:16.900,195324,195461,B,,20180504,671.33,93216900,200,134266.0
2018-05-04 09:32:16.900,193002,195461,B,,20180504,671.6,93216900,300,201480.0
2018-05-04 09:32:16.980,195493,106239,S,,20180504,670.9,93216980,28,18785.2
2018-05-04 09:32:19.730,196874,195757,S,,20180504,671.0,93219730,100,67100.0
2018-05-04 09:32:20.010,196997,195757,S,,20180504,671.0,93220010,100,67100.0
2018-05-04 09:32:21.080,197110,197447,B,,20180504,671.0,93221080,200,134200.0
2018-05-04 09:32:21.730,197762,197447,S,,20180504,671.0,93221730,73,48983.0
2018-05-04 09:32:23.060,197518,198421,B,,20180504,671.55,93223060,200,134310.0
2018-05-04 09:32:23.530,198641,197447,S,,20180504,671.0,93223530,100,67100.0
2018-05-04 09:32:24.650,199161,197447,S,,20180504,671.0,93224650,27,18117.0
2018-05-04 09:32:24.650,199161,197458,S,,20180504,671.0,93224650,73,48983.0
2018-05-04 09:32:25.970,199807,197458,S,,20180504,671.0,93225970,339,227469.0
2018-05-04 09:32:26.900,200191,197458,S,,20180504,671.0,93226900,200,134200.0
2018-05-04 09:32:26.970,197930,200214,B,,20180504,671.55,93226970,100,67155.0
2018-05-04 09:32:27.290,200353,197458,S,,20180504,671.0,93227290,100,67100.0
2018-05-04 09:32:29.340,201307,200559,S,,20180504,671.01,93229340,100,67101.0
2018-05-04 09:32:29.340,201307,197458,S,,20180504,671.0,93229340,300,201300.0
2018-05-04 09:32:30.650,201911,197458,S,,20180504,671.0,93230650,300,201300.0
2018-05-04 09:32:32.360,202726,197458,S,,20180504,671.0,93232360,200,134200.0
2018-05-04 09:32:32.970,203025,197458,S,,20180504,671.0,93232970,88,59048.0
2018-05-04 09:32:32.970,203025,201460,S,,20180504,671.0,93232970,200,134200.0
2018-05-04 09:32:32.970,203025,201485,S,,20180504,671.0,93232970,312,209352.0
2018-05-04 09:32:32.970,203027,201485,S,,20180504,671.0,93232970,88,59048.0
2018-05-04 09:32:33.710,203027,203402,B,,20180504,670.95,93233710,100,67095.0
2018-05-04 09:32:33.710,203403,106239,S,,20180504,670.9,93233710,72,48304.799999999996
2018-05-04 09:32:33.830,203027,203526,B,,20180504,670.95,93233830,100,67095.0
2018-05-04 09:32:35.010,203027,204124,B,,20180504,670.95,93235010,100,67095.0
2018-05-04 09:32:35.140,203027,204191,B,,20180504,670.95,93235140,100,67095.0
2018-05-04 09:32:36.590,204817,110786,S,,20180504,670.89,93236590,100,67089.0
2018-05-04 09:32:36.700,204879,110786,S,,20180504,670.89,93236700,100,67089.0
2018-05-04 09:32:36.700,204879,124992,S,,20180504,670.89,93236700,100,67089.0
2018-05-04 09:32:36.700,204879,125007,S,,20180504,670.89,93236700,20,13417.8
2018-05-04 09:32:36.780,204943,125007,S,,20180504,670.89,93236780,80,53671.2
2018-05-04 09:32:36.780,204943,139191,S,,20180504,670.89,93236780,20,13417.8
2018-05-04 09:32:36.810,204966,139191,S,,20180504,670.89,93236810,80,53671.2
2018-05-04 09:32:36.810,204966,201672,S,,20180504,670.89,93236810,220,147595.8
2018-05-04 09:32:36.870,205007,201672,S,,20180504,670.89,93236870,400,268356.0
2018-05-04 09:32:36.870,205008,201672,S,,20180504,670.89,93236870,300,201267.0
2018-05-04 09:32:36.900,205028,201672,S,,20180504,670.89,93236900,400,268356.0
2018-05-04 09:32:36.900,205033,201672,S,,20180504,670.89,93236900,300,201267.0
2018-05-04 09:32:36.950,205047,201672,S,,20180504,670.89,93236950,380,254938.19999999998
2018-05-04 09:32:36.950,205056,57166,S,,20180504,670.88,93236950,200,134176.0
2018-05-04 09:32:36.950,205056,125927,S,,20180504,670.88,93236950,100,67088.0
2018-05-04 09:32:37.330,205047,205233,B,,20180504,670.89,93237330,20,13417.8
2018-05-04 09:32:37.330,205117,205233,B,,20180504,670.89,93237330,80,53671.2
2018-05-04 09:32:38.950,205878,132825,S,,20180504,670.88,93238950,100,67088.0
2018-05-04 09:32:38.950,205878,166887,S,,20180504,670.88,93238950,400,268352.0
2018-05-04 09:32:39.580,205117,206163,B,,20180504,670.89,93239580,100,67089.0
2018-05-04 09:32:39.790,206291,166887,S,,20180504,670.88,93239790,100,67088.0
2018-05-04 09:32:39.810,206302,166887,S,,20180504,670.88,93239810,100,67088.0
2018-05-04 09:32:39.810,206303,166887,S,,20180504,670.88,93239810,200,134176.0
2018-05-04 09:32:39.810,206333,166887,S,,20180504,670.88,93239810,100,67088.0
2018-05-04 09:32:39.810,206334,166887,S,,20180504,670.88,93239810,100,67088.0
2018-05-04 09:32:39.810,206335,166887,S,,20180504,670.88,93239810,100,67088.0
2018-05-04 09:32:39.810,206343,166887,S,,20180504,670.88,93239810,100,67088.0
2018-05-04 09:32:39.810,206344,166887,S,,20180504,670.88,93239810,100,67088.0
2018-05-04 09:32:39.810,206345,166887,S,,20180504,670.88,93239810,100,67088.0
2018-05-04 09:32:39.840,206356,166887,S,,20180504,670.88,93239840,200,134176.0
2018-05-04 09:32:39.840,206357,166887,S,,20180504,670.88,93239840,100,67088.0
2018-05-04 09:32:39.870,206365,166887,S,,20180504,670.88,93239870,186,124783.68
2018-05-04 09:32:39.930,206415,166887,S,,20180504,670.88,93239930,100,67088.0
2018-05-04 09:32:40.160,206563,166887,S,,20180504,670.88,93240160,100,67088.0
2018-05-04 09:32:40.240,206618,166887,S,,20180504,670.88,93240240,100,67088.0
2018-05-04 09:32:41.250,206635,207054,B,,20180504,670.89,93241250,100,67089.0
2018-05-04 09:32:41.460,206635,207144,B,,20180504,670.89,93241460,100,67089.0
2018-05-04 09:32:41.720,205847,207275,B,,20180504,670.9,93241720,100,67090.0
2018-05-04 09:32:42.440,207546,166887,S,,20180504,670.88,93242440,300,201264.0
2018-05-04 09:32:42.760,207725,166887,S,,20180504,670.88,93242760,100,67088.0
2018-05-04 09:32:42.790,207734,166887,S,,20180504,670.88,93242790,100,67088.0
2018-05-04 09:32:42.810,207744,166887,S,,20180504,670.88,93242810,100,67088.0
2018-05-04 09:32:42.840,207778,166887,S,,20180504,670.88,93242840,100,67088.0
2018-05-04 09:32:42.870,207789,166887,S,,20180504,670.88,93242870,100,67088.0
2018-05-04 09:32:42.920,207828,166887,S,,20180504,670.88,93242920,100,67088.0
2018-05-04 09:32:43.140,207951,166887,S,,20180504,670.88,93243140,100,67088.0
2018-05-04 09:32:43.210,207974,166887,S,,20180504,670.88,93243210,600,402528.0
2018-05-04 09:32:43.240,207979,166887,S,,20180504,670.88,93243240,600,402528.0
2018-05-04 09:32:43.310,207401,208030,B,,20180504,670.89,93243310,100,67089.0
2018-05-04 09:32:43.310,207402,208030,B,,20180504,670.89,93243310,100,67089.0
2018-05-04 09:32:43.310,207869,208030,B,,20180504,670.89,93243310,200,134178.0
2018-05-04 09:32:43.310,205847,208030,B,,20180504,670.9,93243310,100,67090.0
2018-05-04 09:32:44.910,208336,208686,B,,20180504,670.89,93244910,100,67089.0
2018-05-04 09:32:44.930,208701,166887,S,,20180504,670.88,93244930,46,30860.48
2018-05-04 09:32:45.100,208771,166887,S,,20180504,670.88,93245100,600,402528.0
2018-05-04 09:32:45.620,208980,166887,S,,20180504,670.88,93245620,168,112707.84
2018-05-04 09:32:45.620,208980,207280,S,,20180504,670.88,93245620,232,155644.16
2018-05-04 09:32:45.670,209016,207280,S,,20180504,670.88,93245670,168,112707.84
2018-05-04 09:32:45.870,209118,4039,S,,20180504,670.7,93245870,100,67070.0
2018-05-04 09:32:45.870,209118,165653,S,,20180504,670.7,93245870,200,134140.0
2018-05-04 09:32:46.950,209016,209666,B,,20180504,670.74,93246950,100,67074.0
2018-05-04 09:32:46.990,209016,209695,B,,20180504,670.74,93246990,100,67074.0
2018-05-04 09:32:47.040,209724,165653,S,,20180504,670.7,93247040,100,67070.0
2018-05-04 09:32:47.140,209016,209763,B,,20180504,670.74,93247140,32,21463.68
2018-05-04 09:32:47.140,209043,209763,B,,20180504,670.88,93247140,200,134176.0
2018-05-04 09:32:47.140,209085,209763,B,,20180504,670.88,93247140,100,67088.0
2018-05-04 09:32:47.140,208336,209763,B,,20180504,670.89,93247140,100,67089.0
2018-05-04 09:32:47.140,208433,209763,B,,20180504,670.89,93247140,200,134178.0
2018-05-04 09:32:47.140,208702,209763,B,,20180504,670.89,93247140,100,67089.0
2018-05-04 09:32:47.140,209075,209763,B,,20180504,670.89,93247140,200,134178.0
2018-05-04 09:32:47.190,209784,209763,S,,20180504,670.89,93247190,68,45620.52
2018-05-04 09:32:47.360,209784,209858,B,,20180504,670.88,93247360,100,67088.0
2018-05-04 09:32:48.380,210160,210313,B,,20180504,670.85,93248380,100,67085.0
2018-05-04 09:32:48.380,210134,210313,B,,20180504,670.89,93248380,100,67089.0
2018-05-04 09:32:48.380,210167,210313,B,,20180504,670.89,93248380,400,268356.0
2018-05-04 09:32:48.750,210581,165653,S,,20180504,670.7,93248750,121,81154.70000000001
2018-05-04 09:32:48.750,210341,210595,B,,20180504,670.83,93248750,100,67083.0
2018-05-04 09:32:48.800,210607,165653,S,,20180504,670.7,93248800,500,335350.0
2018-05-04 09:32:49.250,210836,165653,S,,20180504,670.7,93249250,79,52985.3
2018-05-04 09:32:49.250,210836,210523,S,,20180504,670.7,93249250,100,67070.0
2018-05-04 09:32:49.250,210836,210841,B,,20180504,670.7,93249250,121,81154.70000000001
2018-05-04 09:32:49.250,210341,210841,B,,20180504,670.83,93249250,79,52995.57
2018-05-04 09:32:49.300,210341,210858,B,,20180504,670.83,93249300,100,67083.0
2018-05-04 09:32:49.370,210887,119526,S,,20180504,670.67,93249370,100,67067.0
2018-05-04 09:32:49.370,210887,210524,S,,20180504,670.58,93249370,100,67058.0
2018-05-04 09:32:49.600,210341,210998,B,,20180504,670.83,93249600,100,67083.0
2018-05-04 09:32:49.950,210341,211148,B,,20180504,670.83,93249950,100,67083.0
2018-05-04 09:32:50.110,211210,22553,S,,20180504,670.5,93250110,100,67050.0
2018-05-04 09:32:50.480,211363,99926,S,,20180504,670.5,93250480,100,67050.0
2018-05-04 09:32:50.700,210341,211447,B,,20180504,670.83,93250700,221,148253.43000000002
2018-05-04 09:32:50.700,211058,211447,B,,20180504,670.85,93250700,2300,1542955.0
2018-05-04 09:32:50.700,210926,211447,B,,20180504,670.88,93250700,100,67088.0
2018-05-04 09:32:50.700,211087,211447,B,,20180504,670.88,93250700,400,268352.0
2018-05-04 09:32:50.740,211480,211447,S,,20180504,670.89,93250740,100,67089.0
2018-05-04 09:32:50.770,211489,211447,S,,20180504,670.89,93250770,200,134178.0
2018-05-04 09:32:50.820,211519,211447,S,,20180504,670.89,93250820,100,67089.0
2018-05-04 09:32:50.990,211604,211447,S,,20180504,670.89,93250990,100,67089.0
2018-05-04 09:32:51.010,211617,211447,S,,20180504,670.89,93251010,100,67089.0
2018-05-04 09:32:51.230,211717,211447,S,,20180504,670.89,93251230,279,187178.31
2018-05-04 09:32:51.230,211717,211528,S,,20180504,670.89,93251230,100,67089.0
2018-05-04 09:32:52.040,212114,210525,S,,20180504,670.46,93252040,100,67046.0
2018-05-04 09:32:53.430,212114,212718,B,,20180504,670.25,93253430,100,67025.0
2018-05-04 09:32:53.720,212266,212820,B,,20180504,670.46,93253720,100,67046.0
2018-05-04 09:32:53.860,211717,212887,B,,20180504,670.83,93253860,21,14087.43
2018-05-04 09:32:53.860,211752,212887,B,,20180504,670.88,93253860,79,52999.52
2018-05-04 09:32:53.890,212898,212845,S,,20180504,670.46,93253890,100,67046.0
2018-05-04 09:32:54.300,211752,213079,B,,20180504,670.88,93254300,100,67088.0
2018-05-04 09:32:54.730,213281,212945,S,,20180504,670.8,93254730,99,66409.2
2018-05-04 09:32:55.200,213533,212945,S,,20180504,670.8,93255200,100,67080.0
2018-05-04 09:32:55.990,213821,212945,S,,20180504,670.8,93255990,1,670.8
2018-05-04 09:32:56.780,213984,214131,B,,20180504,670.67,93256780,100,67067.0
2018-05-04 09:32:56.780,213821,214131,B,,20180504,670.7,93256780,199,133469.30000000002
2018-05-04 09:32:57.120,213159,214266,B,,20180504,670.83,93257120,100,67083.0
2018-05-04 09:32:57.120,211752,214266,B,,20180504,670.88,93257120,100,67088.0
2018-05-04 09:32:57.290,214343,214131,S,,20180504,670.8,93257290,100,67080.0
2018-05-04 09:32:57.790,214572,214131,S,,20180504,670.8,93257790,84,56347.2
2018-05-04 09:32:57.790,214573,214131,S,,20180504,670.8,93257790,17,11403.599999999999
2018-05-04 09:32:58.180,214763,213416,S,,20180504,670.28,93258180,100,67028.0
2018-05-04 09:32:59.220,215199,213416,S,,20180504,670.28,93259220,100,67028.0
2018-05-04 09:32:59.220,215199,213790,S,,20180504,670.04,93259220,100,67004.0
2018-05-04 09:32:59.220,215199,204904,S,,20180504,670.03,93259220,300,201009.0
2018-05-04 09:32:59.220,215199,212268,S,,20180504,670.03,93259220,200,134006.0
2018-05-04 09:32:59.220,215199,72578,S,,20180504,670.0,93259220,100,67000.0
2018-05-04 09:32:59.220,215199,87432,S,,20180504,670.0,93259220,3800,2546000.0
2018-05-04 09:33:00.730,215874,215861,S,,20180504,670.01,93300730,40,26800.4
2018-05-04 09:33:01.230,215856,216147,B,,20180504,670.03,93301230,100,67003.0
2018-05-04 09:33:02.400,215857,216600,B,,20180504,670.46,93302400,200,134092.0
2018-05-04 09:33:03.740,217215,215861,S,,20180504,670.01,93303740,260,174202.6
2018-05-04 09:33:03.910,216524,217332,B,,20180504,670.46,93303910,100,67046.0
2018-05-04 09:33:05.960,218224,218064,S,,20180504,670.1,93305960,100,67010.0
2018-05-04 09:33:06.330,218373,87432,S,,20180504,670.0,93306330,100,67000.0
2018-05-04 09:33:06.780,218596,87432,S,,20180504,670.0,93306780,66,44220.0
2018-05-04 09:33:07.550,218954,87432,S,,20180504,670.0,93307550,100,67000.0
2018-05-04 09:33:07.850,217501,219072,B,,20180504,670.28,93307850,100,67028.0
2018-05-04 09:33:08.650,219380,219251,S,,20180504,670.28,93308650,100,67028.0
2018-05-04 09:33:09.240,219589,218964,S,,20180504,670.08,93309240,300,201024.0
2018-05-04 09:33:09.240,219589,87432,S,,20180504,670.0,93309240,300,201000.0
2018-05-04 09:33:09.240,219590,87432,S,,20180504,670.0,93309240,600,402000.0
2018-05-04 09:33:09.260,219603,87432,S,,20180504,670.0,93309260,100,67000.0
2018-05-04 09:33:09.390,219518,219663,B,,20180504,670.28,93309390,200,134056.0
2018-05-04 09:33:10.990,220386,87432,S,,20180504,670.0,93310990,268,179560.0
2018-05-04 09:33:11.130,220443,87432,S,,20180504,670.0,93311130,400,268000.0
2018-05-04 09:33:11.490,220609,87432,S,,20180504,670.0,93311490,300,201000.0
2018-05-04 09:33:11.660,220668,87432,S,,20180504,670.0,93311660,100,67000.0
2018-05-04 09:33:12.240,220906,220676,S,,20180504,670.01,93312240,300,201003.0
2018-05-04 09:33:12.590,221048,220676,S,,20180504,670.01,93312590,500,335005.0
2018-05-04 09:33:12.840,220842,221183,B,,20180504,670.05,93312840,200,134010.0
2018-05-04 09:33:13.150,221346,220676,S,,20180504,670.01,93313150,100,67001.0
2018-05-04 09:33:13.380,220842,221459,B,,20180504,670.05,93313380,100,67005.0
2018-05-04 09:33:13.880,221692,221459,S,,20180504,670.05,93313880,100,67005.0
2018-05-04 09:33:13.880,221692,221615,S,,20180504,670.05,93313880,100,67005.0
2018-05-04 09:33:13.880,221692,221640,S,,20180504,670.05,93313880,100,67005.0
2018-05-04 09:33:13.880,221692,220676,S,,20180504,670.01,93313880,1700,1139017.0
2018-05-04 09:33:14.350,221892,220676,S,,20180504,670.01,93314350,300,201003.0
2018-05-04 09:33:15.100,221733,222214,B,,20180504,670.05,93315100,100,67005.0
2018-05-04 09:33:15.660,222513,222351,S,,20180504,670.05,93315660,100,67005.0
2018-05-04 09:33:15.660,222513,222233,S,,20180504,670.02,93315660,100,67002.0
2018-05-04 09:33:15.660,222513,220676,S,,20180504,670.01,93315660,1200,804012.0
2018-05-04 09:33:15.910,222655,220676,S,,20180504,670.01,93315910,200,134002.0
2018-05-04 09:33:18.160,222590,223559,B,,20180504,670.03,93318160,100,67003.0
2018-05-04 09:33:18.440,223580,223679,B,,20180504,670.08,93318440,100,67008.0
2018-05-04 09:33:18.890,223898,223559,S,,20180504,670.05,93318890,100,67005.0
2018-05-04 09:33:18.940,223912,223559,S,,20180504,670.05,93318940,100,67005.0
2018-05-04 09:33:18.990,223948,223559,S,,20180504,670.05,93318990,1,670.05
2018-05-04 09:33:19.750,224335,223559,S,,20180504,670.05,93319750,99,66334.95
2018-05-04 09:33:19.750,224335,223601,S,,20180504,670.05,93319750,1,670.05
2018-05-04 09:33:21.500,225019,223601,S,,20180504,670.05,93321500,100,67005.0
2018-05-04 09:33:21.620,225076,223601,S,,20180504,670.05,93321620,399,267349.94999999995
2018-05-04 09:33:21.620,225076,225003,S,,20180504,670.05,93321620,101,67675.04999999999
2018-05-04 09:33:21.770,225159,225003,S,,20180504,670.05,93321770,188,125969.4
2018-05-04 09:33:21.820,225195,225003,S,,20180504,670.05,93321820,100,67005.0
2018-05-04 09:33:23.130,225744,225003,S,,20180504,670.05,93323130,100,67005.0
2018-05-04 09:33:23.510,225906,225003,S,,20180504,670.05,93323510,600,402030.0
2018-05-04 09:33:23.850,226050,225003,S,,20180504,670.05,93323850,100,67005.0
2018-05-04 09:33:24.160,226171,225003,S,,20180504,670.05,93324160,100,67005.0
2018-05-04 09:33:24.670,223990,226392,B,,20180504,670.08,93324670,100,67008.0
2018-05-04 09:33:24.670,224791,226392,B,,20180504,670.08,93324670,100,67008.0
2018-05-04 09:33:25.040,226581,226392,S,,20180504,670.08,93325040,100,67008.0
2018-05-04 09:33:25.680,226843,225003,S,,20180504,670.05,93325680,200,134010.0
2018-05-04 09:33:25.860,226920,225003,S,,20180504,670.05,93325860,100,67005.0
2018-05-04 09:33:26.070,226986,225003,S,,20180504,670.05,93326070,74,49583.7
2018-05-04 09:33:26.620,227177,227163,S,,20180504,670.06,93326620,100,67006.0
2018-05-04 09:33:27.050,227333,227163,S,,20180504,670.06,93327050,100,67006.0
2018-05-04 09:33:27.350,227452,227163,S,,20180504,670.06,93327350,100,67006.0
2018-05-04 09:33:27.640,226769,227583,B,,20180504,670.08,93327640,200,134016.0
2018-05-04 09:33:27.660,227593,227583,S,,20180504,670.08,93327660,100,67008.0
2018-05-04 09:33:28.230,222461,227892,B,,20180504,670.1,93328230,100,67010.0
2018-05-04 09:33:28.550,228032,225003,S,,20180504,670.05,93328550,700,469034.99999999994
2018-05-04 09:33:28.580,227998,228049,B,,20180504,670.08,93328580,100,67008.0
2018-05-04 09:33:29.230,227998,228336,B,,20180504,670.08,93329230,100,67008.0
2018-05-04 09:33:29.230,222461,228336,B,,20180504,670.1,93329230,100,67010.0
2018-05-04 09:33:29.230,225782,228336,B,,20180504,670.1,93329230,100,67010.0
2018-05-04 09:33:29.640,227116,228520,B,,20180504,670.41,93329640,100,67041.0
2018-05-04 09:33:29.750,228552,228336,S,,20180504,670.28,93329750,200,134056.0
2018-05-04 09:33:29.990,228659,225003,S,,20180504,670.05,93329990,79,52933.95
2018-05-04 09:33:30.070,228687,225003,S,,20180504,670.05,93330070,100,67005.0
2018-05-04 09:33:30.090,228695,225003,S,,20180504,670.05,93330090,100,67005.0
2018-05-04 09:33:30.360,228660,228833,B,,20180504,670.08,93330360,100,67008.0
2018-05-04 09:33:30.360,228709,228833,B,,20180504,670.08,93330360,200,134016.0
2018-05-04 09:33:30.570,228919,228696,S,,20180504,670.06,93330570,200,134012.0
2018-05-04 09:33:30.890,229067,225003,S,,20180504,670.05,93330890,27,18091.35
2018-05-04 09:33:30.890,229068,225003,S,,20180504,670.05,93330890,200,134010.0
2018-05-04 09:33:30.890,229069,225003,S,,20180504,670.05,93330890,60,40203.0
2018-05-04 09:33:31.000,229134,225003,S,,20180504,670.05,93331000,100,67005.0
2018-05-04 09:33:32.380,229683,225003,S,,20180504,670.05,93332380,400,268020.0
2018-05-04 09:33:33.450,230100,229696,S,,20180504,670.08,93333450,100,67008.0
2018-05-04 09:33:33.670,230206,230168,S,,20180504,670.1,93333670,100,67010.0
2018-05-04 09:33:33.780,230273,229991,S,,20180504,670.06,93333780,100,67006.0
2018-05-04 09:33:34.130,230276,230451,B,,20180504,670.08,93334130,100,67008.0
2018-05-04 09:33:34.860,230761,229991,S,,20180504,670.06,93334860,300,201017.99999999997
2018-05-04 09:33:34.860,230761,225003,S,,20180504,670.05,93334860,100,67005.0
2018-05-04 09:33:35.180,230891,225003,S,,20180504,670.05,93335180,100,67005.0
2018-05-04 09:33:35.560,231055,225003,S,,20180504,670.05,93335560,100,67005.0
2018-05-04 09:33:36.220,231322,225003,S,,20180504,670.05,93336220,100,67005.0
2018-05-04 09:33:36.260,231349,225003,S,,20180504,670.05,93336260,100,67005.0
2018-05-04 09:33:36.630,230812,231489,B,,20180504,670.06,93336630,100,67006.0
2018-05-04 09:33:36.630,231323,231489,B,,20180504,670.06,93336630,200,134012.0
2018-05-04 09:33:36.770,231556,231489,S,,20180504,670.08,93336770,100,67008.0
2018-05-04 09:33:38.090,231556,232144,B,,20180504,670.06,93338090,200,134012.0
2018-05-04 09:33:38.690,231557,232374,B,,20180504,670.06,93338690,100,67006.0
2018-05-04 09:33:38.690,232001,232374,B,,20180504,670.06,93338690,100,67006.0
2018-05-04 09:33:38.690,232267,232374,B,,20180504,670.06,93338690,100,67006.0
2018-05-04 09:33:38.810,232267,232410,B,,20180504,670.06,93338810,100,67006.0
2018-05-04 09:33:38.960,232478,225003,S,,20180504,670.05,93338960,170,113908.49999999999
2018-05-04 09:33:39.000,232501,225003,S,,20180504,670.05,93339000,100,67005.0
2018-05-04 09:33:39.310,232267,232631,B,,20180504,670.06,93339310,100,67006.0
2018-05-04 09:33:39.910,232933,225003,S,,20180504,670.05,93339910,100,67005.0
2018-05-04 09:33:40.060,232539,232985,B,,20180504,670.06,93340060,100,67006.0
2018-05-04 09:33:40.140,232556,233030,B,,20180504,670.06,93340140,100,67006.0
2018-05-04 09:33:40.280,232859,233093,B,,20180504,670.06,93340280,200,134012.0
2018-05-04 09:33:40.470,233182,233093,S,,20180504,670.08,93340470,100,67008.0
2018-05-04 09:33:40.470,233182,225003,S,,20180504,670.05,93340470,100,67005.0
2018-05-04 09:33:41.040,233419,225003,S,,20180504,670.05,93341040,501,335695.05
2018-05-04 09:33:41.040,233419,227677,S,,20180504,670.05,93341040,100,67005.0
2018-05-04 09:33:41.040,233419,232019,S,,20180504,670.05,93341040,99,66334.95
2018-05-04 09:33:41.710,233679,232019,S,,20180504,670.05,93341710,1,670.05
2018-05-04 09:33:42.070,233818,229137,S,,20180504,670.03,93342070,300,201009.0
2018-05-04 09:33:42.870,233679,234203,B,,20180504,670.05,93342870,99,66334.95
2018-05-04 09:33:42.870,233246,234203,B,,20180504,670.06,93342870,1,670.06
2018-05-04 09:33:44.100,234759,220676,S,,20180504,670.01,93344100,300,201003.0
2018-05-04 09:33:44.800,235006,220676,S,,20180504,670.01,93344800,200,134002.0
2018-05-04 09:33:44.800,235006,224901,S,,20180504,670.01,93344800,400,268004.0
2018-05-04 09:33:44.940,235059,224901,S,,20180504,670.01,93344940,600,402006.0
2018-05-04 09:33:44.990,234713,235083,B,,20180504,670.05,93344990,100,67005.0
2018-05-04 09:33:44.990,233246,235083,B,,20180504,670.06,93344990,100,67006.0
2018-05-04 09:33:47.410,236003,236086,B,,20180504,670.02,93347410,100,67002.0
2018-05-04 09:33:47.890,235291,236310,B,,20180504,670.03,93347890,100,67003.0
2018-05-04 09:33:47.890,235248,236310,B,,20180504,670.05,93347890,100,67005.0
2018-05-04 09:33:47.930,235387,236322,B,,20180504,670.05,93347930,300,201015.0
2018-05-04 09:33:47.930,235434,236322,B,,20180504,670.05,93347930,100,67005.0
2018-05-04 09:33:47.930,235477,236322,B,,20180504,670.05,93347930,100,67005.0
2018-05-04 09:33:48.260,236458,236322,S,,20180504,670.05,93348260,100,67005.0
2018-05-04 09:33:48.710,236648,236588,S,,20180504,670.06,93348710,83,55614.979999999996
2018-05-04 09:33:49.200,236865,236588,S,,20180504,670.06,93349200,17,11391.019999999999
2018-05-04 09:33:49.200,236865,224925,S,,20180504,670.01,93349200,83,55610.83
2018-05-04 09:33:49.810,234204,237152,B,,20180504,670.08,93349810,100,67008.0
2018-05-04 09:33:49.810,235300,237152,B,,20180504,670.08,93349810,200,134016.0
2018-05-04 09:33:49.810,236314,237152,B,,20180504,670.08,93349810,200,134016.0
2018-05-04 09:33:50.530,237464,224925,S,,20180504,670.01,93350530,17,11390.17
2018-05-04 09:33:50.530,237464,234780,S,,20180504,670.01,93350530,400,268004.0
2018-05-04 09:33:50.530,237464,237198,S,,20180504,670.01,93350530,100,67001.0
2018-05-04 09:33:50.530,237464,87432,S,,20180504,670.0,93350530,483,323610.0
2018-05-04 09:33:51.230,237768,87432,S,,20180504,670.0,93351230,100,67000.0
2018-05-04 09:33:51.310,237800,237788,S,,20180504,670.05,93351310,100,67005.0
2018-05-04 09:33:51.770,238013,237788,S,,20180504,670.05,93351770,100,67005.0
2018-05-04 09:33:51.770,238015,237788,S,,20180504,670.05,93351770,68,45563.399999999994
2018-05-04 09:33:52.290,237727,238233,B,,20180504,670.06,93352290,100,67006.0
2018-05-04 09:33:54.690,239133,237788,S,,20180504,670.05,93354690,121,81076.04999999999
2018-05-04 09:33:55.140,239328,237788,S,,20180504,670.05,93355140,319,213745.94999999998
2018-05-04 09:33:55.550,239509,237788,S,,20180504,670.05,93355550,100,67005.0
2018-05-04 09:33:56.070,239723,237788,S,,20180504,670.05,93356070,100,67005.0
2018-05-04 09:33:56.200,239774,237788,S,,20180504,670.05,93356200,200,134010.0
2018-05-04 09:33:56.270,239799,237788,S,,20180504,670.05,93356270,100,67005.0
2018-05-04 09:33:56.820,240016,237788,S,,20180504,670.05,93356820,100,67005.0
2018-05-04 09:33:57.770,240385,237788,S,,20180504,670.05,93357770,70,46903.5
2018-05-04 09:33:57.890,240448,237788,S,,20180504,670.05,93357890,200,134010.0
2018-05-04 09:33:58.090,240532,237788,S,,20180504,670.05,93358090,100,67005.0
2018-05-04 09:33:58.420,238144,240687,B,,20180504,670.06,93358420,100,67006.0
2018-05-04 09:33:58.420,238497,240687,B,,20180504,670.06,93358420,100,67006.0
2018-05-04 09:33:58.760,238883,240835,B,,20180504,670.06,93358760,100,67006.0
2018-05-04 09:33:58.830,240853,237788,S,,20180504,670.05,93358830,100,67005.0
2018-05-04 09:33:59.020,240928,240940,B,,20180504,670.06,93359020,100,67006.0
2018-05-04 09:33:59.020,239325,240940,B,,20180504,670.07,93359020,100,67007.0
2018-05-04 09:33:59.020,240098,240940,B,,20180504,670.08,93359020,100,67008.0
2018-05-04 09:33:59.130,240986,240940,S,,20180504,670.08,93359130,100,67008.0
2018-05-04 09:33:59.180,241009,240940,S,,20180504,670.08,93359180,100,67008.0
2018-05-04 09:33:59.500,241009,241157,B,,20180504,670.06,93359500,100,67006.0
2018-05-04 09:34:00.150,241415,237788,S,,20180504,670.05,93400150,322,215756.09999999998
2018-05-04 09:34:00.150,241415,238789,S,,20180504,670.05,93400150,400,268020.0
2018-05-04 09:34:00.150,241415,241379,S,,20180504,670.03,93400150,800,536024.0
2018-05-04 09:34:00.150,241415,87432,S,,20180504,670.0,93400150,3283,2199610.0
2018-05-04 09:34:00.150,241415,176184,S,,20180504,670.0,93400150,100,67000.0
2018-05-04 09:34:00.150,241415,219488,S,,20180504,670.0,93400150,100,67000.0
2018-05-04 09:34:00.150,241415,223695,S,,20180504,670.0,93400150,100,67000.0
2018-05-04 09:34:00.150,241415,225994,S,,20180504,670.0,93400150,195,130650.0
2018-05-04 09:34:00.630,241613,241567,S,,20180504,670.05,93400630,100,67005.0
2018-05-04 09:34:00.650,241627,225994,S,,20180504,670.0,93400650,305,204350.0
2018-05-04 09:34:00.650,241627,226978,S,,20180504,670.0,93400650,100,67000.0
2018-05-04 09:34:00.650,241627,233494,S,,20180504,670.0,93400650,95,63650.0
2018-05-04 09:34:01.780,242101,233494,S,,20180504,670.0,93401780,5,3350.0
2018-05-04 09:34:01.780,242101,241717,S,,20180504,670.0,93401780,100,67000.0
2018-05-04 09:34:03.730,242876,100128,S,,20180504,669.18,93403730,10,6691.799999999999
2018-05-04 09:34:04.820,242147,243317,B,,20180504,669.98,93404820,100,66998.0
2018-05-04 09:34:05.200,242147,243441,B,,20180504,669.98,93405200,200,133996.0
2018-05-04 09:34:05.690,242148,243625,B,,20180504,669.98,93405690,100,66998.0
2018-05-04 09:34:06.480,243968,100128,S,,20180504,669.18,93406480,90,60226.2
2018-05-04 09:34:08.420,244742,117471,S,,20180504,669.0,93408420,100,66900.0
2018-05-04 09:34:08.470,243968,244754,B,,20180504,669.16,93408470,110,73607.59999999999
2018-05-04 09:34:08.470,244503,244754,B,,20180504,669.16,93408470,90,60224.399999999994
2018-05-04 09:34:08.890,244503,244900,B,,20180504,669.16,93408890,10,6691.599999999999
2018-05-04 09:34:08.890,244504,244900,B,,20180504,669.16,93408890,90,60224.399999999994
2018-05-04 09:34:09.650,245190,181280,S,,20180504,669.0,93409650,100,66900.0
2018-05-04 09:34:10.880,245190,245671,B,,20180504,669.0,93410880,100,66900.0
2018-05-04 09:34:10.970,244504,245721,B,,20180504,669.16,93410970,10,6691.599999999999
2018-05-04 09:34:10.970,244033,245721,B,,20180504,669.18,93410970,90,60226.2
2018-05-04 09:34:11.250,245722,245829,B,,20180504,669.16,93411250,100,66916.0
2018-05-04 09:34:11.540,244033,245942,B,,20180504,669.18,93411540,10,6691.799999999999
2018-05-04 09:34:11.540,245925,245942,B,,20180504,669.18,93411540,90,60226.2
2018-05-04 09:34:12.120,245925,246161,B,,20180504,669.18,93412120,10,6691.799999999999
2018-05-04 09:34:12.120,243045,246161,B,,20180504,669.98,93412120,290,194294.2
2018-05-04 09:34:12.600,246339,246032,S,,20180504,669.0,93412600,300,200700.0
2018-05-04 09:34:15.480,246339,247465,B,,20180504,669.0,93415480,100,66900.0
2018-05-04 09:34:15.730,247580,229491,S,,20180504,668.8,93415730,300,200640.0
2018-05-04 09:34:17.780,248151,248420,B,,20180504,668.8,93417780,100,66880.0
2018-05-04 09:34:18.720,248795,248724,S,,20180504,668.88,93418720,63,42139.44
2018-05-04 09:34:19.540,249163,248724,S,,20180504,668.88,93419540,37,24748.56
2018-05-04 09:34:19.540,249163,241569,S,,20180504,668.7,93419540,163,108998.1
2018-05-04 09:34:19.780,247708,249255,B,,20180504,668.95,93419780,100,66895.0
2018-05-04 09:34:20.200,247708,249411,B,,20180504,668.95,93420200,200,133790.0
2018-05-04 09:34:21.860,249680,250064,B,,20180504,668.75,93421860,500,334375.0
2018-05-04 09:34:22.780,250379,241569,S,,20180504,668.7,93422780,100,66870.0
2018-05-04 09:34:22.780,250380,241569,S,,20180504,668.7,93422780,37,24741.9
2018-05-04 09:34:23.760,250380,250801,B,,20180504,668.68,93423760,63,42126.84
2018-05-04 09:34:23.760,250460,250801,B,,20180504,668.69,93423760,137,91610.53000000001
2018-05-04 09:34:24.380,251041,250801,S,,20180504,668.7,93424380,100,66870.0
2018-05-04 09:34:24.760,251201,244506,S,,20180504,668.03,93424760,224,149638.72
2018-05-04 09:34:25.040,251288,251313,B,,20180504,668.7,93425040,100,66870.0
2018-05-04 09:34:25.040,249680,251313,B,,20180504,668.75,93425040,100,66875.0
2018-05-04 09:34:26.510,251879,244506,S,,20180504,668.03,93426510,221,147634.63
2018-05-04 09:34:28.780,252908,244506,S,,20180504,668.03,93428780,55,36741.65
2018-05-04 09:34:28.780,252908,252101,S,,20180504,668.03,93428780,45,30061.35
2018-05-04 09:34:28.780,252909,252101,S,,20180504,668.03,93428780,55,36741.65
2018-05-04 09:34:28.780,252909,251791,S,,20180504,668.02,93428780,45,30060.899999999998
2018-05-04 09:34:28.950,253001,251791,S,,20180504,668.02,93428950,55,36741.1
2018-05-04 09:34:28.950,253001,251892,S,,20180504,668.02,93428950,100,66802.0
2018-05-04 09:34:28.970,251789,253014,B,,20180504,668.7,93428970,100,66870.0
2018-05-04 09:34:28.970,252555,253014,B,,20180504,668.7,93428970,100,66870.0
2018-05-04 09:34:28.970,253002,253014,B,,20180504,668.7,93428970,100,66870.0
2018-05-04 09:34:30.710,253212,253812,B,,20180504,668.7,93430710,100,66870.0
2018-05-04 09:34:30.810,253366,253864,B,,20180504,668.7,93430810,100,66870.0
2018-05-04 09:34:30.810,253397,253865,B,,20180504,668.7,93430810,100,66870.0
2018-05-04 09:34:30.810,253408,253875,B,,20180504,668.7,93430810,100,66870.0
2018-05-04 09:34:30.810,253688,253875,B,,20180504,668.7,93430810,100,66870.0
2018-05-04 09:34:30.810,253688,253876,B,,20180504,668.7,93430810,100,66870.0
2018-05-04 09:34:30.810,253688,253877,B,,20180504,668.7,93430810,100,66870.0
2018-05-04 09:34:31.000,253977,253877,S,,20180504,668.7,93431000,100,66870.0
2018-05-04 09:34:31.000,253977,253935,S,,20180504,668.7,93431000,100,66870.0
2018-05-04 09:34:31.140,254027,253964,S,,20180504,668.7,93431140,100,66870.0
2018-05-04 09:34:31.140,254027,253966,S,,20180504,668.7,93431140,100,66870.0
2018-05-04 09:34:31.190,254027,254058,B,,20180504,668.7,93431190,100,66870.0
2018-05-04 09:34:31.190,254027,254059,B,,20180504,668.7,93431190,100,66870.0
2018-05-04 09:34:31.770,254290,254081,S,,20180504,668.7,93431770,100,66870.0
2018-05-04 09:34:31.770,254290,254082,S,,20180504,668.7,93431770,100,66870.0
2018-05-04 09:34:31.770,254290,254129,S,,20180504,668.7,93431770,100,66870.0
2018-05-04 09:34:31.770,254290,254131,S,,20180504,668.7,93431770,100,66870.0
2018-05-04 09:34:31.870,254333,254164,S,,20180504,668.7,93431870,100,66870.0
2018-05-04 09:34:31.960,253938,254370,B,,20180504,668.8,93431960,100,66880.0
2018-05-04 09:34:31.960,247708,254370,B,,20180504,668.95,93431960,200,133790.0
2018-05-04 09:34:32.350,254519,254195,S,,20180504,668.7,93432350,100,66870.0
2018-05-04 09:34:32.350,254519,254371,S,,20180504,668.7,93432350,100,66870.0
2018-05-04 09:34:33.020,254828,253419,S,,20180504,668.1,93433020,100,66810.0
2018-05-04 09:34:33.970,254928,255221,B,,20180504,668.7,93433970,100,66870.0
2018-05-04 09:34:34.000,255110,255242,B,,20180504,668.7,93434000,100,66870.0
2018-05-04 09:34:34.450,255421,255404,S,,20180504,668.75,93434450,100,66875.0
2018-05-04 09:34:34.480,255430,254308,S,,20180504,668.03,93434480,100,66803.0
2018-05-04 09:34:34.900,255631,254308,S,,20180504,668.03,93434900,100,66803.0
2018-05-04 09:34:34.900,255632,254308,S,,20180504,668.03,93434900,100,66803.0
2018-05-04 09:34:35.480,255663,255860,B,,20180504,668.7,93435480,100,66870.0
2018-05-04 09:34:35.800,256000,255860,S,,20180504,668.7,93435800,100,66870.0
2018-05-04 09:34:35.930,256057,255860,S,,20180504,668.7,93435930,100,66870.0
2018-05-04 09:34:36.100,256125,256014,S,,20180504,668.09,93436100,100,66809.0
2018-05-04 09:34:36.100,256125,255949,S,,20180504,668.04,93436100,100,66804.0
2018-05-04 09:34:36.180,247708,256155,B,,20180504,668.95,93436180,100,66895.0
2018-05-04 09:34:36.180,247760,256155,B,,20180504,668.95,93436180,100,66895.0
2018-05-04 09:34:36.690,247485,256381,B,,20180504,669.0,93436690,200,133800.0
2018-05-04 09:34:36.690,248039,256381,B,,20180504,669.0,93436690,200,133800.0
2018-05-04 09:34:36.690,248365,256381,B,,20180504,669.0,93436690,200,133800.0
2018-05-04 09:34:36.710,248459,256399,B,,20180504,669.0,93436710,400,267600.0
2018-05-04 09:34:36.760,256428,255949,S,,20180504,668.04,93436760,68,45426.72
2018-05-04 09:34:36.760,248459,256433,B,,20180504,669.0,93436760,200,133800.0
2018-05-04 09:34:36.780,248995,256442,B,,20180504,669.0,93436780,100,66900.0
2018-05-04 09:34:36.780,249968,256442,B,,20180504,669.0,93436780,100,66900.0
2018-05-04 09:34:36.810,251874,256458,B,,20180504,669.0,93436810,100,66900.0
2018-05-04 09:34:36.810,252001,256458,B,,20180504,669.0,93436810,100,66900.0
2018-05-04 09:34:36.810,252001,256459,B,,20180504,669.0,93436810,400,267600.0
2018-05-04 09:34:36.810,252013,256459,B,,20180504,669.0,93436810,100,66900.0
2018-05-04 09:34:36.810,254666,256459,B,,20180504,669.0,93436810,100,66900.0
2018-05-04 09:34:37.410,256772,256460,S,,20180504,669.0,93437410,100,66900.0
2018-05-04 09:34:37.440,246191,256794,B,,20180504,669.13,93437440,300,200739.0
2018-05-04 09:34:37.440,246283,256794,B,,20180504,669.13,93437440,200,133826.0
2018-05-04 09:34:37.590,256855,256498,S,,20180504,669.0,93437590,200,133800.0
2018-05-04 09:34:37.750,256918,256498,S,,20180504,669.0,93437750,100,66900.0
2018-05-04 09:34:37.750,256919,256498,S,,20180504,669.0,93437750,100,66900.0
2018-05-04 09:34:38.290,257140,256498,S,,20180504,669.0,93438290,100,66900.0
2018-05-04 09:34:38.390,257180,256498,S,,20180504,669.0,93438390,100,66900.0
2018-05-04 09:34:38.940,257394,256499,S,,20180504,669.0,93438940,300,200700.0
2018-05-04 09:34:39.500,257651,256499,S,,20180504,669.0,93439500,100,66900.0
2018-05-04 09:34:39.570,257685,256521,S,,20180504,669.0,93439570,100,66900.0
2018-05-04 09:34:39.590,257691,256521,S,,20180504,669.0,93439590,300,200700.0
2018-05-04 09:34:39.620,246283,257701,B,,20180504,669.13,93439620,200,133826.0
2018-05-04 09:34:39.620,257702,256524,S,,20180504,669.0,93439620,100,66900.0
2018-05-04 09:34:39.620,257703,256524,S,,20180504,669.0,93439620,200,133800.0
2018-05-04 09:34:39.620,257703,256537,S,,20180504,669.0,93439620,400,267600.0
2018-05-04 09:34:39.620,257703,256538,S,,20180504,669.0,93439620,300,200700.0
2018-05-04 09:34:39.620,257703,256541,S,,20180504,669.0,93439620,100,66900.0
2018-05-04 09:34:39.670,247975,257738,B,,20180504,669.18,93439670,100,66918.0
2018-05-04 09:34:40.170,257978,257728,S,,20180504,669.13,93440170,200,133826.0
2018-05-04 09:34:40.170,257978,257732,S,,20180504,669.13,93440170,100,66913.0
2018-05-04 09:34:40.170,257978,257765,S,,20180504,669.13,93440170,200,133826.0
2018-05-04 09:34:40.170,257978,257827,S,,20180504,669.13,93440170,100,66913.0
2018-05-04 09:34:40.670,258183,258061,S,,20180504,669.25,93440670,100,66925.0
2018-05-04 09:34:40.670,258183,257831,S,,20180504,669.13,93440670,100,66913.0
2018-05-04 09:34:40.670,258183,257933,S,,20180504,669.13,93440670,100,66913.0
2018-05-04 09:34:40.800,258241,257934,S,,20180504,669.13,93440800,100,66913.0
2018-05-04 09:34:40.800,258241,258149,S,,20180504,669.13,93440800,100,66913.0
2018-05-04 09:34:40.800,258242,258149,S,,20180504,669.13,93440800,100,66913.0
2018-05-04 09:34:40.800,258242,258217,S,,20180504,669.13,93440800,100,66913.0
2018-05-04 09:34:40.850,248387,258259,B,,20180504,669.88,93440850,100,66988.0
2018-05-04 09:34:40.850,251051,258259,B,,20180504,669.95,93440850,200,133990.0
2018-05-04 09:34:40.900,258289,258217,S,,20180504,669.13,93440900,100,66913.0
2018-05-04 09:34:41.040,258343,256699,S,,20180504,669.0,93441040,100,66900.0
2018-05-04 09:34:41.040,258344,256699,S,,20180504,669.0,93441040,100,66900.0
2018-05-04 09:34:41.490,258503,258406,S,,20180504,669.26,93441490,100,66926.0
2018-05-04 09:34:42.050,258716,257459,S,,20180504,669.0,93442050,200,133800.0
2018-05-04 09:34:42.050,258716,258218,S,,20180504,669.0,93442050,100,66900.0
2018-05-04 09:34:42.200,258762,258218,S,,20180504,669.0,93442200,100,66900.0
2018-05-04 09:34:42.220,258778,258218,S,,20180504,669.0,93442220,100,66900.0
2018-05-04 09:34:42.750,259004,258836,S,,20180504,669.29,93442750,58,38818.82
2018-05-04 09:34:43.720,259479,258836,S,,20180504,669.29,93443720,42,28110.18
2018-05-04 09:34:44.410,259729,258826,S,,20180504,669.13,93444410,100,66913.0
2018-05-04 09:34:44.410,259729,258832,S,,20180504,669.13,93444410,100,66913.0
2018-05-04 09:34:44.980,259942,259162,S,,20180504,669.13,93444980,100,66913.0
2018-05-04 09:34:45.710,260202,260255,B,,20180504,669.0,93445710,100,66900.0
2018-05-04 09:34:45.800,260202,260313,B,,20180504,669.0,93445800,100,66900.0
2018-05-04 09:34:45.800,259479,260313,B,,20180504,669.27,93445800,158,105744.66
2018-05-04 09:34:45.800,259480,260313,B,,20180504,669.27,93445800,42,28109.34
2018-05-04 09:34:45.830,259480,260330,B,,20180504,669.27,93445830,100,66927.0
2018-05-04 09:34:45.830,259480,260331,B,,20180504,669.27,93445830,58,38817.659999999996
2018-05-04 09:34:46.350,260538,260331,S,,20180504,669.27,93446350,42,28109.34
2018-05-04 09:34:46.350,260538,260341,S,,20180504,669.27,93446350,58,38817.659999999996
2018-05-04 09:34:46.970,260804,260341,S,,20180504,669.27,93446970,32,21416.64
2018-05-04 09:34:46.970,260805,260341,S,,20180504,669.27,93446970,100,66927.0
2018-05-04 09:34:49.270,261765,260341,S,,20180504,669.27,93449270,10,6692.7
2018-05-04 09:34:49.270,261765,260382,S,,20180504,669.27,93449270,90,60234.299999999996
2018-05-04 09:34:49.370,261822,260382,S,,20180504,669.27,93449370,10,6692.7
2018-05-04 09:34:49.370,261822,260385,S,,20180504,669.27,93449370,100,66927.0
2018-05-04 09:34:49.370,261822,260506,S,,20180504,669.27,93449370,100,66927.0
2018-05-04 09:34:49.370,261822,260510,S,,20180504,669.27,93449370,100,66927.0
2018-05-04 09:34:49.370,261822,260558,S,,20180504,669.27,93449370,100,66927.0
2018-05-04 09:34:49.370,261822,260733,S,,20180504,669.27,93449370,100,66927.0
2018-05-04 09:34:49.370,261822,260942,S,,20180504,669.27,93449370,100,66927.0
2018-05-04 09:34:49.370,261822,261456,S,,20180504,669.13,93449370,90,60221.7
2018-05-04 09:34:50.940,262390,261456,S,,20180504,669.13,93450940,310,207430.3
2018-05-04 09:34:51.060,262390,262429,B,,20180504,669.0,93451060,300,200700.0
2018-05-04 09:34:51.620,262390,262661,B,,20180504,669.0,93451620,1790,1197510.0
2018-05-04 09:34:51.690,262697,262661,S,,20180504,669.02,93451690,10,6690.2
2018-05-04 09:34:51.690,262697,258791,S,,20180504,668.95,93451690,90,60205.50000000001
2018-05-04 09:34:51.710,262709,258791,S,,20180504,668.95,93451710,10,6689.5
2018-05-04 09:34:51.710,262709,259723,S,,20180504,668.95,93451710,144,96328.8
2018-05-04 09:34:52.050,262718,262884,B,,20180504,669.08,93452050,100,66908.0
2018-05-04 09:34:52.050,262720,262884,B,,20180504,669.08,93452050,600,401448.0
2018-05-04 09:34:52.050,262856,262884,B,,20180504,669.08,93452050,400,267632.0
2018-05-04 09:34:52.050,261859,262884,B,,20180504,669.29,93452050,100,66929.0
2018-05-04 09:34:52.050,259003,262884,B,,20180504,669.95,93452050,100,66995.0
2018-05-04 09:34:52.050,260196,262884,B,,20180504,669.95,93452050,100,66995.0
2018-05-04 09:34:52.050,249468,262884,B,,20180504,669.97,93452050,100,66997.0
2018-05-04 09:34:52.050,242101,262884,B,,20180504,670.0,93452050,200,134000.0
2018-05-04 09:34:52.780,263217,262727,S,,20180504,669.0,93452780,100,66900.0
2018-05-04 09:34:52.780,263218,262740,S,,20180504,669.0,93452780,100,66900.0
2018-05-04 09:34:52.990,263290,262740,S,,20180504,669.0,93452990,100,66900.0
2018-05-04 09:34:52.990,263290,262741,S,,20180504,669.0,93452990,100,66900.0
2018-05-04 09:34:53.280,263384,262741,S,,20180504,669.0,93453280,200,133800.0
2018-05-04 09:34:53.550,263183,263468,B,,20180504,669.27,93453550,100,66927.0
2018-05-04 09:34:54.080,263555,263686,B,,20180504,669.27,93454080,100,66927.0
2018-05-04 09:34:54.670,263555,263895,B,,20180504,669.27,93454670,100,66927.0
2018-05-04 09:34:54.850,263931,263993,B,,20180504,669.27,93454850,100,66927.0
2018-05-04 09:34:54.940,264024,263519,S,,20180504,669.1,93454940,200,133820.0
2018-05-04 09:34:55.780,264374,263519,S,,20180504,669.1,93455780,100,66910.0
2018-05-04 09:34:57.230,264944,262749,S,,20180504,669.0,93457230,100,66900.0
2018-05-04 09:34:57.230,264945,262749,S,,20180504,669.0,93457230,100,66900.0
2018-05-04 09:34:57.230,264945,262752,S,,20180504,669.0,93457230,500,334500.0
2018-05-04 09:34:57.340,264988,262752,S,,20180504,669.0,93457340,1200,802800.0
2018-05-04 09:34:57.340,264988,262759,S,,20180504,669.0,93457340,300,200700.0
2018-05-04 09:34:57.340,264988,262760,S,,20180504,669.0,93457340,200,133800.0
2018-05-04 09:34:57.340,264988,262769,S,,20180504,669.0,93457340,100,66900.0
2018-05-04 09:34:57.660,264374,265128,B,,20180504,669.08,93457660,100,66908.0
2018-05-04 09:34:57.660,264375,265128,B,,20180504,669.08,93457660,100,66908.0
2018-05-04 09:34:57.660,265138,262770,S,,20180504,669.0,93457660,200,133800.0
2018-05-04 09:34:57.660,265138,262794,S,,20180504,669.0,93457660,100,66900.0
2018-05-04 09:34:57.660,265138,262808,S,,20180504,669.0,93457660,100,66900.0
2018-05-04 09:34:57.660,265138,262839,S,,20180504,669.0,93457660,100,66900.0
2018-05-04 09:34:57.660,264375,265141,B,,20180504,669.08,93457660,100,66908.0
2018-05-04 09:34:58.040,265349,265141,S,,20180504,669.1,93458040,300,200730.0
2018-05-04 09:34:58.040,265350,265281,S,,20180504,669.08,93458040,100,66908.0
2018-05-04 09:34:58.040,265350,265286,S,,20180504,669.08,93458040,100,66908.0
2018-05-04 09:34:58.560,265584,265429,S,,20180504,669.11,93458560,300,200733.0
2018-05-04 09:34:58.560,265584,262870,S,,20180504,669.0,93458560,100,66900.0
2018-05-04 09:34:58.560,265584,262871,S,,20180504,669.0,93458560,200,133800.0
2018-05-04 09:34:58.690,265636,263005,S,,20180504,669.0,93458690,200,133800.0
2018-05-04 09:34:58.690,265636,265210,S,,20180504,669.0,93458690,100,66900.0
2018-05-04 09:34:58.690,265636,265551,S,,20180504,669.0,93458690,100,66900.0
2018-05-04 09:34:58.690,265636,259723,S,,20180504,668.95,93458690,56,37461.200000000004
2018-05-04 09:34:58.690,265636,261211,S,,20180504,668.95,93458690,100,66895.0
2018-05-04 09:34:59.590,265636,265981,B,,20180504,668.95,93459590,44,29433.800000000003
2018-05-04 09:35:00.760,266066,266503,B,,20180504,669.08,93500760,200,133816.0
2018-05-04 09:35:01.040,266620,266532,S,,20180504,669.08,93501040,200,133816.0
2018-05-04 09:35:01.240,266713,266071,S,,20180504,669.01,93501240,100,66901.0
2018-05-04 09:35:01.240,266713,265981,S,,20180504,669.0,93501240,56,37464.0
2018-05-04 09:35:01.240,266713,266703,S,,20180504,669.0,93501240,100,66900.0
2018-05-04 09:35:01.260,266713,266728,B,,20180504,669.0,93501260,300,200700.0
2018-05-04 09:35:02.280,267048,267184,B,,20180504,668.99,93502280,100,66899.0
2018-05-04 09:35:02.770,266713,267389,B,,20180504,669.0,93502770,100,66900.0
2018-05-04 09:35:02.850,266713,267409,B,,20180504,669.0,93502850,300,200700.0
2018-05-04 09:35:02.900,266713,267425,B,,20180504,669.0,93502900,100,66900.0
2018-05-04 09:35:03.730,267768,264462,S,,20180504,668.9,93503730,100,66890.0
2018-05-04 09:35:03.810,266713,267839,B,,20180504,669.0,93503810,100,66900.0
2018-05-04 09:35:03.830,266713,267859,B,,20180504,669.0,93503830,500,334500.0
2018-05-04 09:35:03.830,266713,267876,B,,20180504,669.0,93503830,2144,1434336.0
2018-05-04 09:35:03.830,267769,267876,B,,20180504,669.0,93503830,100,66900.0
2018-05-04 09:35:03.830,267872,267876,B,,20180504,669.0,93503830,100,66900.0
2018-05-04 09:35:04.780,268244,267990,S,,20180504,669.01,93504780,100,66901.0
2018-05-04 09:35:04.950,268323,267876,S,,20180504,669.0,93504950,56,37464.0
2018-05-04 09:35:04.950,268323,267919,S,,20180504,669.0,93504950,144,96336.0
2018-05-04 09:35:05.920,268717,267919,S,,20180504,669.0,93505920,56,37464.0
2018-05-04 09:35:05.920,268717,267920,S,,20180504,669.0,93505920,44,29436.0
2018-05-04 09:35:06.140,266795,268814,B,,20180504,669.08,93506140,100,66908.0
2018-05-04 09:35:06.670,266795,269023,B,,20180504,669.08,93506670,100,66908.0
2018-05-04 09:35:06.670,266445,269023,B,,20180504,669.1,93506670,100,66910.0
2018-05-04 09:35:06.770,269087,267920,S,,20180504,669.0,93506770,36,24084.0
2018-05-04 09:35:06.820,269088,269126,B,,20180504,669.08,93506820,100,66908.0
2018-05-04 09:35:07.030,269239,269156,S,,20180504,669.08,93507030,19,12712.52
2018-05-04 09:35:07.030,269240,269156,S,,20180504,669.08,93507030,81,54195.48
2018-05-04 09:35:07.460,266445,269424,B,,20180504,669.1,93507460,100,66910.0
2018-05-04 09:35:07.700,267387,269518,B,,20180504,669.1,93507700,100,66910.0
2018-05-04 09:35:07.700,267455,269518,B,,20180504,669.1,93507700,100,66910.0
2018-05-04 09:35:07.700,268363,269518,B,,20180504,669.1,93507700,300,200730.0
2018-05-04 09:35:07.770,269545,267949,S,,20180504,669.0,93507770,200,133800.0
2018-05-04 09:35:08.870,269952,268351,S,,20180504,669.0,93508870,200,133800.0
2018-05-04 09:35:08.870,269952,269089,S,,20180504,669.0,93508870,100,66900.0
2018-05-04 09:35:08.870,269952,269310,S,,20180504,669.0,93508870,200,133800.0
2018-05-04 09:35:08.870,269952,269345,S,,20180504,669.0,93508870,100,66900.0
2018-05-04 09:35:09.430,269952,270187,B,,20180504,669.0,93509430,400,267600.0
2018-05-04 09:35:09.430,267829,270187,B,,20180504,669.13,93509430,100,66913.0
2018-05-04 09:35:09.770,265568,270349,B,,20180504,669.27,93509770,100,66927.0
2018-05-04 09:35:09.790,265568,270361,B,,20180504,669.27,93509790,100,66927.0
2018-05-04 09:35:09.790,265568,270362,B,,20180504,669.27,93509790,100,66927.0
2018-05-04 09:35:09.790,265568,270363,B,,20180504,669.27,93509790,200,133854.0
2018-05-04 09:35:09.790,270352,270367,B,,20180504,669.27,93509790,100,66927.0
2018-05-04 09:35:09.860,270352,270396,B,,20180504,669.27,93509860,100,66927.0
2018-05-04 09:35:10.120,270531,270415,S,,20180504,669.27,93510120,97,64919.189999999995
2018-05-04 09:35:10.780,270801,270415,S,,20180504,669.27,93510780,100,66927.0
2018-05-04 09:35:10.780,270806,270415,S,,20180504,669.27,93510780,3,2007.81
2018-05-04 09:35:10.780,270806,270455,S,,20180504,669.27,93510780,97,64919.189999999995
2018-05-04 09:35:10.930,270851,270455,S,,20180504,669.27,93510930,3,2007.81
2018-05-04 09:35:10.930,270851,270471,S,,20180504,669.27,93510930,97,64919.189999999995
2018-05-04 09:35:11.300,270982,270471,S,,20180504,669.27,93511300,100,66927.0
2018-05-04 09:35:11.780,271190,270471,S,,20180504,669.27,93511780,3,2007.81
2018-05-04 09:35:11.780,271190,270573,S,,20180504,669.27,93511780,100,66927.0
2018-05-04 09:35:11.780,271190,270577,S,,20180504,669.27,93511780,97,64919.189999999995
2018-05-04 09:35:12.190,271339,270577,S,,20180504,669.27,93512190,3,2007.81
2018-05-04 09:35:12.190,271339,270578,S,,20180504,669.27,93512190,100,66927.0
2018-05-04 09:35:12.190,271339,270903,S,,20180504,669.27,93512190,97,64919.189999999995
2018-05-04 09:35:12.610,271470,270903,S,,20180504,669.27,93512610,3,2007.81
2018-05-04 09:35:12.710,271470,271527,B,,20180504,669.08,93512710,200,133816.0
2018-05-04 09:35:12.870,271470,271626,B,,20180504,669.08,93512870,100,66908.0
2018-05-04 09:35:13.370,271470,271863,B,,20180504,669.08,93513370,100,66908.0
2018-05-04 09:35:13.500,271470,271915,B,,20180504,669.08,93513500,97,64900.76
2018-05-04 09:35:13.500,271566,271915,B,,20180504,669.26,93513500,3,2007.78
2018-05-04 09:35:13.780,272009,272008,S,,20180504,669.27,93513780,100,66927.0
2018-05-04 09:35:14.600,272319,272155,S,,20180504,669.27,93514600,300,200781.0
2018-05-04 09:35:14.600,272319,272280,S,,20180504,669.08,93514600,100,66908.0
2018-05-04 09:35:14.600,272319,270652,S,,20180504,669.0,93514600,300,200700.0
2018-05-04 09:35:14.600,272320,270652,S,,20180504,669.0,93514600,700,468300.0
2018-05-04 09:35:15.110,272426,272512,B,,20180504,669.01,93515110,100,66901.0
2018-05-04 09:35:15.430,272426,272639,B,,20180504,669.01,93515430,200,133802.0
2018-05-04 09:35:15.520,272670,270652,S,,20180504,669.0,93515520,200,133800.0
2018-05-04 09:35:15.650,272426,272738,B,,20180504,669.01,93515650,100,66901.0
2018-05-04 09:35:15.680,272426,272747,B,,20180504,669.01,93515680,100,66901.0
2018-05-04 09:35:15.760,272788,272747,S,,20180504,669.03,93515760,31,20739.93
2018-05-04 09:35:15.760,264091,272798,B,,20180504,669.5,93515760,100,66950.0
2018-05-04 09:35:16.170,264091,272999,B,,20180504,669.5,93516170,100,66950.0
2018-05-04 09:35:16.340,273092,273072,S,,20180504,669.27,93516340,100,66927.0
2018-05-04 09:35:16.340,273092,272747,S,,20180504,669.03,93516340,200,133806.0
2018-05-04 09:35:16.650,273225,272747,S,,20180504,669.03,93516650,100,66903.0
2018-05-04 09:35:16.800,273288,272747,S,,20180504,669.03,93516800,69,46163.07
2018-05-04 09:35:16.800,273288,273127,S,,20180504,669.02,93516800,31,20739.62
2018-05-04 09:35:17.940,273749,273556,S,,20180504,669.27,93517940,100,66927.0
2018-05-04 09:35:17.940,273749,273127,S,,20180504,669.02,93517940,69,46162.38
2018-05-04 09:35:17.940,273749,272771,S,,20180504,669.01,93517940,17,11373.17
2018-05-04 09:35:17.940,273750,272771,S,,20180504,669.01,93517940,83,55527.83
2018-05-04 09:35:17.940,273750,272773,S,,20180504,669.01,93517940,17,11373.17
2018-05-04 09:35:18.420,273951,272773,S,,20180504,669.01,93518420,83,55527.83
2018-05-04 09:35:18.420,273951,272819,S,,20180504,669.01,93518420,17,11373.17
2018-05-04 09:35:18.990,273964,274254,B,,20180504,669.22,93518990,100,66922.0
2018-05-04 09:35:19.290,273964,274372,B,,20180504,669.22,93519290,100,66922.0
2018-05-04 09:35:19.460,273964,274453,B,,20180504,669.22,93519460,100,66922.0
2018-05-04 09:35:19.760,274563,274195,S,,20180504,669.02,93519760,100,66902.0
2018-05-04 09:35:20.110,264091,274691,B,,20180504,669.5,93520110,100,66950.0
2018-05-04 09:35:20.170,271565,274730,B,,20180504,669.5,93520170,100,66950.0
2018-05-04 09:35:20.770,271565,274940,B,,20180504,669.5,93520770,100,66950.0
2018-05-04 09:35:21.230,275107,272819,S,,20180504,669.01,93521230,83,55527.83
2018-05-04 09:35:21.230,275107,274116,S,,20180504,669.01,93521230,17,11373.17
2018-05-04 09:35:21.290,271565,275137,B,,20180504,669.5,93521290,100,66950.0
2018-05-04 09:35:21.700,271587,275295,B,,20180504,669.5,93521700,100,66950.0
2018-05-04 09:35:21.700,274406,275295,B,,20180504,669.5,93521700,300,200850.0
2018-05-04 09:35:21.750,275323,275295,S,,20180504,669.5,93521750,400,267800.0
2018-05-04 09:35:23.220,275879,275330,S,,20180504,669.73,93523220,100,66973.0
2018-05-04 09:35:23.220,275879,275240,S,,20180504,669.08,93523220,100,66908.0
2018-05-04 09:35:23.220,275879,274116,S,,20180504,669.01,93523220,83,55527.83
2018-05-04 09:35:23.220,275879,274267,S,,20180504,669.01,93523220,100,66901.0
