,AskOrder,BidOrder,BSFlags,FunctionCode,Date,Price,Time,Volume,Amount
2018-05-09 09:25:00.530,37166,85247,B,,20180509,709.08,92500530,100,70908.0
2018-05-09 09:25:00.530,41740,85247,B,,20180509,709.08,92500530,100,70908.0
2018-05-09 09:25:00.530,41741,85247,B,,20180509,709.08,92500530,100,70908.0
2018-05-09 09:25:00.530,41741,86873,B,,20180509,709.08,92500530,100,70908.0
2018-05-09 09:25:00.530,41741,27765,S,,20180509,709.08,92500530,100,70908.0
2018-05-09 09:25:00.530,41741,95634,B,,20180509,709.08,92500530,1000,709080.0
2018-05-09 09:25:00.530,16349,95634,B,,20180509,709.08,92500530,1000,709080.0
2018-05-09 09:25:00.530,7704,95634,B,,20180509,709.08,92500530,1300,921804.0
2018-05-09 09:25:00.530,7704,99295,B,,20180509,709.08,92500530,100,70908.0
2018-05-09 09:25:00.530,7704,70609,B,,20180509,709.08,92500530,100,70908.0
2018-05-09 09:25:00.530,7704,70610,B,,20180509,709.08,92500530,100,70908.0
2018-05-09 09:25:00.530,7704,23725,B,,20180509,709.08,92500530,100,70908.0
2018-05-09 09:25:00.530,7704,78755,B,,20180509,709.08,92500530,1700,1205436.0
2018-05-09 09:25:00.530,7704,84222,B,,20180509,709.08,92500530,100,70908.0
2018-05-09 09:25:00.530,7704,92710,B,,20180509,709.08,92500530,100,70908.0
2018-05-09 09:25:00.530,7704,93985,B,,20180509,709.08,92500530,100,70908.0
2018-05-09 09:25:00.530,7704,96741,B,,20180509,709.08,92500530,100,70908.0
2018-05-09 09:25:00.530,7704,98320,B,,20180509,709.08,92500530,100,70908.0
2018-05-09 09:25:00.530,7704,100295,B,,20180509,709.08,92500530,700,496356.0
2018-05-09 09:25:00.530,7704,27775,B,,20180509,709.08,92500530,100,70908.0
2018-05-09 09:25:00.530,7704,62421,B,,20180509,709.08,92500530,100,70908.0
2018-05-09 09:25:00.530,7704,52183,B,,20180509,709.08,92500530,100,70908.0
2018-05-09 09:25:00.530,61775,52183,S,,20180509,709.08,92500530,100,70908.0
2018-05-09 09:25:00.530,66098,52183,S,,20180509,709.08,92500530,100,70908.0
2018-05-09 09:25:00.530,88856,52183,S,,20180509,709.08,92500530,100,70908.0
2018-05-09 09:25:00.530,95413,52183,S,,20180509,709.08,92500530,100,70908.0
2018-05-09 09:25:00.530,95413,60442,S,,20180509,709.08,92500530,200,141816.0
2018-05-09 09:25:00.530,13903,79713,B,,20180509,709.08,92500530,100,70908.0
2018-05-09 09:25:00.530,13903,92496,B,,20180509,709.08,92500530,100,70908.0
2018-05-09 09:25:00.530,13903,96693,B,,20180509,709.08,92500530,100,70908.0
2018-05-09 09:25:00.530,13903,97081,B,,20180509,709.08,92500530,100,70908.0
2018-05-09 09:25:00.530,13903,98419,B,,20180509,709.08,92500530,100,70908.0
2018-05-09 09:25:00.530,13903,51872,B,,20180509,709.08,92500530,100,70908.0
2018-05-09 09:25:00.530,13902,94182,B,,20180509,709.08,92500530,300,212724.0
2018-05-09 09:25:00.530,13902,102933,B,,20180509,709.08,92500530,300,212724.0
2018-05-09 09:25:00.530,85651,102933,B,,20180509,709.08,92500530,100,70908.0
2018-05-09 09:25:00.530,68993,102933,B,,20180509,709.08,92500530,100,70908.0
2018-05-09 09:25:00.530,70060,102933,B,,20180509,709.08,92500530,100,70908.0
2018-05-09 09:25:00.530,76613,103330,B,,20180509,709.08,92500530,100,70908.0
2018-05-09 09:25:00.530,98025,103330,B,,20180509,709.08,92500530,1100,779988.0
2018-05-09 09:25:00.530,98025,147,S,,20180509,709.08,92500530,500,354540.0
2018-05-09 09:25:00.530,98025,103007,B,,20180509,709.08,92500530,200,141816.0
2018-05-09 09:25:00.530,98025,42439,S,,20180509,709.08,92500530,600,425448.0
2018-05-09 09:25:00.530,98025,39515,S,,20180509,709.08,92500530,300,212724.0
2018-05-09 09:25:00.530,98025,104188,B,,20180509,709.08,92500530,300,212724.0
2018-05-09 09:25:00.530,78140,104188,B,,20180509,709.08,92500530,200,141816.0
2018-05-09 09:25:00.530,85729,104188,B,,20180509,709.08,92500530,100,70908.0
2018-05-09 09:25:00.530,76274,104188,B,,20180509,709.08,92500530,200,141816.0
2018-05-09 09:25:00.530,75675,104188,B,,20180509,709.08,92500530,200,141816.0
2018-05-09 09:25:00.530,84394,104188,B,,20180509,709.08,92500530,100,70908.0
2018-05-09 09:25:00.530,82574,104188,B,,20180509,709.08,92500530,200,141816.0
2018-05-09 09:25:00.530,83956,104188,B,,20180509,709.08,92500530,100,70908.0
2018-05-09 09:25:00.530,85077,104188,B,,20180509,709.08,92500530,100,70908.0
2018-05-09 09:25:00.530,92054,104188,B,,20180509,709.08,92500530,100,70908.0
2018-05-09 09:25:00.530,90859,104188,B,,20180509,709.08,92500530,100,70908.0
2018-05-09 09:25:00.530,91278,104188,B,,20180509,709.08,92500530,400,283632.0
2018-05-09 09:25:00.530,92672,104188,B,,20180509,709.08,92500530,300,212724.0
2018-05-09 09:25:00.530,74215,104188,B,,20180509,709.08,92500530,100,70908.0
2018-05-09 09:25:00.530,104012,104188,B,,20180509,709.08,92500530,324,229741.92
2018-05-09 09:25:00.530,98493,104188,B,,20180509,709.08,92500530,900,638172.0
2018-05-09 09:25:00.530,99641,104188,B,,20180509,709.08,92500530,300,212724.0
2018-05-09 09:25:00.530,100434,104188,B,,20180509,709.08,92500530,100,70908.0
2018-05-09 09:25:00.530,100836,104188,B,,20180509,709.08,92500530,100,70908.0
2018-05-09 09:25:00.530,101042,104188,B,,20180509,709.08,92500530,676,479338.08
2018-05-09 09:25:00.530,101042,65708,S,,20180509,709.08,92500530,100,70908.0
2018-05-09 09:25:00.530,101042,102688,B,,20180509,709.08,92500530,124,87925.92
2018-05-09 09:25:00.530,103532,102688,S,,20180509,709.08,92500530,200,141816.0
2018-05-09 09:25:00.530,102469,102688,B,,20180509,709.08,92500530,100,70908.0
2018-05-09 09:25:00.530,101625,102688,B,,20180509,709.08,92500530,400,283632.0
2018-05-09 09:25:00.530,8168,102688,B,,20180509,709.08,92500530,100,70908.0
2018-05-09 09:25:00.530,18284,102688,B,,20180509,709.08,92500530,100,70908.0
2018-05-09 09:25:00.530,40943,102688,B,,20180509,709.08,92500530,100,70908.0
2018-05-09 09:25:00.530,95647,102688,B,,20180509,709.08,92500530,76,53890.08
2018-05-09 09:25:00.530,95647,79959,S,,20180509,709.08,92500530,24,17017.920000000002
2018-05-09 09:25:00.530,98762,79959,S,,20180509,709.08,92500530,100,70908.0
2018-05-09 09:25:00.530,12417,79959,B,,20180509,709.08,92500530,300,212724.0
2018-05-09 09:25:00.530,40638,79959,B,,20180509,709.08,92500530,100,70908.0
2018-05-09 09:25:00.530,54563,79959,B,,20180509,709.08,92500530,76,53890.08
2018-05-09 09:25:00.530,54563,94731,B,,20180509,709.08,92500530,24,17017.920000000002
2018-05-09 09:25:00.530,99852,94731,S,,20180509,709.08,92500530,76,53890.08
2018-05-09 09:25:00.530,99852,99040,S,,20180509,709.08,92500530,24,17017.920000000002
2018-05-09 09:25:00.530,102833,99040,S,,20180509,709.08,92500530,100,70908.0
2018-05-09 09:25:00.530,103462,99040,S,,20180509,709.08,92500530,500,354540.0
2018-05-09 09:25:00.530,104243,99040,S,,20180509,709.08,92500530,100,70908.0
2018-05-09 09:25:00.530,101251,99040,S,,20180509,709.08,92500530,100,70908.0
2018-05-09 09:25:00.530,103201,99040,S,,20180509,709.08,92500530,100,70908.0
2018-05-09 09:25:00.530,102875,99040,S,,20180509,709.08,92500530,1876,1330234.08
2018-05-09 09:25:00.530,102875,100276,S,,20180509,709.08,92500530,2000,1418160.0
2018-05-09 09:25:00.530,102875,101132,S,,20180509,709.08,92500530,500,354540.0
2018-05-09 09:25:00.530,102875,99330,S,,20180509,709.08,92500530,100,70908.0
2018-05-09 09:25:00.530,102875,103459,B,,20180509,709.08,92500530,100,70908.0
2018-05-09 09:25:00.530,102875,97057,S,,20180509,709.08,92500530,200,141816.0
2018-05-09 09:25:00.530,102875,98525,S,,20180509,709.08,92500530,100,70908.0
2018-05-09 09:25:00.530,102875,104265,B,,20180509,709.08,92500530,3524,2498797.92
2018-05-09 09:25:00.530,103288,104265,B,,20180509,709.08,92500530,3000,2127240.0
2018-05-09 09:25:00.530,7705,104265,B,,20180509,709.08,92500530,15000,10636200.0
2018-05-09 09:25:00.530,67941,104265,B,,20180509,709.08,92500530,100,70908.0
2018-05-09 09:25:00.530,97641,104265,B,,20180509,709.08,92500530,2000,1418160.0
2018-05-09 09:25:00.530,101551,104265,B,,20180509,709.08,92500530,5000,3545400.0
2018-05-09 09:25:00.530,101920,104265,B,,20180509,709.08,92500530,100,70908.0
2018-05-09 09:25:00.530,104013,104265,B,,20180509,709.08,92500530,138,97853.04000000001
2018-05-09 09:30:00.020,104569,104265,S,,20180509,709.08,93000020,5533,3923339.64
2018-05-09 09:30:00.040,95667,104603,B,,20180509,709.44,93000040,200,141888.0
2018-05-09 09:30:00.040,96524,104603,B,,20180509,709.55,93000040,100,70955.0
2018-05-09 09:30:00.040,8169,104603,B,,20180509,710.0,93000040,100,71000.0
2018-05-09 09:30:00.040,40080,104603,B,,20180509,710.0,93000040,100,71000.0
2018-05-09 09:30:00.040,58705,104603,B,,20180509,710.0,93000040,100,71000.0
2018-05-09 09:30:00.040,72986,104603,B,,20180509,710.0,93000040,200,142000.0
2018-05-09 09:30:00.040,83181,104603,B,,20180509,710.0,93000040,100,71000.0
2018-05-09 09:30:00.040,91662,104603,B,,20180509,710.0,93000040,100,71000.0
2018-05-09 09:30:00.040,94276,104603,B,,20180509,710.0,93000040,100,71000.0
2018-05-09 09:30:00.040,88117,104603,B,,20180509,710.11,93000040,100,71011.0
2018-05-09 09:30:00.040,104014,104603,B,,20180509,710.25,93000040,138,98014.5
2018-05-09 09:30:00.040,86114,104603,B,,20180509,710.5,93000040,200,142100.0
2018-05-09 09:30:00.040,17053,104603,B,,20180509,710.58,93000040,100,71058.0
2018-05-09 09:30:00.040,56024,104603,B,,20180509,711.0,93000040,100,71100.0
2018-05-09 09:30:00.040,74837,104603,B,,20180509,711.0,93000040,200,142200.0
2018-05-09 09:30:00.040,82040,104603,B,,20180509,711.0,93000040,100,71100.0
2018-05-09 09:30:00.040,20040,104603,B,,20180509,711.13,93000040,62,44090.06
2018-05-09 09:30:00.060,104645,104265,S,,20180509,709.08,93000060,4376,3102934.08
2018-05-09 09:30:00.120,104843,104646,S,,20180509,709.55,93000120,100,70955.0
2018-05-09 09:30:00.120,104843,104265,S,,20180509,709.08,93000120,229,162379.32
2018-05-09 09:30:00.120,104843,99245,S,,20180509,709.01,93000120,100,70901.0
2018-05-09 09:30:00.120,104843,28701,S,,20180509,709.0,93000120,800,567200.0
2018-05-09 09:30:00.120,104843,77473,S,,20180509,709.0,93000120,100,70900.0
2018-05-09 09:30:00.120,104843,99804,S,,20180509,709.0,93000120,200,141800.0
2018-05-09 09:30:00.120,104843,100142,S,,20180509,709.0,93000120,100,70900.0
2018-05-09 09:30:00.120,104843,100333,S,,20180509,709.0,93000120,2484,1761156.0
2018-05-09 09:30:00.120,20040,104978,B,,20180509,711.13,93000120,38,27022.94
2018-05-09 09:30:00.120,78644,104978,B,,20180509,711.5,93000120,62,44113.0
2018-05-09 09:30:00.160,105146,100333,S,,20180509,709.0,93000160,100,70900.0
2018-05-09 09:30:00.440,105077,106522,B,,20180509,709.08,93000440,200,141816.0
2018-05-09 09:30:00.440,105733,106618,B,,20180509,709.08,93000440,100,70908.0
2018-05-09 09:30:00.490,106863,106618,S,,20180509,709.09,93000490,400,283636.0
2018-05-09 09:30:00.490,106863,100333,S,,20180509,709.0,93000490,316,224044.0
2018-05-09 09:30:00.490,106863,101177,S,,20180509,709.0,93000490,100,70900.0
2018-05-09 09:30:00.490,106863,101638,S,,20180509,709.0,93000490,184,130456.0
2018-05-09 09:30:00.580,105079,107615,B,,20180509,709.44,93000580,100,70944.0
2018-05-09 09:30:00.620,105079,108181,B,,20180509,709.44,93000620,100,70944.0
2018-05-09 09:30:00.620,105078,108181,B,,20180509,710.0,93000620,300,213000.0
2018-05-09 09:30:00.620,106057,108181,B,,20180509,710.0,93000620,100,71000.0
2018-05-09 09:30:00.620,108410,108181,S,,20180509,710.5,93000620,100,71050.0
2018-05-09 09:30:00.860,111335,108181,S,,20180509,710.5,93000860,100,71050.0
2018-05-09 09:30:00.890,111717,108181,S,,20180509,710.5,93000890,100,71050.0
2018-05-09 09:30:00.890,112013,108181,S,,20180509,710.5,93000890,1000,710500.0
2018-05-09 09:30:00.890,112015,108181,S,,20180509,710.5,93000890,200,142100.0
2018-05-09 09:30:00.950,112832,112916,B,,20180509,710.8,93000950,100,71080.0
2018-05-09 09:30:00.950,108689,112916,B,,20180509,711.0,93000950,100,71100.0
2018-05-09 09:30:00.950,111188,112916,B,,20180509,711.0,93000950,100,71100.0
2018-05-09 09:30:01.010,113181,108181,S,,20180509,710.5,93001010,500,355250.0
2018-05-09 09:30:01.110,114799,108181,S,,20180509,710.5,93001110,100,71050.0
2018-05-09 09:30:01.110,114821,108181,S,,20180509,710.5,93001110,100,71050.0
2018-05-09 09:30:01.150,115030,108181,S,,20180509,710.5,93001150,100,71050.0
2018-05-09 09:30:01.200,112014,115843,B,,20180509,711.0,93001200,1000,711000.0
2018-05-09 09:30:01.200,78644,115843,B,,20180509,711.5,93001200,138,98187.0
2018-05-09 09:30:01.200,108414,115843,B,,20180509,711.58,93001200,100,71158.0
2018-05-09 09:30:01.200,14954,115843,B,,20180509,712.0,93001200,100,71200.0
2018-05-09 09:30:01.200,46391,115843,B,,20180509,712.0,93001200,100,71200.0
2018-05-09 09:30:01.200,69120,115843,B,,20180509,712.0,93001200,100,71200.0
2018-05-09 09:30:01.200,94500,115843,B,,20180509,712.0,93001200,100,71200.0
2018-05-09 09:30:01.200,97539,115843,B,,20180509,712.0,93001200,100,71200.0
2018-05-09 09:30:01.200,81255,115843,B,,20180509,712.11,93001200,100,71211.0
2018-05-09 09:30:01.200,41726,115847,B,,20180509,712.13,93001200,800,569704.0
2018-05-09 09:30:01.200,56982,115847,B,,20180509,712.13,93001200,100,71213.0
2018-05-09 09:30:01.200,21618,115847,B,,20180509,712.23,93001200,100,71223.0
2018-05-09 09:30:01.200,7793,115847,B,,20180509,712.28,93001200,100,71228.0
2018-05-09 09:30:01.200,20827,115847,B,,20180509,712.3,93001200,1700,1210910.0
2018-05-09 09:30:01.290,117325,108181,S,,20180509,710.5,93001290,100,71050.0
2018-05-09 09:30:01.450,118510,108181,S,,20180509,710.5,93001450,2,1421.0
2018-05-09 09:30:01.670,120865,108181,S,,20180509,710.5,93001670,100,71050.0
2018-05-09 09:30:01.900,122387,121445,S,,20180509,711.19,93001900,100,71119.0
2018-05-09 09:30:02.120,124122,108181,S,,20180509,710.5,93002120,200,142100.0
2018-05-09 09:30:02.120,124162,108181,S,,20180509,710.5,93002120,200,142100.0
2018-05-09 09:30:02.120,124540,108181,S,,20180509,710.5,93002120,100,71050.0
2018-05-09 09:30:02.120,124561,108181,S,,20180509,710.5,93002120,100,71050.0
2018-05-09 09:30:02.170,125715,108181,S,,20180509,710.5,93002170,300,213150.0
2018-05-09 09:30:02.270,125882,108181,S,,20180509,710.5,93002270,100,71050.0
2018-05-09 09:30:02.270,126636,108181,S,,20180509,710.5,93002270,200,142100.0
2018-05-09 09:30:02.350,127634,108181,S,,20180509,710.5,93002350,100,71050.0
2018-05-09 09:30:02.470,122387,129007,B,,20180509,710.88,93002470,100,71088.0
2018-05-09 09:30:02.470,129183,108181,S,,20180509,710.5,93002470,1100,781550.0
2018-05-09 09:30:02.590,131073,108181,S,,20180509,710.5,93002590,400,284200.0
2018-05-09 09:30:02.720,133596,108181,S,,20180509,710.5,93002720,100,71050.0
2018-05-09 09:30:02.850,134992,108181,S,,20180509,710.5,93002850,2000,1421000.0
2018-05-09 09:30:03.100,137611,108181,S,,20180509,710.5,93003100,100,71050.0
2018-05-09 09:30:03.170,138083,108181,S,,20180509,710.5,93003170,100,71050.0
2018-05-09 09:30:03.170,138131,108181,S,,20180509,710.5,93003170,300,213150.0
2018-05-09 09:30:03.330,122387,139307,B,,20180509,710.88,93003330,300,213264.0
2018-05-09 09:30:03.410,139770,139307,S,,20180509,711.58,93003410,100,71158.0
2018-05-09 09:30:03.730,141487,108181,S,,20180509,710.5,93003730,100,71050.0
2018-05-09 09:30:03.830,141810,108181,S,,20180509,710.5,93003830,200,142100.0
2018-05-09 09:30:04.740,146247,142847,S,,20180509,710.88,93004740,200,142176.0
2018-05-09 09:30:04.740,146247,144054,S,,20180509,710.88,93004740,300,213264.0
2018-05-09 09:30:04.740,146247,108181,S,,20180509,710.5,93004740,200,142100.0
2018-05-09 09:30:04.890,146946,108181,S,,20180509,710.5,93004890,200,142100.0
2018-05-09 09:30:05.310,149129,108181,S,,20180509,710.5,93005310,100,71050.0
2018-05-09 09:30:05.840,150736,108181,S,,20180509,710.5,93005840,100,71050.0
2018-05-09 09:30:05.920,150863,108181,S,,20180509,710.5,93005920,100,71050.0
2018-05-09 09:30:06.290,151494,108181,S,,20180509,710.5,93006290,598,424879.0
2018-05-09 09:30:06.290,151494,109254,S,,20180509,710.5,93006290,100,71050.0
2018-05-09 09:30:06.290,151494,146134,S,,20180509,710.5,93006290,202,143521.0
2018-05-09 09:30:12.520,154376,152146,S,,20180509,710.51,93012520,100,71051.0
2018-05-09 09:30:12.600,154253,154404,B,,20180509,710.6,93012600,200,142120.0
2018-05-09 09:30:12.740,154253,154456,B,,20180509,710.6,93012740,700,497420.0
2018-05-09 09:30:12.980,154550,154456,S,,20180509,710.6,93012980,100,71060.0
2018-05-09 09:30:13.960,149822,154845,B,,20180509,710.9,93013960,100,71090.0
2018-05-09 09:30:13.960,141353,154845,B,,20180509,711.0,93013960,200,142200.0
2018-05-09 09:30:13.960,144711,154845,B,,20180509,711.51,93013960,100,71151.0
2018-05-09 09:30:13.960,130789,154845,B,,20180509,711.78,93013960,100,71178.0
2018-05-09 09:30:13.960,149826,154845,B,,20180509,711.9,93013960,100,71190.0
2018-05-09 09:30:13.960,138766,154845,B,,20180509,712.0,93013960,100,71200.0
2018-05-09 09:30:13.960,138951,154845,B,,20180509,712.0,93013960,100,71200.0
2018-05-09 09:30:15.630,155390,155039,S,,20180509,711.9,93015630,100,71190.0
2018-05-09 09:30:15.980,155525,155419,S,,20180509,711.51,93015980,100,71151.0
2018-05-09 09:30:17.180,145269,155926,B,,20180509,712.28,93017180,100,71228.0
2018-05-09 09:30:18.330,156302,155296,S,,20180509,711.0,93018330,100,71100.0
2018-05-09 09:30:18.660,156402,156377,S,,20180509,711.9,93018660,100,71190.0
2018-05-09 09:30:19.210,156591,156377,S,,20180509,711.9,93019210,100,71190.0
2018-05-09 09:30:19.210,156591,156378,S,,20180509,711.9,93019210,100,71190.0
2018-05-09 09:30:19.590,156591,156710,B,,20180509,711.53,93019590,100,71153.0
2018-05-09 09:30:19.750,156591,156762,B,,20180509,711.53,93019750,100,71153.0
2018-05-09 09:30:21.830,157492,157133,S,,20180509,711.01,93021830,100,71101.0
2018-05-09 09:30:24.150,158351,157133,S,,20180509,711.01,93024150,100,71101.0
2018-05-09 09:30:24.330,158417,157133,S,,20180509,711.01,93024330,100,71101.0
2018-05-09 09:30:25.860,157023,159007,B,,20180509,711.45,93025860,100,71145.0
2018-05-09 09:30:26.020,157023,159060,B,,20180509,711.45,93026020,100,71145.0
2018-05-09 09:30:26.480,159208,158943,S,,20180509,711.02,93026480,100,71102.0
2018-05-09 09:30:27.490,156591,159593,B,,20180509,711.53,93027490,100,71153.0
2018-05-09 09:30:27.660,159659,159389,S,,20180509,711.5,93027660,400,284600.0
2018-05-09 09:30:27.950,156591,159802,B,,20180509,711.53,93027950,100,71153.0
2018-05-09 09:30:28.320,159876,159958,B,,20180509,711.5,93028320,300,213450.0
2018-05-09 09:30:29.430,160397,158943,S,,20180509,711.02,93029430,100,71102.0
2018-05-09 09:30:29.430,160397,157133,S,,20180509,711.01,93029430,300,213303.0
2018-05-09 09:30:29.860,160552,160400,S,,20180509,711.5,93029860,100,71150.0
2018-05-09 09:30:29.960,158487,160588,B,,20180509,711.9,93029960,100,71190.0
2018-05-09 09:30:29.980,160591,160400,S,,20180509,711.5,93029980,100,71150.0
2018-05-09 09:30:30.010,160603,160577,S,,20180509,711.5,93030010,200,142300.0
2018-05-09 09:30:30.010,160603,160578,S,,20180509,711.45,93030010,100,71145.0
2018-05-09 09:30:30.880,160603,160957,B,,20180509,711.4,93030880,400,284560.0
2018-05-09 09:30:31.030,161030,160957,S,,20180509,711.5,93031030,100,71150.0
2018-05-09 09:30:32.790,161030,161753,B,,20180509,711.5,93032790,400,284600.0
2018-05-09 09:30:32.790,161060,161753,B,,20180509,711.5,93032790,100,71150.0
2018-05-09 09:30:32.790,158487,161753,B,,20180509,711.9,93032790,100,71190.0
2018-05-09 09:30:32.900,158487,161788,B,,20180509,711.9,93032900,100,71190.0
2018-05-09 09:30:32.960,161801,161678,S,,20180509,711.45,93032960,100,71145.0
2018-05-09 09:30:33.400,161984,161162,S,,20180509,711.07,93033400,100,71107.0
2018-05-09 09:30:33.430,161988,161162,S,,20180509,711.07,93033430,100,71107.0
2018-05-09 09:30:33.430,161988,161405,S,,20180509,711.02,93033430,100,71102.0
2018-05-09 09:30:33.890,162206,161405,S,,20180509,711.02,93033890,100,71102.0
2018-05-09 09:30:33.890,162206,161537,S,,20180509,711.02,93033890,300,213306.0
2018-05-09 09:30:34.000,162261,161537,S,,20180509,711.02,93034000,100,71102.0
2018-05-09 09:30:34.820,162308,162582,B,,20180509,711.81,93034820,100,71181.0
2018-05-09 09:30:35.000,162664,162675,B,,20180509,711.5,93035000,100,71150.0
2018-05-09 09:30:35.190,162664,162750,B,,20180509,711.5,93035190,100,71150.0
2018-05-09 09:30:35.950,162664,163065,B,,20180509,711.5,93035950,100,71150.0
2018-05-09 09:30:36.280,163193,163031,S,,20180509,711.45,93036280,100,71145.0
2018-05-09 09:30:36.550,163308,162445,S,,20180509,711.05,93036550,500,355525.0
2018-05-09 09:30:36.720,163391,162445,S,,20180509,711.05,93036720,200,142210.0
2018-05-09 09:30:36.750,163014,163404,B,,20180509,711.75,93036750,100,71175.0
2018-05-09 09:30:36.820,163442,162445,S,,20180509,711.05,93036820,100,71105.0
2018-05-09 09:30:37.140,163582,162445,S,,20180509,711.05,93037140,100,71105.0
2018-05-09 09:30:37.840,163917,163603,S,,20180509,711.53,93037840,100,71153.0
2018-05-09 09:30:38.500,164203,163603,S,,20180509,711.53,93038500,100,71153.0
2018-05-09 09:30:38.590,164203,164255,B,,20180509,711.5,93038590,100,71150.0
2018-05-09 09:30:38.810,164354,163978,S,,20180509,711.06,93038810,100,71106.0
2018-05-09 09:30:39.020,164289,164456,B,,20180509,711.5,93039020,100,71150.0
2018-05-09 09:30:39.040,163014,164463,B,,20180509,711.75,93039040,100,71175.0
2018-05-09 09:30:39.040,162341,164463,B,,20180509,711.89,93039040,100,71189.0
2018-05-09 09:30:39.040,163764,164463,B,,20180509,711.89,93039040,100,71189.0
2018-05-09 09:30:39.040,158487,164463,B,,20180509,711.9,93039040,600,427140.0
2018-05-09 09:30:41.490,165485,165219,S,,20180509,711.07,93041490,100,71107.0
2018-05-09 09:30:41.960,164605,165679,B,,20180509,711.5,93041960,100,71150.0
2018-05-09 09:30:42.650,165590,166001,B,,20180509,711.6,93042650,100,71160.0
2018-05-09 09:30:42.700,166027,166001,S,,20180509,711.6,93042700,200,142320.0
2018-05-09 09:30:42.700,166027,165679,S,,20180509,711.53,93042700,1300,924989.0
2018-05-09 09:30:42.700,166027,165219,S,,20180509,711.07,93042700,300,213321.00000000003
2018-05-09 09:30:42.700,166027,163978,S,,20180509,711.06,93042700,800,568848.0
2018-05-09 09:30:42.700,166027,162445,S,,20180509,711.05,93042700,600,426630.0
2018-05-09 09:30:42.700,166027,161537,S,,20180509,711.02,93042700,1800,1279836.0
2018-05-09 09:30:44.100,166619,166473,S,,20180509,711.53,93044100,100,71153.0
2018-05-09 09:30:45.660,167299,166730,S,,20180509,711.8,93045660,100,71180.0
2018-05-09 09:30:45.940,164880,167451,B,,20180509,711.88,93045940,100,71188.0
2018-05-09 09:30:47.050,167934,167205,S,,20180509,711.75,93047050,100,71175.0
2018-05-09 09:30:47.270,168043,167205,S,,20180509,711.75,93047270,100,71175.0
2018-05-09 09:30:47.270,168043,166473,S,,20180509,711.53,93047270,700,498071.0
2018-05-09 09:30:47.390,168089,166473,S,,20180509,711.53,93047390,100,71153.0
2018-05-09 09:30:48.280,168089,168483,B,,20180509,711.53,93048280,100,71153.0
2018-05-09 09:30:48.640,168089,168667,B,,20180509,711.53,93048640,200,142306.0
2018-05-09 09:30:48.640,164880,168667,B,,20180509,711.88,93048640,100,71188.0
2018-05-09 09:30:48.640,158487,168667,B,,20180509,711.9,93048640,100,71190.0
2018-05-09 09:30:48.640,163554,168667,B,,20180509,711.9,93048640,100,71190.0
2018-05-09 09:30:48.640,168227,168667,B,,20180509,711.9,93048640,200,142380.0
2018-05-09 09:30:48.980,168851,168667,S,,20180509,711.9,93048980,200,142380.0
2018-05-09 09:30:49.100,168896,168667,S,,20180509,711.9,93049100,100,71190.0
2018-05-09 09:30:49.140,162032,168916,B,,20180509,711.99,93049140,300,213597.0
2018-05-09 09:30:49.190,168959,168667,S,,20180509,711.9,93049190,200,142380.0
2018-05-09 09:30:49.670,169166,168667,S,,20180509,711.9,93049670,200,142380.0
2018-05-09 09:30:49.770,169215,168667,S,,20180509,711.9,93049770,100,71190.0
2018-05-09 09:30:49.800,169216,168667,S,,20180509,711.9,93049800,300,213570.0
2018-05-09 09:30:50.130,169382,169275,S,,20180509,711.53,93050130,200,142306.0
2018-05-09 09:30:50.130,169382,167743,S,,20180509,711.51,93050130,100,71151.0
2018-05-09 09:30:50.130,169382,166913,S,,20180509,711.5,93050130,100,71150.0
2018-05-09 09:30:50.130,169382,167115,S,,20180509,711.45,93050130,100,71145.0
2018-05-09 09:30:50.280,169461,167115,S,,20180509,711.45,93050280,100,71145.0
2018-05-09 09:30:50.280,169461,167245,S,,20180509,711.45,93050280,100,71145.0
2018-05-09 09:30:51.710,170063,166097,S,,20180509,711.05,93051710,100,71105.0
2018-05-09 09:30:51.710,170063,166865,S,,20180509,711.05,93051710,100,71105.0
2018-05-09 09:30:51.710,170063,161537,S,,20180509,711.02,93051710,700,497714.0
2018-05-09 09:30:52.530,169829,170436,B,,20180509,711.5,93052530,100,71150.0
2018-05-09 09:30:52.570,169829,170472,B,,20180509,711.5,93052570,1000,711500.0
2018-05-09 09:30:52.570,169509,170472,B,,20180509,711.53,93052570,100,71153.0
2018-05-09 09:30:52.570,169842,170472,B,,20180509,711.53,93052570,200,142306.0
2018-05-09 09:30:52.570,169851,170472,B,,20180509,711.53,93052570,100,71153.0
2018-05-09 09:30:53.760,170972,170472,S,,20180509,711.75,93053760,100,71175.0
2018-05-09 09:30:54.340,171228,170472,S,,20180509,711.75,93054340,200,142350.0
2018-05-09 09:30:55.360,171688,170472,S,,20180509,711.75,93055360,100,71175.0
2018-05-09 09:30:55.700,171831,170472,S,,20180509,711.75,93055700,200,142350.0
2018-05-09 09:30:58.360,169940,173049,B,,20180509,711.8,93058360,100,71180.0
2018-05-09 09:30:59.050,169621,173327,B,,20180509,711.88,93059050,300,213564.0
2018-05-09 09:30:59.170,173366,172462,S,,20180509,711.75,93059170,100,71175.0
2018-05-09 09:31:00.390,173946,172462,S,,20180509,711.75,93100390,700,498225.0
2018-05-09 09:31:00.390,173946,173896,S,,20180509,711.75,93100390,100,71175.0
2018-05-09 09:31:00.390,173946,173935,S,,20180509,711.75,93100390,100,71175.0
2018-05-09 09:31:00.960,173817,174202,B,,20180509,711.8,93100960,100,71180.0
2018-05-09 09:31:00.960,173914,174202,B,,20180509,711.8,93100960,100,71180.0
2018-05-09 09:31:01.270,173914,174359,B,,20180509,711.8,93101270,100,71180.0
2018-05-09 09:31:01.970,174518,174684,B,,20180509,711.75,93101970,100,71175.0
2018-05-09 09:31:02.910,174518,175134,B,,20180509,711.75,93102910,100,71175.0
2018-05-09 09:31:03.180,174671,175253,B,,20180509,711.75,93103180,100,71175.0
2018-05-09 09:31:03.480,173914,175384,B,,20180509,711.8,93103480,100,71180.0
2018-05-09 09:31:04.040,173914,175638,B,,20180509,711.8,93104040,200,142360.0
2018-05-09 09:31:04.040,170366,175638,B,,20180509,711.88,93104040,100,71188.0
2018-05-09 09:31:04.040,171623,175638,B,,20180509,711.9,93104040,300,213570.0
2018-05-09 09:31:04.040,173619,175638,B,,20180509,711.9,93104040,100,71190.0
2018-05-09 09:31:04.550,175916,175812,S,,20180509,711.88,93104550,100,71188.0
2018-05-09 09:31:06.030,173619,176673,B,,20180509,711.9,93106030,100,71190.0
2018-05-09 09:31:07.310,177022,177263,B,,20180509,711.75,93107310,200,142350.0
2018-05-09 09:31:07.310,177124,177263,B,,20180509,711.79,93107310,100,71179.0
2018-05-09 09:31:07.310,173813,177263,B,,20180509,711.9,93107310,100,71190.0
2018-05-09 09:31:07.310,174626,177263,B,,20180509,711.9,93107310,500,355950.0
2018-05-09 09:31:07.310,175416,177263,B,,20180509,711.9,93107310,200,142380.0
2018-05-09 09:31:07.310,176910,177263,B,,20180509,711.9,93107310,200,142380.0
2018-05-09 09:31:08.040,177496,177577,B,,20180509,711.7,93108040,100,71170.0
2018-05-09 09:31:09.360,178236,177021,S,,20180509,711.6,93109360,100,71160.0
2018-05-09 09:31:10.570,177496,179027,B,,20180509,711.7,93110570,100,71170.0
2018-05-09 09:31:11.040,177496,179286,B,,20180509,711.7,93111040,100,71170.0
2018-05-09 09:31:11.270,177496,179408,B,,20180509,711.7,93111270,100,71170.0
2018-05-09 09:31:12.930,179698,180341,B,,20180509,711.5,93112930,100,71150.0
2018-05-09 09:31:12.960,179698,180344,B,,20180509,711.5,93112960,100,71150.0
2018-05-09 09:31:12.960,180212,180344,B,,20180509,711.5,93112960,100,71150.0
2018-05-09 09:31:12.960,180213,180344,B,,20180509,711.63,93112960,100,71163.0
2018-05-09 09:31:12.960,179412,180344,B,,20180509,711.68,93112960,100,71168.0
2018-05-09 09:31:12.960,177496,180344,B,,20180509,711.7,93112960,200,142340.0
2018-05-09 09:31:12.960,178421,180344,B,,20180509,711.7,93112960,100,71170.0
2018-05-09 09:31:12.960,178244,180344,B,,20180509,711.75,93112960,200,142350.0
2018-05-09 09:31:12.960,178755,180344,B,,20180509,711.75,93112960,100,71175.0
2018-05-09 09:31:13.620,178305,180733,B,,20180509,711.8,93113620,100,71180.0
2018-05-09 09:31:14.250,178305,181097,B,,20180509,711.8,93114250,200,142360.0
2018-05-09 09:31:14.250,178670,181097,B,,20180509,711.8,93114250,100,71180.0
2018-05-09 09:31:14.250,178422,181097,B,,20180509,711.83,93114250,100,71183.0
2018-05-09 09:31:16.020,181975,181097,S,,20180509,711.88,93116020,200,142376.0
2018-05-09 09:31:16.020,181976,181097,S,,20180509,711.88,93116020,100,71188.0
2018-05-09 09:31:16.050,181978,181097,S,,20180509,711.88,93116050,100,71188.0
2018-05-09 09:31:16.050,181989,181097,S,,20180509,711.88,93116050,100,71188.0
2018-05-09 09:31:16.070,181998,181097,S,,20180509,711.88,93116070,100,71188.0
2018-05-09 09:31:16.070,182009,181097,S,,20180509,711.88,93116070,100,71188.0
2018-05-09 09:31:16.130,182026,181097,S,,20180509,711.88,93116130,200,142376.0
2018-05-09 09:31:16.130,182043,181097,S,,20180509,711.88,93116130,100,71188.0
2018-05-09 09:31:16.150,182084,181097,S,,20180509,711.88,93116150,100,71188.0
2018-05-09 09:31:16.200,182112,181097,S,,20180509,711.88,93116200,100,71188.0
2018-05-09 09:31:16.200,182113,181097,S,,20180509,711.88,93116200,100,71188.0
2018-05-09 09:31:16.300,182161,181097,S,,20180509,711.88,93116300,100,71188.0
2018-05-09 09:31:16.320,182177,181097,S,,20180509,711.88,93116320,100,71188.0
2018-05-09 09:31:16.420,182232,181097,S,,20180509,711.88,93116420,100,71188.0
2018-05-09 09:31:17.310,182738,181097,S,,20180509,711.88,93117310,1000,711880.0
2018-05-09 09:31:17.680,182372,182944,B,,20180509,711.89,93117680,100,71189.0
2018-05-09 09:31:17.750,182983,181097,S,,20180509,711.88,93117750,100,71188.0
2018-05-09 09:31:17.780,183006,181097,S,,20180509,711.88,93117780,100,71188.0
2018-05-09 09:31:18.370,181614,183304,B,,20180509,711.9,93118370,100,71190.0
2018-05-09 09:31:18.370,178423,183304,B,,20180509,711.96,93118370,100,71196.0
2018-05-09 09:31:18.370,182827,183304,B,,20180509,711.97,93118370,100,71197.0
2018-05-09 09:31:18.370,182855,183304,B,,20180509,711.97,93118370,100,71197.0
2018-05-09 09:31:18.370,174314,183304,B,,20180509,711.98,93118370,1000,711980.0
2018-05-09 09:31:18.370,175552,183304,B,,20180509,711.98,93118370,100,71198.0
2018-05-09 09:31:18.530,183376,181097,S,,20180509,711.88,93118530,100,71188.0
2018-05-09 09:31:18.650,183434,181097,S,,20180509,711.88,93118650,100,71188.0
2018-05-09 09:31:18.720,183463,181097,S,,20180509,711.88,93118720,100,71188.0
2018-05-09 09:31:19.160,183700,181097,S,,20180509,711.88,93119160,100,71188.0
2018-05-09 09:31:19.230,183741,183709,S,,20180509,711.96,93119230,100,71196.0
2018-05-09 09:31:20.360,175552,184311,B,,20180509,711.98,93120360,100,71198.0
2018-05-09 09:31:20.860,184576,183709,S,,20180509,711.96,93120860,100,71196.0
2018-05-09 09:31:20.860,184576,181097,S,,20180509,711.88,93120860,900,640692.0
2018-05-09 09:31:21.000,184628,181097,S,,20180509,711.88,93121000,100,71188.0
2018-05-09 09:31:21.490,184866,181097,S,,20180509,711.88,93121490,100,71188.0
2018-05-09 09:31:21.640,184951,181097,S,,20180509,711.88,93121640,500,355940.0
2018-05-09 09:31:21.980,185114,181097,S,,20180509,711.88,93121980,500,355940.0
2018-05-09 09:31:22.120,185193,181097,S,,20180509,711.88,93122120,100,71188.0
2018-05-09 09:31:22.120,185193,182063,S,,20180509,711.88,93122120,100,71188.0
2018-05-09 09:31:22.120,185193,183564,S,,20180509,711.8,93122120,100,71180.0
2018-05-09 09:31:22.120,185193,184636,S,,20180509,711.8,93122120,100,71180.0
2018-05-09 09:31:22.120,185193,184957,S,,20180509,711.8,93122120,100,71180.0
2018-05-09 09:31:22.120,185193,181091,S,,20180509,711.75,93122120,200,142350.0
2018-05-09 09:31:22.120,185193,182061,S,,20180509,711.75,93122120,100,71175.0
2018-05-09 09:31:22.120,185193,183793,S,,20180509,711.7,93122120,200,142340.0
2018-05-09 09:31:23.580,185879,183793,S,,20180509,711.7,93123580,100,71170.0
2018-05-09 09:31:23.580,185879,182064,S,,20180509,711.62,93123580,100,71162.0
2018-05-09 09:31:24.530,185339,186293,B,,20180509,711.88,93124530,100,71188.0
2018-05-09 09:31:24.570,185339,186311,B,,20180509,711.88,93124570,100,71188.0
2018-05-09 09:31:25.810,185339,186914,B,,20180509,711.88,93125810,100,71188.0
2018-05-09 09:31:25.840,185339,186941,B,,20180509,711.88,93125840,100,71188.0
2018-05-09 09:31:25.840,186752,186941,B,,20180509,711.88,93125840,100,71188.0
2018-05-09 09:31:25.840,185856,186941,B,,20180509,711.9,93125840,100,71190.0
2018-05-09 09:31:25.860,186952,186941,S,,20180509,711.93,93125860,100,71193.0
2018-05-09 09:31:26.290,187156,180548,S,,20180509,711.5,93126290,100,71150.0
2018-05-09 09:31:27.430,186961,187660,B,,20180509,711.88,93127430,200,142376.0
2018-05-09 09:31:27.430,186903,187660,B,,20180509,711.95,93127430,100,71195.0
2018-05-09 09:31:27.430,187080,187660,B,,20180509,711.96,93127430,100,71196.0
2018-05-09 09:31:27.430,162032,187660,B,,20180509,711.99,93127430,300,213597.0
2018-05-09 09:31:29.190,188537,188114,S,,20180509,711.7,93129190,100,71170.0
2018-05-09 09:31:29.600,187847,188739,B,,20180509,711.88,93129600,100,71188.0
2018-05-09 09:31:30.060,188963,187677,S,,20180509,711.5,93130060,100,71150.0
2018-05-09 09:31:30.360,188840,189111,B,,20180509,711.88,93130360,100,71188.0
2018-05-09 09:31:31.210,189482,189566,B,,20180509,711.7,93131210,100,71170.0
2018-05-09 09:31:31.540,189747,175114,S,,20180509,711.29,93131540,100,71129.0
2018-05-09 09:31:32.050,189747,190018,B,,20180509,711.29,93132050,100,71129.0
2018-05-09 09:31:32.510,189747,190243,B,,20180509,711.29,93132510,100,71129.0
2018-05-09 09:31:33.180,189127,190549,B,,20180509,711.88,93133180,100,71188.0
2018-05-09 09:31:33.240,190555,190567,B,,20180509,711.88,93133240,100,71188.0
2018-05-09 09:31:33.240,188397,190567,B,,20180509,711.96,93133240,100,71196.0
2018-05-09 09:31:33.240,162032,190567,B,,20180509,711.99,93133240,100,71199.0
2018-05-09 09:31:33.470,190691,190382,S,,20180509,711.75,93133470,100,71175.0
2018-05-09 09:31:33.910,190698,190917,B,,20180509,711.88,93133910,100,71188.0
2018-05-09 09:31:34.090,191009,190976,S,,20180509,711.96,93134090,100,71196.0
2018-05-09 09:31:34.240,191075,190917,S,,20180509,711.88,93134240,100,71188.0
2018-05-09 09:31:34.580,191075,191229,B,,20180509,711.7,93134580,300,213510.0
2018-05-09 09:31:34.790,191335,190431,S,,20180509,711.5,93134790,100,71150.0
2018-05-09 09:31:35.240,191560,191005,S,,20180509,711.5,93135240,100,71150.0
2018-05-09 09:31:35.940,191883,191005,S,,20180509,711.5,93135940,200,142300.0
2018-05-09 09:31:35.980,191896,191005,S,,20180509,711.5,93135980,100,71150.0
2018-05-09 09:31:36.470,191241,192119,B,,20180509,711.62,93136470,100,71162.0
2018-05-09 09:31:36.470,191075,192119,B,,20180509,711.7,93136470,100,71170.0
2018-05-09 09:31:38.200,192239,193019,B,,20180509,711.62,93138200,100,71162.0
2018-05-09 09:31:38.220,193032,191005,S,,20180509,711.5,93138220,100,71150.0
2018-05-09 09:31:39.530,193683,191005,S,,20180509,711.5,93139530,100,71150.0
2018-05-09 09:31:41.700,194694,190509,S,,20180509,711.33,93141700,100,71133.0
2018-05-09 09:31:43.070,195361,195330,S,,20180509,711.5,93143070,100,71150.0
2018-05-09 09:31:43.550,195569,195330,S,,20180509,711.5,93143550,100,71150.0
2018-05-09 09:31:44.000,195755,195330,S,,20180509,711.5,93144000,100,71150.0
2018-05-09 09:31:44.890,196147,195330,S,,20180509,711.5,93144890,200,142300.0
2018-05-09 09:31:44.910,196165,190509,S,,20180509,711.33,93144910,100,71133.0
2018-05-09 09:31:46.630,196147,196965,B,,20180509,711.5,93146630,200,142300.0
2018-05-09 09:31:46.630,196476,196965,B,,20180509,711.5,93146630,100,71150.0
2018-05-09 09:31:46.630,196741,196965,B,,20180509,711.5,93146630,500,355750.0
2018-05-09 09:31:48.220,197290,197645,B,,20180509,711.5,93148220,100,71150.0
2018-05-09 09:31:49.930,198318,198490,B,,20180509,711.33,93149930,100,71133.0
2018-05-09 09:31:50.690,197877,198853,B,,20180509,711.5,93150690,100,71150.0
2018-05-09 09:31:51.130,198719,199037,B,,20180509,711.5,93151130,100,71150.0
2018-05-09 09:31:51.510,199212,195041,S,,20180509,711.18,93151510,100,71118.0
2018-05-09 09:31:52.030,199268,199444,B,,20180509,711.33,93152030,100,71133.0
2018-05-09 09:31:52.030,199127,199444,B,,20180509,711.5,93152030,100,71150.0
2018-05-09 09:31:52.120,199507,199405,S,,20180509,711.19,93152120,100,71119.0
2018-05-09 09:31:52.200,196281,199533,B,,20180509,711.51,93152200,100,71151.0
2018-05-09 09:31:52.200,197643,199533,B,,20180509,711.6,93152200,100,71160.0
2018-05-09 09:31:52.710,199762,199658,S,,20180509,711.29,93152710,100,71129.0
2018-05-09 09:31:54.230,199941,200454,B,,20180509,711.3,93154230,100,71130.0
2018-05-09 09:31:54.230,199596,200454,B,,20180509,711.33,93154230,100,71133.0
2018-05-09 09:31:55.910,199596,201245,B,,20180509,711.33,93155910,100,71133.0
2018-05-09 09:31:56.050,201293,200599,S,,20180509,711.2,93156050,100,71120.0
2018-05-09 09:31:56.290,199601,201415,B,,20180509,711.33,93156290,100,71133.0
2018-05-09 09:31:56.360,201452,200599,S,,20180509,711.2,93156360,100,71120.0
2018-05-09 09:31:57.650,202071,200599,S,,20180509,711.2,93157650,100,71120.0
2018-05-09 09:31:58.260,199900,202372,B,,20180509,711.33,93158260,100,71133.0
2018-05-09 09:31:59.170,202810,202551,S,,20180509,711.24,93159170,100,71124.0
2018-05-09 09:31:59.170,202810,200599,S,,20180509,711.2,93159170,200,142240.0
2018-05-09 09:31:59.170,202810,200736,S,,20180509,711.19,93159170,100,71119.0
2018-05-09 09:31:59.170,202810,201767,S,,20180509,711.19,93159170,200,142238.0
2018-05-09 09:31:59.830,203067,195041,S,,20180509,711.18,93159830,200,142236.0
2018-05-09 09:32:00.330,203294,171224,S,,20180509,711.1,93200330,100,71110.0
2018-05-09 09:32:00.900,203425,203566,B,,20180509,711.17,93200900,300,213351.0
2018-05-09 09:32:01.280,203067,203766,B,,20180509,711.18,93201280,100,71118.0
2018-05-09 09:32:01.810,203067,204008,B,,20180509,711.18,93201810,100,71118.0
2018-05-09 09:32:03.450,204726,203487,S,,20180509,711.01,93203450,300,213303.0
2018-05-09 09:32:03.450,204726,203740,S,,20180509,711.01,93203450,300,213303.0
2018-05-09 09:32:03.450,204726,180942,S,,20180509,711.0,93203450,100,71100.0
2018-05-09 09:32:03.450,204726,186908,S,,20180509,711.0,93203450,100,71100.0
2018-05-09 09:32:03.450,204726,203471,S,,20180509,711.0,93203450,100,71100.0
2018-05-09 09:32:03.830,204726,204950,B,,20180509,711.0,93203830,100,71100.0
2018-05-09 09:32:04.480,204726,205305,B,,20180509,711.0,93204480,300,213300.0
2018-05-09 09:32:05.650,204726,205893,B,,20180509,711.0,93205650,200,142200.0
2018-05-09 09:32:06.160,204726,206126,B,,20180509,711.0,93206160,200,142200.0
2018-05-09 09:32:06.620,204726,206347,B,,20180509,711.0,93206620,300,213300.0
2018-05-09 09:32:06.880,206464,203202,S,,20180509,710.91,93206880,100,71091.0
2018-05-09 09:32:07.070,206603,203202,S,,20180509,710.91,93207070,100,71091.0
2018-05-09 09:32:07.640,206850,203202,S,,20180509,710.91,93207640,100,71091.0
2018-05-09 09:32:07.830,206929,203202,S,,20180509,710.91,93207830,100,71091.0
2018-05-09 09:32:08.050,207051,203202,S,,20180509,710.91,93208050,49,34834.59
2018-05-09 09:32:08.070,207053,203202,S,,20180509,710.91,93208070,51,36256.409999999996
2018-05-09 09:32:08.070,207053,155303,S,,20180509,710.9,93208070,49,34834.1
2018-05-09 09:32:08.100,205712,207065,B,,20180509,711.0,93208100,100,71100.0
2018-05-09 09:32:08.820,205821,207395,B,,20180509,711.0,93208820,100,71100.0
2018-05-09 09:32:08.820,206459,207395,B,,20180509,711.0,93208820,100,71100.0
2018-05-09 09:32:08.820,206599,207395,B,,20180509,711.0,93208820,100,71100.0
2018-05-09 09:32:08.820,206946,207395,B,,20180509,711.0,93208820,100,71100.0
2018-05-09 09:32:08.820,206977,207395,B,,20180509,711.0,93208820,100,71100.0
2018-05-09 09:32:13.620,209670,155303,S,,20180509,710.9,93213620,51,36255.9
2018-05-09 09:32:13.620,209670,157848,S,,20180509,710.9,93213620,49,34834.1
2018-05-09 09:32:13.670,209683,157848,S,,20180509,710.9,93213670,100,71090.0
2018-05-09 09:32:13.670,209691,157848,S,,20180509,710.9,93213670,51,36255.9
2018-05-09 09:32:13.670,209691,189403,S,,20180509,710.9,93213670,49,34834.1
2018-05-09 09:32:13.670,209697,189403,S,,20180509,710.9,93213670,100,71090.0
2018-05-09 09:32:13.670,209700,189403,S,,20180509,710.9,93213670,100,71090.0
2018-05-09 09:32:13.720,209722,189403,S,,20180509,710.9,93213720,51,36255.9
2018-05-09 09:32:13.750,209722,209732,B,,20180509,710.9,93213750,49,34834.1
2018-05-09 09:32:13.750,209726,209732,B,,20180509,710.9,93213750,51,36255.9
2018-05-09 09:32:14.950,209841,210252,B,,20180509,710.9,93214950,100,71090.0
2018-05-09 09:32:14.950,208853,210252,B,,20180509,710.91,93214950,100,71091.0
2018-05-09 09:32:15.210,207571,210371,B,,20180509,711.0,93215210,100,71100.0
2018-05-09 09:32:15.370,210396,210437,B,,20180509,710.91,93215370,100,71091.0
2018-05-09 09:32:15.540,208587,210511,B,,20180509,711.0,93215540,100,71100.0
2018-05-09 09:32:15.540,208618,210511,B,,20180509,711.0,93215540,100,71100.0
2018-05-09 09:32:15.540,208795,210511,B,,20180509,711.0,93215540,100,71100.0
2018-05-09 09:32:15.540,209495,210511,B,,20180509,711.0,93215540,200,142200.0
2018-05-09 09:32:15.540,210382,210511,B,,20180509,711.0,93215540,200,142200.0
2018-05-09 09:32:16.890,211139,117842,S,,20180509,710.25,93216890,100,71025.0
2018-05-09 09:32:17.030,211085,211191,B,,20180509,710.85,93217030,500,355425.0
2018-05-09 09:32:17.030,210616,211191,B,,20180509,710.9,93217030,100,71090.0
2018-05-09 09:32:18.050,211657,211191,S,,20180509,710.96,93218050,500,355480.0
2018-05-09 09:32:19.390,211657,212239,B,,20180509,710.9,93219390,100,71090.0
2018-05-09 09:32:19.830,211657,212455,B,,20180509,710.9,93219830,100,71090.0
2018-05-09 09:32:20.960,211657,213012,B,,20180509,710.9,93220960,100,71090.0
2018-05-09 09:32:21.160,213097,212161,S,,20180509,710.26,93221160,100,71026.0
2018-05-09 09:32:21.160,213097,117842,S,,20180509,710.25,93221160,400,284100.0
2018-05-09 09:32:21.850,213420,210552,S,,20180509,710.25,93221850,100,71025.0
2018-05-09 09:32:23.870,214297,200841,S,,20180509,710.07,93223870,100,71007.0
2018-05-09 09:32:24.470,214570,200841,S,,20180509,710.07,93224470,100,71007.0
2018-05-09 09:32:24.470,214303,214577,B,,20180509,710.22,93224470,1200,852264.0
2018-05-09 09:32:24.800,214726,200841,S,,20180509,710.07,93224800,100,71007.0
2018-05-09 09:32:24.850,214748,200841,S,,20180509,710.07,93224850,100,71007.0
2018-05-09 09:32:24.910,214792,200841,S,,20180509,710.07,93224910,500,355035.0
2018-05-09 09:32:24.910,214793,198484,S,,20180509,710.06,93224910,900,639054.0
2018-05-09 09:32:24.910,214793,208431,S,,20180509,710.06,93224910,100,71006.0
2018-05-09 09:32:25.610,215128,199368,S,,20180509,710.05,93225610,100,71005.0
2018-05-09 09:32:25.690,214793,215160,B,,20180509,710.06,93225690,200,142012.0
2018-05-09 09:32:26.520,214793,215563,B,,20180509,710.06,93226520,300,213017.99999999997
2018-05-09 09:32:26.540,214793,215578,B,,20180509,710.06,93226540,200,142012.0
2018-05-09 09:32:27.960,214793,216272,B,,20180509,710.06,93227960,100,71006.0
2018-05-09 09:32:28.390,214793,216460,B,,20180509,710.06,93228390,100,71006.0
2018-05-09 09:32:29.760,217056,199368,S,,20180509,710.05,93229760,100,71005.0
2018-05-09 09:32:29.840,217088,199368,S,,20180509,710.05,93229840,100,71005.0
2018-05-09 09:32:30.080,217188,199368,S,,20180509,710.05,93230080,100,71005.0
2018-05-09 09:32:30.270,214793,217284,B,,20180509,710.06,93230270,100,71006.0
2018-05-09 09:32:30.270,216065,217284,B,,20180509,710.06,93230270,100,71006.0
2018-05-09 09:32:30.270,216092,217284,B,,20180509,710.06,93230270,100,71006.0
2018-05-09 09:32:30.270,216579,217284,B,,20180509,710.07,93230270,100,71007.0
2018-05-09 09:32:30.270,216761,217284,B,,20180509,710.07,93230270,100,71007.0
2018-05-09 09:32:30.270,216093,217284,B,,20180509,710.15,93230270,100,71015.0
2018-05-09 09:32:30.430,217350,217284,S,,20180509,710.22,93230430,500,355110.0
2018-05-09 09:32:30.690,217468,217284,S,,20180509,710.22,93230690,3100,2201682.0
2018-05-09 09:32:30.690,217468,217443,S,,20180509,710.1,93230690,500,355050.0
2018-05-09 09:32:31.010,217468,217630,B,,20180509,710.06,93231010,100,71006.0
2018-05-09 09:32:31.080,217653,199368,S,,20180509,710.05,93231080,200,142010.0
2018-05-09 09:32:31.080,215849,217668,B,,20180509,710.24,93231080,200,142048.0
2018-05-09 09:32:31.170,215849,217714,B,,20180509,710.24,93231170,100,71024.0
2018-05-09 09:32:31.280,216094,217772,B,,20180509,710.24,93231280,100,71024.0
2018-05-09 09:32:31.280,214684,217785,B,,20180509,710.25,93231280,100,71025.0
2018-05-09 09:32:31.500,217877,199368,S,,20180509,710.05,93231500,100,71005.0
2018-05-09 09:32:31.500,217879,199368,S,,20180509,710.05,93231500,100,71005.0
2018-05-09 09:32:31.690,217815,217967,B,,20180509,710.08,93231690,300,213024.0
2018-05-09 09:32:32.770,218413,197090,S,,20180509,710.04,93232770,100,71004.0
2018-05-09 09:32:32.770,218415,197090,S,,20180509,710.04,93232770,100,71004.0
2018-05-09 09:32:32.990,218497,197090,S,,20180509,710.04,93232990,100,71004.0
2018-05-09 09:32:33.500,218721,197090,S,,20180509,710.04,93233500,100,71004.0
2018-05-09 09:32:33.690,218075,218818,B,,20180509,710.05,93233690,100,71005.0
2018-05-09 09:32:33.690,218143,218818,B,,20180509,710.05,93233690,100,71005.0
2018-05-09 09:32:33.690,218583,218818,B,,20180509,710.05,93233690,100,71005.0
2018-05-09 09:32:34.040,218995,197090,S,,20180509,710.04,93234040,100,71004.0
2018-05-09 09:32:34.500,218060,219212,B,,20180509,710.07,93234500,100,71007.0
2018-05-09 09:32:34.680,219284,219148,S,,20180509,710.05,93234680,100,71005.0
2018-05-09 09:32:35.350,219555,219329,S,,20180509,710.06,93235350,100,71006.0
2018-05-09 09:32:35.820,219765,219329,S,,20180509,710.06,93235820,100,71006.0
2018-05-09 09:32:35.850,219766,219329,S,,20180509,710.06,93235850,200,142012.0
2018-05-09 09:32:36.990,220342,219329,S,,20180509,710.06,93236990,100,71006.0
2018-05-09 09:32:37.090,218288,220391,B,,20180509,710.07,93237090,200,142014.0
2018-05-09 09:32:37.090,218835,220391,B,,20180509,710.07,93237090,100,71007.0
2018-05-09 09:32:37.460,220614,219329,S,,20180509,710.06,93237460,200,142012.0
2018-05-09 09:32:37.610,220675,219329,S,,20180509,710.06,93237610,100,71006.0
2018-05-09 09:32:37.740,219978,220734,B,,20180509,710.07,93237740,100,71007.0
2018-05-09 09:32:37.740,220615,220734,B,,20180509,710.07,93237740,100,71007.0
2018-05-09 09:32:37.930,217815,220817,B,,20180509,710.08,93237930,100,71008.0
2018-05-09 09:32:37.930,220820,219260,S,,20180509,710.05,93237930,100,71005.0
2018-05-09 09:32:38.030,220872,219274,S,,20180509,710.05,93238030,100,71005.0
2018-05-09 09:32:38.030,220872,197090,S,,20180509,710.04,93238030,200,142008.0
2018-05-09 09:32:39.050,221308,220931,S,,20180509,710.06,93239050,100,71006.0
2018-05-09 09:32:39.570,221519,197090,S,,20180509,710.04,93239570,200,142008.0
2018-05-09 09:32:40.050,221781,195916,S,,20180509,710.03,93240050,100,71003.0
2018-05-09 09:32:40.650,222031,195916,S,,20180509,710.03,93240650,100,71003.0
2018-05-09 09:32:40.820,222111,195916,S,,20180509,710.03,93240820,100,71003.0
2018-05-09 09:32:41.140,222262,195916,S,,20180509,710.03,93241140,100,71003.0
2018-05-09 09:32:41.210,221519,222287,B,,20180509,710.04,93241210,100,71004.0
2018-05-09 09:32:41.210,221827,222287,B,,20180509,710.04,93241210,100,71004.0
2018-05-09 09:32:41.640,222506,195916,S,,20180509,710.03,93241640,100,71003.0
2018-05-09 09:32:42.340,222807,222737,S,,20180509,710.04,93242340,200,142008.0
2018-05-09 09:32:42.340,222807,195916,S,,20180509,710.03,93242340,300,213009.0
2018-05-09 09:32:42.340,222807,167290,S,,20180509,710.02,93242340,200,142004.0
2018-05-09 09:32:43.710,222908,223436,B,,20180509,710.04,93243710,100,71004.0
2018-05-09 09:32:43.800,223469,167290,S,,20180509,710.02,93243800,300,213006.0
2018-05-09 09:32:45.310,224091,167290,S,,20180509,710.02,93245310,100,71002.0
2018-05-09 09:32:46.240,224538,167290,S,,20180509,710.02,93246240,100,71002.0
2018-05-09 09:32:46.950,224878,167290,S,,20180509,710.02,93246950,100,71002.0
2018-05-09 09:32:47.040,224915,167290,S,,20180509,710.02,93247040,100,71002.0
2018-05-09 09:32:47.100,222908,224948,B,,20180509,710.04,93247100,200,142008.0
2018-05-09 09:32:47.100,223462,224948,B,,20180509,710.04,93247100,700,497028.0
2018-05-09 09:32:47.100,224867,224948,B,,20180509,710.04,93247100,100,71004.0
2018-05-09 09:32:47.150,221308,224977,B,,20180509,710.05,93247150,200,142010.0
2018-05-09 09:32:47.320,221308,225065,B,,20180509,710.05,93247320,100,71005.0
2018-05-09 09:32:48.940,225751,225621,S,,20180509,710.03,93248940,100,71003.0
2018-05-09 09:32:48.990,225784,167290,S,,20180509,710.02,93248990,200,142004.0
2018-05-09 09:32:49.750,221308,226116,B,,20180509,710.05,93249750,100,71005.0
2018-05-09 09:32:49.750,221461,226116,B,,20180509,710.05,93249750,100,71005.0
2018-05-09 09:32:49.750,221484,226116,B,,20180509,710.05,93249750,1200,852060.0
2018-05-09 09:32:49.750,221876,226116,B,,20180509,710.05,93249750,200,142010.0
2018-05-09 09:32:49.750,222470,226116,B,,20180509,710.05,93249750,100,71005.0
2018-05-09 09:32:49.750,222981,226116,B,,20180509,710.05,93249750,200,142010.0
2018-05-09 09:32:49.750,224186,226116,B,,20180509,710.05,93249750,100,71005.0
2018-05-09 09:32:49.750,224681,226116,B,,20180509,710.05,93249750,100,71005.0
2018-05-09 09:32:49.750,225073,226116,B,,20180509,710.05,93249750,100,71005.0
2018-05-09 09:32:49.750,225392,226116,B,,20180509,710.05,93249750,100,71005.0
2018-05-09 09:32:49.750,222558,226116,B,,20180509,710.06,93249750,200,142012.0
2018-05-09 09:32:50.180,226260,226315,B,,20180509,710.03,93250180,100,71003.0
2018-05-09 09:32:51.060,226699,121226,S,,20180509,710.0,93251060,100,71000.0
2018-05-09 09:32:51.080,226710,121226,S,,20180509,710.0,93251080,100,71000.0
2018-05-09 09:32:51.940,227113,121226,S,,20180509,710.0,93251940,100,71000.0
2018-05-09 09:32:52.430,226880,227315,B,,20180509,710.03,93252430,100,71003.0
2018-05-09 09:32:52.430,227114,227315,B,,20180509,710.03,93252430,100,71003.0
2018-05-09 09:32:52.430,226967,227315,B,,20180509,710.04,93252430,300,213012.0
2018-05-09 09:32:52.430,226341,227315,B,,20180509,710.05,93252430,200,142010.0
2018-05-09 09:32:52.430,222558,227315,B,,20180509,710.06,93252430,600,426035.99999999994
2018-05-09 09:32:52.430,223375,227315,B,,20180509,710.06,93252430,100,71006.0
2018-05-09 09:32:52.430,224673,227315,B,,20180509,710.06,93252430,200,142012.0
2018-05-09 09:32:52.430,225104,227315,B,,20180509,710.06,93252430,100,71006.0
2018-05-09 09:32:52.430,225327,227315,B,,20180509,710.07,93252430,100,71007.0
2018-05-09 09:32:52.430,217815,227315,B,,20180509,710.08,93252430,200,142016.0
2018-05-09 09:32:53.590,227855,121226,S,,20180509,710.0,93253590,200,142000.0
2018-05-09 09:32:54.750,227457,228342,B,,20180509,710.02,93254750,100,71002.0
2018-05-09 09:32:55.040,228452,121226,S,,20180509,710.0,93255040,100,71000.0
2018-05-09 09:32:55.820,228754,121226,S,,20180509,710.0,93255820,500,355000.0
2018-05-09 09:32:55.980,228803,217296,S,,20180509,710.0,93255980,100,71000.0
2018-05-09 09:32:55.980,228803,222568,S,,20180509,710.0,93255980,100,71000.0
2018-05-09 09:32:57.140,228803,229289,B,,20180509,710.0,93257140,200,142000.0
2018-05-09 09:33:01.460,231155,113594,S,,20180509,709.88,93301460,400,283952.0
2018-05-09 09:33:01.950,231357,113594,S,,20180509,709.88,93301950,1100,780868.0
2018-05-09 09:33:02.440,231569,113594,S,,20180509,709.88,93302440,100,70988.0
2018-05-09 09:33:04.530,232524,113594,S,,20180509,709.88,93304530,400,283952.0
2018-05-09 09:33:05.340,232524,232871,B,,20180509,709.6,93305340,100,70960.0
2018-05-09 09:33:05.430,232524,232899,B,,20180509,709.6,93305430,100,70960.0
2018-05-09 09:33:06.820,233560,134148,S,,20180509,709.58,93306820,100,70958.0
2018-05-09 09:33:07.330,233560,233795,B,,20180509,709.58,93307330,100,70958.0
2018-05-09 09:33:09.770,234896,154181,S,,20180509,709.51,93309770,100,70951.0
2018-05-09 09:33:09.770,234896,223435,S,,20180509,709.51,93309770,200,141902.0
2018-05-09 09:33:10.000,234896,234998,B,,20180509,709.51,93310000,100,70951.0
2018-05-09 09:33:11.370,234896,235611,B,,20180509,709.51,93311370,200,141902.0
2018-05-09 09:33:11.370,232524,235611,B,,20180509,709.6,93311370,700,496720.0
2018-05-09 09:33:14.480,236499,236923,B,,20180509,709.51,93314480,100,70951.0
2018-05-09 09:33:14.780,237065,236923,S,,20180509,709.56,93314780,300,212867.99999999997
2018-05-09 09:33:15.010,236727,237159,B,,20180509,709.58,93315010,100,70958.0
2018-05-09 09:33:15.730,237450,236923,S,,20180509,709.56,93315730,100,70956.0
2018-05-09 09:33:17.250,238157,236923,S,,20180509,709.56,93317250,500,354780.0
2018-05-09 09:33:17.250,238157,112350,S,,20180509,709.5,93317250,200,141900.0
2018-05-09 09:33:17.490,238268,118703,S,,20180509,709.5,93317490,100,70950.0
2018-05-09 09:33:18.540,236727,238716,B,,20180509,709.58,93318540,100,70958.0
2018-05-09 09:33:19.090,238961,229487,S,,20180509,709.5,93319090,400,283800.0
2018-05-09 09:33:19.090,238961,238678,S,,20180509,709.5,93319090,200,141900.0
2018-05-09 09:33:20.550,239682,116267,S,,20180509,709.44,93320550,100,70944.0
2018-05-09 09:33:22.100,240430,119095,S,,20180509,709.44,93322100,100,70944.0
2018-05-09 09:33:22.750,240177,240762,B,,20180509,709.49,93322750,100,70949.0
2018-05-09 09:33:23.320,240177,241022,B,,20180509,709.49,93323320,200,141898.0
2018-05-09 09:33:24.520,241537,120830,S,,20180509,709.44,93324520,100,70944.0
2018-05-09 09:33:24.520,241537,134331,S,,20180509,709.44,93324520,100,70944.0
2018-05-09 09:33:24.520,241537,138555,S,,20180509,709.44,93324520,100,70944.0
2018-05-09 09:33:24.520,241537,142981,S,,20180509,709.44,93324520,100,70944.0
2018-05-09 09:33:24.520,241537,143807,S,,20180509,709.44,93324520,100,70944.0
2018-05-09 09:33:24.520,241537,149370,S,,20180509,709.44,93324520,100,70944.0
2018-05-09 09:33:24.520,241537,241091,S,,20180509,709.3,93324520,100,70930.0
2018-05-09 09:33:24.520,241537,110517,S,,20180509,709.27,93324520,100,70927.0
2018-05-09 09:33:24.520,241537,241468,S,,20180509,709.27,93324520,100,70927.0
2018-05-09 09:33:24.520,241537,240820,S,,20180509,709.15,93324520,500,354575.0
2018-05-09 09:33:24.660,241589,240820,S,,20180509,709.15,93324660,100,70915.0
2018-05-09 09:33:25.490,242001,240820,S,,20180509,709.15,93325490,100,70915.0
2018-05-09 09:33:26.110,242281,240820,S,,20180509,709.15,93326110,200,141830.0
2018-05-09 09:33:26.130,241854,242303,B,,20180509,709.44,93326130,100,70944.0
2018-05-09 09:33:26.600,242507,240820,S,,20180509,709.15,93326600,1100,780065.0
2018-05-09 09:33:26.600,242507,240907,S,,20180509,709.12,93326600,3100,2198272.0
2018-05-09 09:33:26.600,242507,107326,S,,20180509,709.11,93326600,100,70911.0
2018-05-09 09:33:26.600,242507,108327,S,,20180509,709.11,93326600,100,70911.0
2018-05-09 09:33:26.600,242507,119281,S,,20180509,709.11,93326600,100,70911.0
2018-05-09 09:33:26.600,242507,107401,S,,20180509,709.1,93326600,500,354550.0
2018-05-09 09:33:26.600,242507,107402,S,,20180509,709.1,93326600,500,354550.0
2018-05-09 09:33:26.600,242507,107403,S,,20180509,709.1,93326600,500,354550.0
2018-05-09 09:33:26.600,242507,107404,S,,20180509,709.1,93326600,500,354550.0
2018-05-09 09:33:26.600,242507,107405,S,,20180509,709.1,93326600,500,354550.0
2018-05-09 09:33:26.600,242507,107778,S,,20180509,709.1,93326600,100,70910.0
2018-05-09 09:33:26.600,242507,109190,S,,20180509,709.1,93326600,500,354550.0
2018-05-09 09:33:26.600,242507,109191,S,,20180509,709.1,93326600,500,354550.0
2018-05-09 09:33:26.600,242507,109192,S,,20180509,709.1,93326600,500,354550.0
2018-05-09 09:33:26.600,242507,121728,S,,20180509,709.1,93326600,500,354550.0
2018-05-09 09:33:26.600,242507,137288,S,,20180509,709.1,93326600,100,70910.0
2018-05-09 09:33:26.600,242507,138764,S,,20180509,709.1,93326600,500,354550.0
2018-05-09 09:33:26.600,242507,144225,S,,20180509,709.1,93326600,500,354550.0
2018-05-09 09:33:26.600,242507,149289,S,,20180509,709.1,93326600,100,70910.0
2018-05-09 09:33:26.600,242507,150975,S,,20180509,709.1,93326600,500,354550.0
2018-05-09 09:33:26.600,242507,152413,S,,20180509,709.1,93326600,300,212730.0
2018-05-09 09:33:26.600,242507,108662,S,,20180509,709.09,93326600,100,70909.0
2018-05-09 09:33:26.600,242507,124486,S,,20180509,709.09,93326600,1400,992726.0
2018-05-09 09:33:26.600,242507,119495,S,,20180509,709.08,93326600,100,70908.0
2018-05-09 09:33:26.600,242507,127416,S,,20180509,709.08,93326600,100,70908.0
2018-05-09 09:33:26.600,242507,148897,S,,20180509,709.08,93326600,300,212724.0
2018-05-09 09:33:26.600,242507,153216,S,,20180509,709.08,93326600,200,141816.0
2018-05-09 09:33:26.600,242507,148088,S,,20180509,709.06,93326600,100,70906.0
2018-05-09 09:33:26.600,242507,145574,S,,20180509,709.01,93326600,200,141802.0
2018-05-09 09:33:26.600,242507,149755,S,,20180509,709.01,93326600,100,70901.0
2018-05-09 09:33:27.270,241854,242792,B,,20180509,709.44,93327270,200,141888.0
2018-05-09 09:33:27.270,242226,242792,B,,20180509,709.44,93327270,100,70944.0
2018-05-09 09:33:27.950,243113,105477,S,,20180509,709.0,93327950,100,70900.0
2018-05-09 09:33:27.950,243113,128137,S,,20180509,709.0,93327950,100,70900.0
2018-05-09 09:33:27.950,243113,130004,S,,20180509,709.0,93327950,200,141800.0
2018-05-09 09:33:27.950,243113,142016,S,,20180509,709.0,93327950,100,70900.0
2018-05-09 09:33:27.950,243113,149987,S,,20180509,709.0,93327950,100,70900.0
2018-05-09 09:33:27.950,243113,224765,S,,20180509,709.0,93327950,100,70900.0
2018-05-09 09:33:27.950,243113,230415,S,,20180509,709.0,93327950,200,141800.0
2018-05-09 09:33:28.650,243440,230415,S,,20180509,709.0,93328650,300,212700.0
2018-05-09 09:33:28.650,243440,243073,S,,20180509,709.0,93328650,100,70900.0
2018-05-09 09:33:28.650,243440,100760,S,,20180509,708.99,93328650,200,141798.0
2018-05-09 09:33:28.650,243440,169605,S,,20180509,708.98,93328650,500,354490.0
2018-05-09 09:33:28.860,243440,243522,B,,20180509,708.98,93328860,200,141796.0
2018-05-09 09:33:30.520,244255,243522,S,,20180509,709.2,93330520,300,212760.0
2018-05-09 09:33:30.800,244385,243522,S,,20180509,709.2,93330800,500,354600.0
2018-05-09 09:33:32.090,245009,243522,S,,20180509,709.2,93332090,100,70920.0
2018-05-09 09:33:33.270,245506,243522,S,,20180509,709.2,93333270,1000,709200.0
2018-05-09 09:33:33.470,245597,243522,S,,20180509,709.2,93333470,100,70920.0
2018-05-09 09:33:33.650,245689,243522,S,,20180509,709.2,93333650,900,638280.0
2018-05-09 09:33:33.650,245689,244120,S,,20180509,709.19,93333650,100,70919.0
2018-05-09 09:33:33.770,245689,245770,B,,20180509,709.18,93333770,100,70918.0
2018-05-09 09:33:33.880,245852,245771,S,,20180509,709.2,93333880,100,70920.0
2018-05-09 09:33:34.030,245935,245772,S,,20180509,709.13,93334030,100,70913.0
2018-05-09 09:33:36.660,247163,29943,S,,20180509,708.95,93336660,100,70895.0
2018-05-09 09:33:37.460,247008,247569,B,,20180509,708.99,93337460,100,70899.0
2018-05-09 09:33:37.460,247162,247569,B,,20180509,708.99,93337460,100,70899.0
2018-05-09 09:33:38.600,245935,248114,B,,20180509,709.0,93338600,100,70900.0
2018-05-09 09:33:41.460,248844,249522,B,,20180509,708.93,93341460,200,141786.0
2018-05-09 09:33:41.460,249414,249522,B,,20180509,708.95,93341460,100,70895.0
2018-05-09 09:33:41.460,248734,249522,B,,20180509,708.99,93341460,200,141798.0
2018-05-09 09:33:41.460,246421,249522,B,,20180509,709.0,93341460,100,70900.0
2018-05-09 09:33:41.460,246795,249522,B,,20180509,709.0,93341460,100,70900.0
2018-05-09 09:33:41.460,246917,249522,B,,20180509,709.0,93341460,300,212700.0
2018-05-09 09:33:42.010,249758,248794,S,,20180509,708.88,93342010,100,70888.0
2018-05-09 09:33:42.440,250002,18251,S,,20180509,708.83,93342440,100,70883.0
2018-05-09 09:33:44.320,250932,18251,S,,20180509,708.83,93344320,200,141766.0
2018-05-09 09:33:44.320,250932,32186,S,,20180509,708.83,93344320,100,70883.0
2018-05-09 09:33:44.320,250932,165341,S,,20180509,708.83,93344320,100,70883.0
2018-05-09 09:33:44.320,250932,7794,S,,20180509,708.82,93344320,100,70882.0
2018-05-09 09:33:49.020,253261,55056,S,,20180509,708.58,93349020,100,70858.0
2018-05-09 09:33:49.920,251779,253764,B,,20180509,708.83,93349920,100,70883.0
2018-05-09 09:33:52.620,255018,55056,S,,20180509,708.58,93352620,100,70858.0
2018-05-09 09:33:54.290,255832,55056,S,,20180509,708.58,93354290,100,70858.0
2018-05-09 09:33:54.290,255832,251927,S,,20180509,708.58,93354290,300,212574.0
2018-05-09 09:33:54.290,255832,253584,S,,20180509,708.58,93354290,100,70858.0
2018-05-09 09:33:54.540,255832,255933,B,,20180509,708.58,93354540,100,70858.0
2018-05-09 09:33:54.700,256016,255970,S,,20180509,708.58,93354700,100,70858.0
2018-05-09 09:33:55.610,255577,256534,B,,20180509,708.8,93355610,500,354400.0
2018-05-09 09:33:55.700,255577,256589,B,,20180509,708.8,93355700,200,141760.0
2018-05-09 09:33:56.160,256801,252237,S,,20180509,708.53,93356160,100,70853.0
2018-05-09 09:33:58.050,257360,257714,B,,20180509,708.58,93358050,100,70858.0
2018-05-09 09:33:58.400,257363,257882,B,,20180509,708.58,93358400,100,70858.0
2018-05-09 09:33:59.010,258178,256572,S,,20180509,708.53,93359010,100,70853.0
2018-05-09 09:34:00.200,258741,258272,S,,20180509,708.53,93400200,100,70853.0
2018-05-09 09:34:00.200,258741,258656,S,,20180509,708.53,93400200,300,212559.0
2018-05-09 09:34:00.200,258741,253556,S,,20180509,708.51,93400200,100,70851.0
2018-05-09 09:34:00.200,258741,222686,S,,20180509,708.23,93400200,100,70823.0
2018-05-09 09:34:01.300,257488,259325,B,,20180509,708.58,93401300,200,141716.0
2018-05-09 09:34:02.220,259714,222686,S,,20180509,708.23,93402220,100,70823.0
2018-05-09 09:34:03.440,260144,260351,B,,20180509,708.53,93403440,100,70853.0
2018-05-09 09:34:03.440,257488,260351,B,,20180509,708.58,93403440,100,70858.0
2018-05-09 09:34:04.580,260923,260948,B,,20180509,708.53,93404580,100,70853.0
2018-05-09 09:34:05.190,261021,261257,B,,20180509,708.53,93405190,100,70853.0
2018-05-09 09:34:05.190,257488,261257,B,,20180509,708.58,93405190,100,70858.0
2018-05-09 09:34:06.610,261949,222686,S,,20180509,708.23,93406610,100,70823.0
2018-05-09 09:34:06.770,262034,222686,S,,20180509,708.23,93406770,100,70823.0
2018-05-09 09:34:07.370,262411,262346,S,,20180509,708.28,93407370,100,70828.0
2018-05-09 09:34:08.640,263089,262191,S,,20180509,708.24,93408640,100,70824.0
2018-05-09 09:34:08.640,263089,262272,S,,20180509,708.24,93408640,100,70824.0
2018-05-09 09:34:08.640,263089,262485,S,,20180509,708.24,93408640,100,70824.0
2018-05-09 09:34:09.000,261907,263244,B,,20180509,708.51,93409000,100,70851.0
2018-05-09 09:34:09.000,261345,263244,B,,20180509,708.53,93409000,100,70853.0
2018-05-09 09:34:09.000,262400,263244,B,,20180509,708.53,93409000,100,70853.0
2018-05-09 09:34:09.000,263223,263244,B,,20180509,708.53,93409000,100,70853.0
2018-05-09 09:34:09.000,261479,263244,B,,20180509,708.57,93409000,100,70857.0
2018-05-09 09:34:09.000,257488,263244,B,,20180509,708.58,93409000,200,141716.0
2018-05-09 09:34:09.000,257863,263244,B,,20180509,708.58,93409000,100,70858.0
2018-05-09 09:34:09.000,257945,263244,B,,20180509,708.58,93409000,200,141716.0
2018-05-09 09:34:09.090,263276,262672,S,,20180509,708.24,93409090,100,70824.0
2018-05-09 09:34:09.310,258110,263366,B,,20180509,708.58,93409310,100,70858.0
2018-05-09 09:34:09.500,263462,262672,S,,20180509,708.24,93409500,300,212472.0
2018-05-09 09:34:09.500,263462,222686,S,,20180509,708.23,93409500,600,424938.0
2018-05-09 09:34:10.380,263580,263952,B,,20180509,708.53,93410380,100,70853.0
2018-05-09 09:34:10.750,264148,261242,S,,20180509,708.23,93410750,100,70823.0
2018-05-09 09:34:11.430,264358,264484,B,,20180509,708.51,93411430,100,70851.0
2018-05-09 09:34:11.430,263580,264484,B,,20180509,708.53,93411430,100,70853.0
2018-05-09 09:34:11.430,263688,264484,B,,20180509,708.53,93411430,100,70853.0
2018-05-09 09:34:11.430,263944,264484,B,,20180509,708.53,93411430,300,212559.0
2018-05-09 09:34:11.430,264329,264484,B,,20180509,708.53,93411430,200,141706.0
2018-05-09 09:34:11.430,264485,264484,S,,20180509,708.56,93411430,100,70856.0
2018-05-09 09:34:12.280,264875,264484,S,,20180509,708.56,93412280,100,70856.0
2018-05-09 09:34:12.900,264910,265162,B,,20180509,708.23,93412900,100,70823.0
2018-05-09 09:34:12.900,265120,265162,B,,20180509,708.23,93412900,200,141646.0
2018-05-09 09:34:12.900,261397,265162,B,,20180509,708.58,93412900,100,70858.0
2018-05-09 09:34:12.900,261997,265162,B,,20180509,708.58,93412900,100,70858.0
2018-05-09 09:34:13.320,265385,101670,S,,20180509,708.01,93413320,100,70801.0
2018-05-09 09:34:13.410,265442,102802,S,,20180509,708.01,93413410,100,70801.0
2018-05-09 09:34:13.410,265442,156211,S,,20180509,708.0,93413410,100,70800.0
2018-05-09 09:34:13.410,265442,168045,S,,20180509,708.0,93413410,100,70800.0
2018-05-09 09:34:14.750,266064,175214,S,,20180509,708.0,93414750,100,70800.0
2018-05-09 09:34:14.750,266064,187922,S,,20180509,708.0,93414750,100,70800.0
2018-05-09 09:34:15.770,265340,266583,B,,20180509,708.23,93415770,100,70823.0
2018-05-09 09:34:15.770,265656,266583,B,,20180509,708.23,93415770,100,70823.0
2018-05-09 09:34:15.770,265837,266583,B,,20180509,708.23,93415770,100,70823.0
2018-05-09 09:34:15.770,265849,266583,B,,20180509,708.23,93415770,100,70823.0
2018-05-09 09:34:15.770,265862,266583,B,,20180509,708.23,93415770,100,70823.0
2018-05-09 09:34:15.770,265987,266583,B,,20180509,708.23,93415770,100,70823.0
2018-05-09 09:34:15.890,266102,266661,B,,20180509,708.23,93415890,100,70823.0
2018-05-09 09:34:15.890,266366,266661,B,,20180509,708.23,93415890,200,141646.0
2018-05-09 09:34:16.020,266721,202084,S,,20180509,708.0,93416020,500,354000.0
2018-05-09 09:34:16.020,266721,225974,S,,20180509,708.0,93416020,100,70800.0
2018-05-09 09:34:16.150,266776,225974,S,,20180509,708.0,93416150,100,70800.0
2018-05-09 09:34:17.070,266492,267195,B,,20180509,708.24,93417070,100,70824.0
2018-05-09 09:34:17.070,266493,267195,B,,20180509,708.24,93417070,400,283296.0
2018-05-09 09:34:17.070,266494,267195,B,,20180509,708.25,93417070,5500,3895375.0
2018-05-09 09:34:17.370,266494,267338,B,,20180509,708.25,93417370,300,212475.0
2018-05-09 09:34:18.090,267533,267673,B,,20180509,708.24,93418090,100,70824.0
2018-05-09 09:34:18.090,266494,267673,B,,20180509,708.25,93418090,100,70825.0
2018-05-09 09:34:20.250,268664,229519,S,,20180509,708.0,93420250,200,141600.0
2018-05-09 09:34:20.250,268664,263767,S,,20180509,708.0,93420250,100,70800.0
2018-05-09 09:34:23.550,268841,270182,B,,20180509,708.0,93423550,100,70800.0
2018-05-09 09:34:23.550,268907,270182,B,,20180509,708.0,93423550,100,70800.0
2018-05-09 09:34:23.790,268907,270303,B,,20180509,708.0,93423790,200,141600.0
2018-05-09 09:34:24.070,268907,270435,B,,20180509,708.0,93424070,100,70800.0
2018-05-09 09:34:24.800,268907,270788,B,,20180509,708.0,93424800,100,70800.0
2018-05-09 09:34:25.320,269193,271071,B,,20180509,708.0,93425320,100,70800.0
2018-05-09 09:34:26.160,269193,271506,B,,20180509,708.0,93426160,100,70800.0
2018-05-09 09:34:26.160,269531,271506,B,,20180509,708.0,93426160,100,70800.0
2018-05-09 09:34:26.230,269802,271538,B,,20180509,708.0,93426230,100,70800.0
2018-05-09 09:34:27.660,269802,272176,B,,20180509,708.0,93427660,200,141600.0
2018-05-09 09:34:28.290,269802,272504,B,,20180509,708.0,93428290,100,70800.0
2018-05-09 09:34:28.290,270092,272504,B,,20180509,708.0,93428290,100,70800.0
2018-05-09 09:34:28.580,272630,249739,S,,20180509,707.68,93428580,100,70768.0
2018-05-09 09:34:28.680,272682,270857,S,,20180509,707.68,93428680,100,70768.0
2018-05-09 09:34:29.000,272834,271933,S,,20180509,707.68,93429000,100,70768.0
2018-05-09 09:34:29.160,270347,272897,B,,20180509,708.0,93429160,100,70800.0
2018-05-09 09:34:29.370,272979,272312,S,,20180509,707.68,93429370,100,70768.0
2018-05-09 09:34:30.430,273279,273473,B,,20180509,707.68,93430430,100,70768.0
2018-05-09 09:34:30.430,271866,273473,B,,20180509,708.0,93430430,100,70800.0
2018-05-09 09:34:30.430,271973,273473,B,,20180509,708.0,93430430,200,141600.0
2018-05-09 09:34:30.430,272037,273473,B,,20180509,708.0,93430430,100,70800.0
2018-05-09 09:34:30.450,272376,273487,B,,20180509,708.0,93430450,200,141600.0
2018-05-09 09:34:30.640,273580,97484,S,,20180509,707.58,93430640,100,70758.0
2018-05-09 09:34:30.960,272376,273717,B,,20180509,708.0,93430960,100,70800.0
2018-05-09 09:34:31.430,272376,273956,B,,20180509,708.0,93431430,100,70800.0
2018-05-09 09:34:32.730,274047,274534,B,,20180509,707.68,93432730,100,70768.0
2018-05-09 09:34:32.730,274436,274534,B,,20180509,707.68,93432730,100,70768.0
2018-05-09 09:34:33.430,274833,274858,B,,20180509,707.68,93433430,100,70768.0
2018-05-09 09:34:33.990,275110,275124,B,,20180509,707.61,93433990,100,70761.0
2018-05-09 09:34:33.990,272376,275124,B,,20180509,708.0,93433990,300,212400.0
2018-05-09 09:34:34.540,275151,275388,B,,20180509,707.58,93434540,100,70758.0
2018-05-09 09:34:34.670,275469,274988,S,,20180509,707.33,93434670,100,70733.0
2018-05-09 09:34:34.900,272882,275579,B,,20180509,708.0,93434900,100,70800.0
2018-05-09 09:34:35.040,273540,275647,B,,20180509,708.0,93435040,100,70800.0
2018-05-09 09:34:35.280,275766,274988,S,,20180509,707.33,93435280,200,141466.0
2018-05-09 09:34:36.610,276381,276429,B,,20180509,707.67,93436610,100,70767.0
2018-05-09 09:34:36.670,276381,276462,B,,20180509,707.67,93436670,100,70767.0
2018-05-09 09:34:36.750,276381,276507,B,,20180509,707.67,93436750,100,70767.0
2018-05-09 09:34:36.790,276383,276525,B,,20180509,707.67,93436790,100,70767.0
2018-05-09 09:34:36.860,276383,276564,B,,20180509,707.67,93436860,100,70767.0
2018-05-09 09:34:37.190,276383,276765,B,,20180509,707.67,93437190,100,70767.0
2018-05-09 09:34:37.190,275709,276765,B,,20180509,707.68,93437190,100,70768.0
2018-05-09 09:34:37.190,276339,276765,B,,20180509,707.68,93437190,200,141536.0
2018-05-09 09:34:37.210,276339,276777,B,,20180509,707.68,93437210,100,70768.0
2018-05-09 09:34:37.210,276407,276777,B,,20180509,707.68,93437210,200,141536.0
2018-05-09 09:34:37.440,276884,276777,S,,20180509,707.68,93437440,100,70768.0
2018-05-09 09:34:38.860,277539,276777,S,,20180509,707.68,93438860,100,70768.0
2018-05-09 09:34:39.820,277888,277988,B,,20180509,707.99,93439820,100,70799.0
2018-05-09 09:34:39.990,277888,278061,B,,20180509,707.99,93439990,200,141598.0
2018-05-09 09:34:39.990,273540,278061,B,,20180509,708.0,93439990,400,283200.0
2018-05-09 09:34:39.990,274470,278061,B,,20180509,708.0,93439990,100,70800.0
2018-05-09 09:34:39.990,274476,278061,B,,20180509,708.0,93439990,100,70800.0
2018-05-09 09:34:39.990,274997,278061,B,,20180509,708.0,93439990,200,141600.0
2018-05-09 09:34:39.990,275615,278061,B,,20180509,708.0,93439990,100,70800.0
2018-05-09 09:34:39.990,276102,278061,B,,20180509,708.0,93439990,100,70800.0
2018-05-09 09:34:40.220,276237,278179,B,,20180509,708.0,93440220,100,70800.0
2018-05-09 09:34:40.220,277494,278179,B,,20180509,708.0,93440220,100,70800.0
2018-05-09 09:34:40.290,278226,278179,S,,20180509,708.0,93440290,100,70800.0
2018-05-09 09:34:40.290,278229,276829,S,,20180509,707.68,93440290,100,70768.0
2018-05-09 09:34:40.870,278476,276855,S,,20180509,707.68,93440870,100,70768.0
2018-05-09 09:34:41.120,278604,278505,S,,20180509,707.69,93441120,100,70769.0
2018-05-09 09:34:42.410,278754,279190,B,,20180509,708.0,93442410,100,70800.0
2018-05-09 09:34:42.710,278754,279324,B,,20180509,708.0,93442710,300,212400.0
2018-05-09 09:34:42.780,279365,279324,S,,20180509,708.0,93442780,100,70800.0
2018-05-09 09:34:42.850,279388,279324,S,,20180509,708.0,93442850,100,70800.0
2018-05-09 09:34:42.850,279388,279364,S,,20180509,708.0,93442850,200,141600.0
2018-05-09 09:34:42.850,279389,279364,S,,20180509,708.0,93442850,100,70800.0
2018-05-09 09:34:43.820,279887,276876,S,,20180509,707.68,93443820,100,70768.0
2018-05-09 09:34:44.220,280063,279956,S,,20180509,708.0,93444220,100,70800.0
2018-05-09 09:34:44.340,280115,277336,S,,20180509,707.5,93444340,500,353750.0
2018-05-09 09:34:44.340,280115,280095,S,,20180509,707.35,93444340,400,282940.0
2018-05-09 09:34:44.340,280115,276565,S,,20180509,707.33,93444340,100,70733.0
2018-05-09 09:34:44.340,280115,276827,S,,20180509,707.33,93444340,200,141466.0
2018-05-09 09:34:44.340,280115,277740,S,,20180509,707.33,93444340,100,70733.0
2018-05-09 09:34:44.480,280115,280181,B,,20180509,707.33,93444480,1100,778063.0
2018-05-09 09:34:44.760,280294,280181,S,,20180509,708.0,93444760,100,70800.0
2018-05-09 09:34:45.260,280517,280181,S,,20180509,708.0,93445260,200,141600.0
2018-05-09 09:34:45.470,280604,280181,S,,20180509,708.0,93445470,100,70800.0
2018-05-09 09:34:45.590,280656,280181,S,,20180509,708.0,93445590,300,212400.0
2018-05-09 09:34:46.150,269315,280985,B,,20180509,708.2,93446150,100,70820.0
2018-05-09 09:34:46.150,277144,280985,B,,20180509,708.2,93446150,300,212460.0
2018-05-09 09:34:46.270,280988,281035,B,,20180509,708.14,93446270,100,70814.0
2018-05-09 09:34:46.270,277144,281035,B,,20180509,708.2,93446270,100,70820.0
2018-05-09 09:34:46.740,281221,281035,S,,20180509,708.2,93446740,100,70820.0
2018-05-09 09:34:46.760,281241,281035,S,,20180509,708.2,93446760,100,70820.0
2018-05-09 09:34:48.070,281856,281035,S,,20180509,708.2,93448070,100,70820.0
2018-05-09 09:34:48.310,281968,281204,S,,20180509,708.2,93448310,100,70820.0
2018-05-09 09:34:48.310,281968,280181,S,,20180509,708.0,93448310,400,283200.0
2018-05-09 09:34:48.590,282082,280181,S,,20180509,708.0,93448590,100,70800.0
2018-05-09 09:34:49.080,282334,280181,S,,20180509,708.0,93449080,100,70800.0
2018-05-09 09:34:49.490,282531,282469,S,,20180509,708.01,93449490,200,141602.0
2018-05-09 09:34:49.700,282629,282469,S,,20180509,708.01,93449700,100,70801.0
2018-05-09 09:34:50.120,282845,282469,S,,20180509,708.01,93450120,100,70801.0
2018-05-09 09:34:50.510,283027,282469,S,,20180509,708.01,93450510,100,70801.0
2018-05-09 09:34:50.580,283056,280181,S,,20180509,708.0,93450580,100,70800.0
2018-05-09 09:34:51.730,282125,283602,B,,20180509,708.22,93451730,300,212466.0
2018-05-09 09:34:52.420,283969,283602,S,,20180509,708.22,93452420,100,70822.0
2018-05-09 09:34:53.670,281814,284526,B,,20180509,708.23,93453670,300,212469.0
2018-05-09 09:34:54.730,281814,284953,B,,20180509,708.23,93454730,200,141646.0
2018-05-09 09:34:54.730,283195,284953,B,,20180509,708.23,93454730,800,566584.0
2018-05-09 09:34:54.970,265655,285060,B,,20180509,708.47,93454970,400,283388.0
2018-05-09 09:34:55.100,285147,285041,S,,20180509,708.23,93455100,100,70823.0
2018-05-09 09:34:55.540,285346,285041,S,,20180509,708.23,93455540,100,70823.0
2018-05-09 09:34:56.370,265655,285752,B,,20180509,708.47,93456370,500,354235.0
2018-05-09 09:34:56.890,265655,285964,B,,20180509,708.47,93456890,500,354235.0
2018-05-09 09:34:56.950,285984,285055,S,,20180509,708.23,93456950,300,212469.0
2018-05-09 09:34:56.950,285984,285056,S,,20180509,708.23,93456950,200,141646.0
2018-05-09 09:34:56.950,285984,285069,S,,20180509,708.23,93456950,200,141646.0
2018-05-09 09:34:56.950,285984,285088,S,,20180509,708.23,93456950,100,70823.0
2018-05-09 09:34:56.950,285984,285107,S,,20180509,708.23,93456950,200,141646.0
2018-05-09 09:34:57.550,265655,286214,B,,20180509,708.47,93457550,300,212541.0
2018-05-09 09:34:57.550,279209,286214,B,,20180509,708.53,93457550,200,141706.0
2018-05-09 09:34:57.900,286376,286343,S,,20180509,708.47,93457900,500,354235.0
2018-05-09 09:34:57.900,286376,286260,S,,20180509,708.24,93457900,400,283296.0
2018-05-09 09:34:57.900,286392,286260,S,,20180509,708.24,93457900,100,70824.0
2018-05-09 09:34:57.990,286434,286260,S,,20180509,708.24,93457990,100,70824.0
2018-05-09 09:35:00.120,287452,287026,S,,20180509,708.47,93500120,100,70847.0
2018-05-09 09:35:00.190,287489,287026,S,,20180509,708.47,93500190,100,70847.0
2018-05-09 09:35:00.460,262494,287618,B,,20180509,708.58,93500460,300,212574.0
2018-05-09 09:35:00.720,262494,287744,B,,20180509,708.58,93500720,500,354290.0
2018-05-09 09:35:00.720,262494,287747,B,,20180509,708.58,93500720,300,212574.0
2018-05-09 09:35:00.720,266636,287747,B,,20180509,708.58,93500720,300,212574.0
2018-05-09 09:35:00.720,287751,287747,S,,20180509,708.58,93500720,100,70858.0
2018-05-09 09:35:00.780,287780,287747,S,,20180509,708.58,93500780,500,354290.0
2018-05-09 09:35:01.090,287908,287747,S,,20180509,708.58,93501090,100,70858.0
2018-05-09 09:35:01.510,288094,287747,S,,20180509,708.58,93501510,100,70858.0
2018-05-09 09:35:01.510,288094,287235,S,,20180509,708.47,93501510,200,141694.0
2018-05-09 09:35:01.750,288205,287235,S,,20180509,708.47,93501750,300,212541.0
2018-05-09 09:35:01.750,288205,287299,S,,20180509,708.47,93501750,100,70847.0
2018-05-09 09:35:02.750,288663,288399,S,,20180509,708.8,93502750,300,212640.0
2018-05-09 09:35:02.750,288663,287299,S,,20180509,708.47,93502750,200,141694.0
2018-05-09 09:35:02.750,288663,288120,S,,20180509,708.47,93502750,200,141694.0
2018-05-09 09:35:02.750,288663,287926,S,,20180509,708.31,93502750,300,212492.99999999997
2018-05-09 09:35:02.750,288663,288255,S,,20180509,708.3,93502750,500,354150.0
2018-05-09 09:35:02.750,288663,286260,S,,20180509,708.24,93502750,800,566592.0
2018-05-09 09:35:02.750,288663,285132,S,,20180509,708.23,93502750,100,70823.0
2018-05-09 09:35:02.750,288663,285133,S,,20180509,708.23,93502750,100,70823.0
2018-05-09 09:35:02.750,288663,285233,S,,20180509,708.23,93502750,100,70823.0
2018-05-09 09:35:02.750,288663,285238,S,,20180509,708.23,93502750,200,141646.0
2018-05-09 09:35:02.750,288663,285308,S,,20180509,708.23,93502750,100,70823.0
2018-05-09 09:35:02.750,288663,286029,S,,20180509,708.23,93502750,334,236548.82
2018-05-09 09:35:02.860,288734,286029,S,,20180509,708.23,93502860,100,70823.0
2018-05-09 09:35:03.230,288892,286029,S,,20180509,708.23,93503230,100,70823.0
2018-05-09 09:35:03.440,288978,286029,S,,20180509,708.23,93503440,100,70823.0
2018-05-09 09:35:03.780,257424,289139,B,,20180509,708.81,93503780,300,212642.99999999997
2018-05-09 09:35:05.220,254742,289894,B,,20180509,708.83,93505220,100,70883.0
2018-05-09 09:35:05.990,290246,289139,S,,20180509,708.81,93505990,100,70881.0
2018-05-09 09:35:06.730,290577,289139,S,,20180509,708.81,93506730,100,70881.0
2018-05-09 09:35:07.280,258932,290864,B,,20180509,708.83,93507280,100,70883.0
2018-05-09 09:35:07.280,252566,290864,B,,20180509,708.88,93507280,100,70888.0
2018-05-09 09:35:07.280,265861,290864,B,,20180509,708.98,93507280,100,70898.0
2018-05-09 09:35:07.950,246918,291175,B,,20180509,709.0,93507950,100,70900.0
2018-05-09 09:35:08.570,246918,291442,B,,20180509,709.0,93508570,100,70900.0
2018-05-09 09:35:08.570,253795,291442,B,,20180509,709.0,93508570,100,70900.0
2018-05-09 09:35:08.570,267258,291442,B,,20180509,709.0,93508570,1000,709000.0
2018-05-09 09:35:09.390,291817,289143,S,,20180509,708.81,93509390,200,141762.0
2018-05-09 09:35:09.440,291839,289143,S,,20180509,708.81,93509440,200,141762.0
2018-05-09 09:35:09.440,291839,289520,S,,20180509,708.8,93509440,400,283520.0
2018-05-09 09:35:09.630,291934,289520,S,,20180509,708.8,93509630,100,70880.0
2018-05-09 09:35:09.630,291934,291253,S,,20180509,708.6,93509630,100,70860.0
2018-05-09 09:35:09.630,291934,289108,S,,20180509,708.58,93509630,500,354290.0
2018-05-09 09:35:09.630,291934,290017,S,,20180509,708.58,93509630,1500,1062870.0
2018-05-09 09:35:09.630,291934,291000,S,,20180509,708.58,93509630,100,70858.0
2018-05-09 09:35:09.630,291934,291283,S,,20180509,708.58,93509630,8,5668.64
2018-05-09 09:35:09.980,276256,292098,B,,20180509,709.0,93509980,100,70900.0
2018-05-09 09:35:10.760,292463,292350,S,,20180509,709.0,93510760,100,70900.0
2018-05-09 09:35:10.810,292472,292350,S,,20180509,709.0,93510810,500,354500.0
2018-05-09 09:35:12.750,293379,292350,S,,20180509,709.0,93512750,100,70900.0
2018-05-09 09:35:15.680,294719,293588,S,,20180509,709.0,93515680,100,70900.0
2018-05-09 09:35:15.680,294719,294283,S,,20180509,709.0,93515680,200,141800.0
2018-05-09 09:35:15.680,294719,294494,S,,20180509,708.9,93515680,100,70890.0
2018-05-09 09:35:15.680,294719,293937,S,,20180509,708.88,93515680,100,70888.0
2018-05-09 09:35:15.680,294719,292353,S,,20180509,708.83,93515680,100,70883.0
2018-05-09 09:35:15.880,293320,294808,B,,20180509,709.09,93515880,300,212727.0
2018-05-09 09:35:15.880,294679,294808,B,,20180509,709.09,93515880,200,141818.0
2018-05-09 09:35:16.720,295190,294149,S,,20180509,708.83,93516720,100,70883.0
2018-05-09 09:35:16.720,295190,293995,S,,20180509,708.81,93516720,100,70881.0
2018-05-09 09:35:18.550,295953,295261,S,,20180509,709.0,93518550,100,70900.0
2018-05-09 09:35:18.550,295953,295382,S,,20180509,709.0,93518550,100,70900.0
2018-05-09 09:35:19.080,294679,296217,B,,20180509,709.09,93519080,100,70909.0
2018-05-09 09:35:19.080,295566,296217,B,,20180509,709.09,93519080,100,70909.0
2018-05-09 09:35:19.080,251088,296217,B,,20180509,709.1,93519080,100,70910.0
2018-05-09 09:35:19.080,248801,296217,B,,20180509,709.19,93519080,100,70919.0
2018-05-09 09:35:19.080,246019,296217,B,,20180509,709.2,93519080,1000,709200.0
2018-05-09 09:35:19.080,247473,296217,B,,20180509,709.2,93519080,400,283680.0
2018-05-09 09:35:19.730,296481,295391,S,,20180509,709.0,93519730,100,70900.0
2018-05-09 09:35:19.730,296481,296390,S,,20180509,709.0,93519730,100,70900.0
2018-05-09 09:35:19.990,296481,296630,B,,20180509,709.0,93519990,100,70900.0
2018-05-09 09:35:20.410,296481,296857,B,,20180509,709.0,93520410,2000,1418000.0
2018-05-09 09:35:22.650,297340,297808,B,,20180509,708.99,93522650,200,141798.0
2018-05-09 09:35:22.690,297340,297827,B,,20180509,708.99,93522690,100,70899.0
2018-05-09 09:35:22.880,296481,297907,B,,20180509,709.0,93522880,700,496300.0
2018-05-09 09:35:24.390,298538,297907,S,,20180509,709.09,93524390,300,212727.0
2018-05-09 09:35:24.490,298590,298410,S,,20180509,709.0,93524490,100,70900.0
2018-05-09 09:35:24.650,298590,298670,B,,20180509,709.0,93524650,100,70900.0
2018-05-09 09:35:24.690,298590,298705,B,,20180509,709.0,93524690,100,70900.0
2018-05-09 09:35:24.720,298590,298727,B,,20180509,709.0,93524720,100,70900.0
2018-05-09 09:35:25.820,298590,299204,B,,20180509,709.0,93525820,100,70900.0
2018-05-09 09:35:26.160,298590,299334,B,,20180509,709.0,93526160,100,70900.0
2018-05-09 09:35:26.920,298635,299664,B,,20180509,709.0,93526920,100,70900.0
2018-05-09 09:35:27.210,298635,299782,B,,20180509,709.0,93527210,200,141800.0
2018-05-09 09:35:28.100,298538,300237,B,,20180509,709.09,93528100,300,212727.0
2018-05-09 09:35:29.270,300476,300782,B,,20180509,709.1,93529270,100,70910.0
2018-05-09 09:35:30.780,300476,301426,B,,20180509,709.1,93530780,300,212730.0
2018-05-09 09:35:30.830,301455,300242,S,,20180509,709.09,93530830,100,70909.0
2018-05-09 09:35:32.650,302207,300566,S,,20180509,709.09,93532650,100,70909.0
2018-05-09 09:35:32.650,302207,299950,S,,20180509,709.0,93532650,200,141800.0
2018-05-09 09:35:32.650,302207,302203,S,,20180509,709.0,93532650,100,70900.0
2018-05-09 09:35:33.920,302207,302876,B,,20180509,709.0,93533920,100,70900.0
2018-05-09 09:35:34.460,303104,300521,S,,20180509,708.99,93534460,100,70899.0
2018-05-09 09:35:34.490,303116,301317,S,,20180509,708.99,93534490,300,212697.0
2018-05-09 09:35:34.490,303116,302900,S,,20180509,708.99,93534490,100,70899.0
2018-05-09 09:35:36.120,303805,302900,S,,20180509,708.99,93536120,100,70899.0
2018-05-09 09:35:36.250,303859,302900,S,,20180509,708.99,93536250,500,354495.0
2018-05-09 09:35:37.310,304342,302900,S,,20180509,708.99,93537310,200,141798.0
2018-05-09 09:35:37.310,304343,302900,S,,20180509,708.99,93537310,100,70899.0
2018-05-09 09:35:37.340,304357,302900,S,,20180509,708.99,93537340,100,70899.0
2018-05-09 09:35:37.340,304358,302900,S,,20180509,708.99,93537340,100,70899.0
2018-05-09 09:35:37.340,304360,302900,S,,20180509,708.99,93537340,100,70899.0
2018-05-09 09:35:37.400,304390,302900,S,,20180509,708.99,93537400,100,70899.0
2018-05-09 09:35:37.520,304442,302900,S,,20180509,708.99,93537520,100,70899.0
2018-05-09 09:35:38.370,304443,304814,B,,20180509,708.99,93538370,100,70899.0
2018-05-09 09:35:39.770,304472,305405,B,,20180509,708.99,93539770,100,70899.0
2018-05-09 09:35:40.250,302207,305644,B,,20180509,709.0,93540250,100,70900.0
2018-05-09 09:35:40.250,302207,305645,B,,20180509,709.0,93540250,100,70900.0
2018-05-09 09:35:40.320,305659,305674,B,,20180509,708.99,93540320,100,70899.0
2018-05-09 09:35:40.390,305659,305706,B,,20180509,708.99,93540390,100,70899.0
2018-05-09 09:35:40.580,302207,305787,B,,20180509,709.0,93540580,100,70900.0
2018-05-09 09:35:40.580,302207,305788,B,,20180509,709.0,93540580,100,70900.0
2018-05-09 09:35:41.440,305871,306125,B,,20180509,708.99,93541440,100,70899.0
2018-05-09 09:35:41.590,305871,306197,B,,20180509,708.99,93541590,100,70899.0
2018-05-09 09:35:42.830,306713,298671,S,,20180509,708.92,93542830,100,70892.0
2018-05-09 09:35:43.380,305905,307048,B,,20180509,708.99,93543380,100,70899.0
2018-05-09 09:35:43.980,302207,307367,B,,20180509,709.0,93543980,100,70900.0
2018-05-09 09:35:44.630,307457,307619,B,,20180509,708.99,93544630,100,70899.0
2018-05-09 09:35:45.310,307868,298728,S,,20180509,708.92,93545310,100,70892.0
2018-05-09 09:35:46.440,307868,308362,B,,20180509,708.9,93546440,100,70890.0
2018-05-09 09:35:47.450,307868,308787,B,,20180509,708.9,93547450,200,141780.0
2018-05-09 09:35:47.450,308785,308787,B,,20180509,708.92,93547450,400,283568.0
2018-05-09 09:35:47.450,307457,308787,B,,20180509,708.99,93547450,100,70899.0
2018-05-09 09:35:47.540,307457,308838,B,,20180509,708.99,93547540,100,70899.0
2018-05-09 09:35:50.350,309944,310018,B,,20180509,708.92,93550350,100,70892.0
2018-05-09 09:35:50.350,307457,310018,B,,20180509,708.99,93550350,500,354495.0
2018-05-09 09:35:50.770,310174,294109,S,,20180509,708.81,93550770,100,70881.0
2018-05-09 09:35:53.780,307457,311437,B,,20180509,708.99,93553780,200,141798.0
2018-05-09 09:35:58.490,313103,313424,B,,20180509,708.85,93558490,100,70885.0
2018-05-09 09:36:00.670,314326,299430,S,,20180509,708.81,93600670,100,70881.0
2018-05-09 09:36:03.370,313103,315451,B,,20180509,708.85,93603370,300,212655.0
2018-05-09 09:36:04.220,315850,308670,S,,20180509,708.81,93604220,100,70881.0
2018-05-09 09:36:04.220,315850,302752,S,,20180509,708.8,93604220,100,70880.0
2018-05-09 09:36:04.220,315850,291283,S,,20180509,708.58,93604220,92,65189.36
2018-05-09 09:36:04.220,315850,304781,S,,20180509,708.58,93604220,100,70858.0
2018-05-09 09:36:04.220,315850,312590,S,,20180509,708.58,93604220,8,5668.64
2018-05-09 09:36:07.820,317480,312590,S,,20180509,708.58,93607820,92,65189.36
2018-05-09 09:36:07.820,317480,315421,S,,20180509,708.55,93607820,100,70855.0
2018-05-09 09:36:07.820,317480,311388,S,,20180509,708.53,93607820,8,5668.24
2018-05-09 09:36:10.500,318594,311388,S,,20180509,708.53,93610500,92,65184.759999999995
2018-05-09 09:36:10.790,318594,318721,B,,20180509,708.53,93610790,208,147374.24
2018-05-09 09:36:10.790,316379,318721,B,,20180509,708.8,93610790,92,65209.6
2018-05-09 09:36:11.070,316379,318826,B,,20180509,708.8,93611070,8,5670.4
2018-05-09 09:36:11.070,316631,318826,B,,20180509,708.8,93611070,100,70880.0
2018-05-09 09:36:11.070,316887,318826,B,,20180509,708.8,93611070,100,70880.0
2018-05-09 09:36:11.070,317840,318826,B,,20180509,708.81,93611070,200,141762.0
2018-05-09 09:36:11.070,313103,318826,B,,20180509,708.85,93611070,192,136099.2
2018-05-09 09:36:11.630,313103,319080,B,,20180509,708.85,93611630,8,5670.8
2018-05-09 09:36:12.630,319493,319080,S,,20180509,708.85,93612630,92,65214.200000000004
2018-05-09 09:36:13.120,319493,319702,B,,20180509,708.81,93613120,8,5670.48
2018-05-09 09:36:14.350,320200,319702,S,,20180509,708.85,93614350,92,65214.200000000004
2018-05-09 09:36:18.680,321113,321934,B,,20180509,708.65,93618680,300,212595.0
2018-05-09 09:36:19.230,322000,322168,B,,20180509,708.53,93619230,100,70853.0
2018-05-09 09:36:21.340,322880,323060,B,,20180509,708.65,93621340,100,70865.0
2018-05-09 09:36:22.210,323449,320390,S,,20180509,708.51,93622210,100,70851.0
2018-05-09 09:36:24.350,324132,324360,B,,20180509,708.51,93624350,100,70851.0
2018-05-09 09:36:24.800,324416,324522,B,,20180509,708.51,93624800,100,70851.0
2018-05-09 09:36:25.710,322880,324945,B,,20180509,708.65,93625710,100,70865.0
2018-05-09 09:36:25.870,322880,325016,B,,20180509,708.65,93625870,100,70865.0
2018-05-09 09:36:25.870,324368,325016,B,,20180509,708.7,93625870,800,566960.0
2018-05-09 09:36:26.320,325182,324522,S,,20180509,708.58,93626320,600,425148.0
2018-05-09 09:36:26.540,324368,325267,B,,20180509,708.7,93626540,100,70870.0
2018-05-09 09:36:27.670,325726,324522,S,,20180509,708.58,93627670,200,141716.0
2018-05-09 09:36:29.460,325360,326460,B,,20180509,708.65,93629460,100,70865.0
2018-05-09 09:36:30.620,326961,325976,S,,20180509,708.59,93630620,100,70859.0
2018-05-09 09:36:30.620,326961,326202,S,,20180509,708.59,93630620,100,70859.0
2018-05-09 09:36:31.960,326526,327619,B,,20180509,708.6,93631960,100,70860.0
2018-05-09 09:36:33.370,328207,324522,S,,20180509,708.58,93633370,100,70858.0
2018-05-09 09:36:35.180,328665,329023,B,,20180509,708.59,93635180,1000,708590.0
2018-05-09 09:36:36.120,329399,324522,S,,20180509,708.58,93636120,100,70858.0
2018-05-09 09:36:36.980,329772,324522,S,,20180509,708.58,93636980,200,141716.0
2018-05-09 09:36:37.510,330032,324522,S,,20180509,708.58,93637510,700,496006.0
2018-05-09 09:36:37.630,329954,330090,B,,20180509,708.59,93637630,100,70859.0
2018-05-09 09:36:38.860,329954,330543,B,,20180509,708.59,93638860,200,141718.0
2018-05-09 09:36:40.130,330568,331073,B,,20180509,708.58,93640130,100,70858.0
2018-05-09 09:36:42.290,331916,324707,S,,20180509,708.51,93642290,100,70851.0
2018-05-09 09:36:42.450,331107,331992,B,,20180509,708.58,93642450,200,141716.0
2018-05-09 09:36:42.450,331369,331992,B,,20180509,708.58,93642450,100,70858.0
2018-05-09 09:36:42.570,331369,332050,B,,20180509,708.58,93642570,100,70858.0
2018-05-09 09:36:44.450,332778,289802,S,,20180509,708.47,93644450,100,70847.0
2018-05-09 09:36:44.450,332778,326278,S,,20180509,708.42,93644450,100,70842.0
2018-05-09 09:36:44.500,332108,332799,B,,20180509,708.56,93644500,100,70856.0
2018-05-09 09:36:46.550,333679,333078,S,,20180509,708.47,93646550,100,70847.0
2018-05-09 09:36:46.880,331369,333824,B,,20180509,708.58,93646880,200,141716.0
2018-05-09 09:36:48.250,331369,334353,B,,20180509,708.58,93648250,100,70858.0
2018-05-09 09:36:48.620,334403,334493,B,,20180509,708.55,93648620,100,70855.0
2018-05-09 09:36:52.470,335270,336006,B,,20180509,708.5,93652470,200,141700.0
2018-05-09 09:36:52.470,334403,336006,B,,20180509,708.55,93652470,200,141710.0
2018-05-09 09:36:52.470,335643,336006,B,,20180509,708.55,93652470,100,70855.0
2018-05-09 09:36:56.210,337590,333078,S,,20180509,708.47,93656210,100,70847.0
2018-05-09 09:36:57.300,337995,334623,S,,20180509,708.47,93657300,100,70847.0
2018-05-09 09:36:57.660,337995,338135,B,,20180509,708.47,93657660,200,141694.0
2018-05-09 09:36:57.660,336787,338135,B,,20180509,708.51,93657660,200,141702.0
2018-05-09 09:36:57.660,337424,338135,B,,20180509,708.51,93657660,200,141702.0
2018-05-09 09:36:57.660,335781,338135,B,,20180509,708.55,93657660,100,70855.0
2018-05-09 09:36:57.660,332453,338135,B,,20180509,708.58,93657660,300,212574.0
2018-05-09 09:36:59.890,338518,339062,B,,20180509,708.47,93659890,100,70847.0
2018-05-09 09:37:00.040,338802,339113,B,,20180509,708.5,93700040,100,70850.0
2018-05-09 09:37:04.110,340857,339070,S,,20180509,708.25,93704110,100,70825.0
2018-05-09 09:37:04.140,339362,340869,B,,20180509,708.47,93704140,200,141694.0
2018-05-09 09:37:04.140,339406,340869,B,,20180509,708.47,93704140,100,70847.0
2018-05-09 09:37:06.530,341693,341850,B,,20180509,708.49,93706530,100,70849.0
2018-05-09 09:37:06.530,338802,341850,B,,20180509,708.5,93706530,100,70850.0
2018-05-09 09:37:06.530,339944,341850,B,,20180509,708.5,93706530,100,70850.0
2018-05-09 09:37:06.600,341883,314988,S,,20180509,708.24,93706600,100,70824.0
2018-05-09 09:37:06.930,339944,342010,B,,20180509,708.5,93706930,100,70850.0
2018-05-09 09:37:08.140,342559,314988,S,,20180509,708.24,93708140,100,70824.0
2018-05-09 09:37:08.880,342498,342864,B,,20180509,708.4,93708880,100,70840.0
2018-05-09 09:37:09.870,343296,314988,S,,20180509,708.24,93709870,100,70824.0
2018-05-09 09:37:10.500,343530,314988,S,,20180509,708.24,93710500,200,141648.0
2018-05-09 09:37:10.500,343530,335387,S,,20180509,708.24,93710500,100,70824.0
2018-05-09 09:37:10.500,343536,338235,S,,20180509,708.24,93710500,100,70824.0
2018-05-09 09:37:10.970,343608,343759,B,,20180509,708.25,93710970,100,70825.0
2018-05-09 09:37:11.540,344004,338245,S,,20180509,708.24,93711540,100,70824.0
2018-05-09 09:37:11.540,344004,314839,S,,20180509,708.23,93711540,100,70823.0
2018-05-09 09:37:12.140,343608,344237,B,,20180509,708.25,93712140,100,70825.0
2018-05-09 09:37:12.140,342459,344237,B,,20180509,708.47,93712140,100,70847.0
2018-05-09 09:37:12.900,344286,344552,B,,20180509,708.24,93712900,100,70824.0
2018-05-09 09:37:12.900,344289,344552,B,,20180509,708.24,93712900,100,70824.0
2018-05-09 09:37:13.100,344289,344638,B,,20180509,708.24,93713100,100,70824.0
2018-05-09 09:37:13.860,344321,344969,B,,20180509,708.24,93713860,100,70824.0
2018-05-09 09:37:15.700,343537,345673,B,,20180509,708.47,93715700,100,70847.0
2018-05-09 09:37:16.970,346241,344969,S,,20180509,708.45,93716970,100,70845.0
2018-05-09 09:37:20.450,347578,344969,S,,20180509,708.45,93720450,100,70845.0
2018-05-09 09:37:21.940,348199,344969,S,,20180509,708.45,93721940,100,70845.0
2018-05-09 09:37:21.940,348203,344969,S,,20180509,708.45,93721940,300,212535.0
2018-05-09 09:37:22.210,348327,344969,S,,20180509,708.45,93722210,100,70845.0
2018-05-09 09:37:22.290,348366,344969,S,,20180509,708.45,93722290,49,34714.05
2018-05-09 09:37:24.250,349158,344969,S,,20180509,708.45,93724250,151,106975.95000000001
2018-05-09 09:37:24.250,349158,347485,S,,20180509,708.24,93724250,49,34703.76
2018-05-09 09:37:24.530,349285,347485,S,,20180509,708.24,93724530,51,36120.24
2018-05-09 09:37:24.530,349285,328955,S,,20180509,708.23,93724530,49,34703.270000000004
2018-05-09 09:37:25.190,349403,349577,B,,20180509,708.45,93725190,100,70845.0
2018-05-09 09:37:25.440,349403,349708,B,,20180509,708.45,93725440,100,70845.0
2018-05-09 09:37:26.500,350031,350140,B,,20180509,708.24,93726500,1000,708240.0
2018-05-09 09:37:31.050,351422,352004,B,,20180509,708.45,93731050,100,70845.0
2018-05-09 09:37:36.160,354108,353829,S,,20180509,708.31,93736160,100,70831.0
2018-05-09 09:37:36.160,354108,350140,S,,20180509,708.3,93736160,200,141660.0
2018-05-09 09:37:36.230,354139,350140,S,,20180509,708.3,93736230,200,141660.0
2018-05-09 09:37:36.400,354223,350140,S,,20180509,708.3,93736400,100,70830.0
2018-05-09 09:37:37.190,354582,352816,S,,20180509,708.24,93737190,100,70824.0
2018-05-09 09:37:38.670,355152,353542,S,,20180509,708.24,93738670,100,70824.0
2018-05-09 09:37:39.900,354223,355678,B,,20180509,708.3,93739900,100,70830.0
2018-05-09 09:37:39.920,354223,355680,B,,20180509,708.3,93739920,100,70830.0
2018-05-09 09:37:41.580,354223,356335,B,,20180509,708.3,93741580,200,141660.0
2018-05-09 09:37:41.970,356493,355160,S,,20180509,708.25,93741970,100,70825.0
2018-05-09 09:37:42.220,356614,328955,S,,20180509,708.23,93742220,51,36119.73
2018-05-09 09:37:42.220,356614,351331,S,,20180509,708.23,93742220,100,70823.0
2018-05-09 09:37:42.220,356614,283602,S,,20180509,708.22,93742220,149,105524.78
2018-05-09 09:37:45.430,355845,357892,B,,20180509,708.3,93745430,100,70830.0
2018-05-09 09:37:47.100,355845,358591,B,,20180509,708.3,93747100,100,70830.0
2018-05-09 09:37:47.560,355845,358786,B,,20180509,708.3,93747560,100,70830.0
2018-05-09 09:37:47.560,356550,358786,B,,20180509,708.3,93747560,100,70830.0
2018-05-09 09:37:47.560,357612,358786,B,,20180509,708.3,93747560,200,141660.0
2018-05-09 09:37:47.930,358928,284421,S,,20180509,708.22,93747930,200,141644.0
2018-05-09 09:37:47.930,358928,317265,S,,20180509,708.21,93747930,100,70821.0
2018-05-09 09:37:48.450,359126,351461,S,,20180509,708.21,93748450,300,212463.0
2018-05-09 09:37:48.880,359301,351461,S,,20180509,708.21,93748880,200,141642.0
2018-05-09 09:37:50.170,359301,359881,B,,20180509,708.21,93750170,100,70821.0
2018-05-09 09:37:51.680,359301,360511,B,,20180509,708.21,93751680,100,70821.0
2018-05-09 09:37:52.260,360779,298938,S,,20180509,708.2,93752260,500,354100.0
2018-05-09 09:37:54.130,359301,361494,B,,20180509,708.21,93754130,100,70821.0
2018-05-09 09:37:57.000,362638,361633,S,,20180509,708.23,93757000,100,70823.0
2018-05-09 09:37:57.000,362638,361972,S,,20180509,708.22,93757000,100,70822.0
2018-05-09 09:37:57.000,362638,298938,S,,20180509,708.2,93757000,8200,5807240.0
2018-05-09 09:37:57.640,362926,298938,S,,20180509,708.2,93757640,600,424920.0
2018-05-09 09:37:57.690,362941,298938,S,,20180509,708.2,93757690,5600,3965920.0000000005
2018-05-09 09:37:57.780,362973,298938,S,,20180509,708.2,93757780,100,70820.0
2018-05-09 09:37:57.860,363007,338236,S,,20180509,708.18,93757860,100,70818.0
2018-05-09 09:37:57.860,363007,319362,S,,20180509,708.08,93757860,100,70808.0
2018-05-09 09:37:57.860,363008,320026,S,,20180509,708.01,93757860,200,141602.0
2018-05-09 09:37:57.860,363009,320026,S,,20180509,708.01,93757860,300,212403.0
2018-05-09 09:37:57.860,363010,320026,S,,20180509,708.01,93757860,200,141602.0
2018-05-09 09:37:59.260,363591,320026,S,,20180509,708.01,93759260,300,212403.0
2018-05-09 09:37:59.260,363591,280181,S,,20180509,708.0,93759260,200,141600.0
2018-05-09 09:37:59.720,363779,280181,S,,20180509,708.0,93759720,300,212400.0
2018-05-09 09:38:00.180,363982,280181,S,,20180509,708.0,93800180,67,47436.0
2018-05-09 09:38:00.200,363995,280181,S,,20180509,708.0,93800200,500,354000.0
2018-05-09 09:38:00.530,364115,280181,S,,20180509,708.0,93800530,300,212400.0
2018-05-09 09:38:00.690,364185,280181,S,,20180509,708.0,93800690,33,23364.0
2018-05-09 09:38:00.690,364185,287262,S,,20180509,708.0,93800690,200,141600.0
2018-05-09 09:38:00.690,364185,289864,S,,20180509,708.0,93800690,100,70800.0
2018-05-09 09:38:00.690,364185,307513,S,,20180509,708.0,93800690,500,354000.0
2018-05-09 09:38:00.690,364185,331086,S,,20180509,708.0,93800690,100,70800.0
2018-05-09 09:38:00.690,364185,359468,S,,20180509,708.0,93800690,67,47436.0
2018-05-09 09:38:00.730,364216,359468,S,,20180509,708.0,93800730,33,23364.0
2018-05-09 09:38:00.800,364237,285822,S,,20180509,707.77,93800800,100,70777.0
2018-05-09 09:38:00.800,364238,285822,S,,20180509,707.77,93800800,100,70777.0
2018-05-09 09:38:00.910,364292,285822,S,,20180509,707.77,93800910,100,70777.0
2018-05-09 09:38:01.450,364538,285822,S,,20180509,707.77,93801450,200,141554.0
2018-05-09 09:38:01.450,364538,291893,S,,20180509,707.71,93801450,100,70771.0
2018-05-09 09:38:01.450,364538,362504,S,,20180509,707.58,93801450,100,70758.0
2018-05-09 09:38:03.850,365483,362504,S,,20180509,707.58,93803850,200,141516.0
2018-05-09 09:38:04.170,365620,318247,S,,20180509,707.56,93804170,100,70756.0
2018-05-09 09:38:06.400,366631,294961,S,,20180509,707.5,93806400,100,70750.0
2018-05-09 09:38:06.400,366631,309017,S,,20180509,707.35,93806400,100,70735.0
2018-05-09 09:38:06.400,366631,350711,S,,20180509,707.33,93806400,100,70733.0
2018-05-09 09:38:06.400,366631,258682,S,,20180509,707.3,93806400,200,141460.0
2018-05-09 09:38:06.840,366817,258682,S,,20180509,707.3,93806840,100,70730.0
2018-05-09 09:38:06.840,366817,354040,S,,20180509,707.3,93806840,400,282920.0
2018-05-09 09:38:07.530,367153,279810,S,,20180509,707.26,93807530,100,70726.0
2018-05-09 09:38:07.710,367216,291541,S,,20180509,707.26,93807710,100,70726.0
2018-05-09 09:38:08.240,367428,242542,S,,20180509,707.22,93808240,1700,1202274.0
2018-05-09 09:38:08.240,367428,297547,S,,20180509,707.07,93808240,100,70707.0
2018-05-09 09:38:08.240,367428,114840,S,,20180509,707.02,93808240,100,70702.0
2018-05-09 09:38:08.240,367428,291316,S,,20180509,707.01,93808240,100,70701.0
2018-05-09 09:38:08.240,367428,82402,S,,20180509,707.0,93808240,100,70700.0
2018-05-09 09:38:08.240,367428,91633,S,,20180509,707.0,93808240,100,70700.0
2018-05-09 09:38:10.120,368194,288344,S,,20180509,707.0,93810120,100,70700.0
2018-05-09 09:38:10.120,368194,294389,S,,20180509,707.0,93810120,100,70700.0
2018-05-09 09:38:10.120,368194,315836,S,,20180509,707.0,93810120,100,70700.0
2018-05-09 09:38:10.120,368194,359057,S,,20180509,707.0,93810120,300,212100.0
2018-05-09 09:38:10.120,368194,364853,S,,20180509,707.0,93810120,100,70700.0
2018-05-09 09:38:10.330,368279,92048,S,,20180509,706.99,93810330,200,141398.0
2018-05-09 09:38:12.380,369104,84648,S,,20180509,706.88,93812380,100,70688.0
2018-05-09 09:38:12.380,369104,93157,S,,20180509,706.88,93812380,100,70688.0
2018-05-09 09:38:12.380,369104,101872,S,,20180509,706.88,93812380,100,70688.0
2018-05-09 09:38:12.380,369104,106100,S,,20180509,706.88,93812380,100,70688.0
2018-05-09 09:38:12.880,369300,228936,S,,20180509,706.88,93812880,100,70688.0
2018-05-09 09:38:13.480,369459,369532,B,,20180509,706.88,93813480,100,70688.0
2018-05-09 09:38:13.770,369664,289107,S,,20180509,706.72,93813770,100,70672.0
2018-05-09 09:38:13.770,369664,267496,S,,20180509,706.59,93813770,100,70659.0
2018-05-09 09:38:14.080,369664,369781,B,,20180509,706.59,93814080,100,70659.0
