,AskOrder,BidOrder,BSFlags,FunctionCode,Date,Price,Time,Volume,Amount
2018-05-14 09:24:58.590,25799,25815,B,,20180514,724.0,92458590,200,144800.0
2018-05-14 09:24:58.590,25799,25816,B,,20180514,724.0,92458590,100,72400.0
2018-05-14 09:24:58.590,25799,50955,B,,20180514,724.0,92458590,100,72400.0
2018-05-14 09:24:58.590,25799,91020,B,,20180514,724.0,92458590,300,217200.0
2018-05-14 09:24:58.590,25799,93075,B,,20180514,724.0,92458590,400,289600.0
2018-05-14 09:24:58.590,25799,62354,B,,20180514,724.0,92458590,100,72400.0
2018-05-14 09:24:58.590,25799,62355,B,,20180514,724.0,92458590,100,72400.0
2018-05-14 09:24:58.590,25799,62356,B,,20180514,724.0,92458590,100,72400.0
2018-05-14 09:24:58.590,25799,62357,B,,20180514,724.0,92458590,100,72400.0
2018-05-14 09:24:58.590,25799,75118,B,,20180514,724.0,92458590,400,289600.0
2018-05-14 09:24:58.590,25799,53533,B,,20180514,724.0,92458590,200,144800.0
2018-05-14 09:24:58.590,95077,88771,S,,20180514,724.0,92458590,100,72400.0
2018-05-14 09:24:58.590,6965,91491,B,,20180514,724.0,92458590,100,72400.0
2018-05-14 09:24:58.590,6965,93458,B,,20180514,724.0,92458590,200,144800.0
2018-05-14 09:24:58.590,6965,95536,B,,20180514,724.0,92458590,100,72400.0
2018-05-14 09:24:58.590,6965,96415,B,,20180514,724.0,92458590,300,217200.0
2018-05-14 09:24:58.590,6965,78271,B,,20180514,724.0,92458590,100,72400.0
2018-05-14 09:24:58.590,6965,60866,B,,20180514,724.0,92458590,100,72400.0
2018-05-14 09:24:58.590,6965,61385,B,,20180514,724.0,92458590,100,72400.0
2018-05-14 09:24:58.590,6965,799,S,,20180514,724.0,92458590,100,72400.0
2018-05-14 09:24:58.590,6965,51192,B,,20180514,724.0,92458590,100,72400.0
2018-05-14 09:24:58.590,6965,89612,B,,20180514,724.0,92458590,700,506800.0
2018-05-14 09:24:58.590,87811,89612,B,,20180514,724.0,92458590,100,72400.0
2018-05-14 09:24:58.590,78181,89612,B,,20180514,724.0,92458590,200,144800.0
2018-05-14 09:24:58.590,86627,89612,B,,20180514,724.0,92458590,100,72400.0
2018-05-14 09:24:58.590,87851,89612,B,,20180514,724.0,92458590,100,72400.0
2018-05-14 09:24:58.590,87851,90208,B,,20180514,724.0,92458590,100,72400.0
2018-05-14 09:24:58.590,91502,90208,S,,20180514,724.0,92458590,200,144800.0
2018-05-14 09:24:58.590,86834,90208,B,,20180514,724.0,92458590,100,72400.0
2018-05-14 09:24:58.590,33275,90208,B,,20180514,724.0,92458590,300,217200.0
2018-05-14 09:24:58.590,32419,90208,B,,20180514,724.0,92458590,100,72400.0
2018-05-14 09:24:58.590,46216,90208,B,,20180514,724.0,92458590,100,72400.0
2018-05-14 09:24:58.590,67341,90208,B,,20180514,724.0,92458590,100,72400.0
2018-05-14 09:24:58.590,69565,90208,B,,20180514,724.0,92458590,3,2172.0
2018-05-14 09:24:58.590,73649,90208,B,,20180514,724.0,92458590,197,142628.0
2018-05-14 09:24:58.590,73649,90570,B,,20180514,724.0,92458590,3,2172.0
2018-05-14 09:24:58.590,85082,90570,B,,20180514,724.0,92458590,100,72400.0
2018-05-14 09:24:58.590,83109,90570,B,,20180514,724.0,92458590,200,144800.0
2018-05-14 09:24:58.590,55306,90570,B,,20180514,724.0,92458590,600,434400.0
2018-05-14 09:24:58.590,66154,90570,B,,20180514,724.0,92458590,100,72400.0
2018-05-14 09:24:58.590,70776,90570,B,,20180514,724.0,92458590,197,142628.0
2018-05-14 09:24:58.590,70776,94090,B,,20180514,724.0,92458590,403,291772.0
2018-05-14 09:24:58.590,72587,94090,B,,20180514,724.0,92458590,300,217200.0
2018-05-14 09:24:58.590,91883,94090,B,,20180514,724.0,92458590,100,72400.0
2018-05-14 09:24:58.590,96271,94090,S,,20180514,724.0,92458590,100,72400.0
2018-05-14 09:24:58.590,93768,94090,B,,20180514,724.0,92458590,100,72400.0
2018-05-14 09:24:58.590,92177,94090,B,,20180514,724.0,92458590,197,142628.0
2018-05-14 09:24:58.590,92177,94354,B,,20180514,724.0,92458590,3,2172.0
2018-05-14 09:24:58.590,96815,94354,S,,20180514,724.0,92458590,379,274396.0
2018-05-14 09:24:58.590,93636,94354,B,,20180514,724.0,92458590,100,72400.0
2018-05-14 09:24:58.590,93626,94354,B,,20180514,724.0,92458590,100,72400.0
2018-05-14 09:24:58.590,8092,94354,B,,20180514,724.0,92458590,500,362000.0
2018-05-14 09:24:58.590,94060,94354,B,,20180514,724.0,92458590,100,72400.0
2018-05-14 09:24:58.590,95890,94354,S,,20180514,724.0,92458590,18,13032.0
2018-05-14 09:24:58.590,95890,75569,S,,20180514,724.0,92458590,100,72400.0
2018-05-14 09:24:58.590,95890,93714,S,,20180514,724.0,92458590,100,72400.0
2018-05-14 09:24:58.590,95890,93098,S,,20180514,724.0,92458590,600,434400.0
2018-05-14 09:24:58.590,95890,93814,S,,20180514,724.0,92458590,100,72400.0
2018-05-14 09:24:58.590,95890,62446,S,,20180514,724.0,92458590,100,72400.0
2018-05-14 09:24:58.590,95890,63771,S,,20180514,724.0,92458590,100,72400.0
2018-05-14 09:24:58.590,95890,95719,S,,20180514,724.0,92458590,100,72400.0
2018-05-14 09:24:58.590,95890,93641,S,,20180514,724.0,92458590,100,72400.0
2018-05-14 09:24:58.590,95890,85249,S,,20180514,724.0,92458590,100,72400.0
2018-05-14 09:24:58.590,95890,91755,S,,20180514,724.0,92458590,1300,941200.0
2018-05-14 09:24:58.590,95890,95387,S,,20180514,724.0,92458590,200,144800.0
2018-05-14 09:24:58.590,95890,96510,B,,20180514,724.0,92458590,200,144800.0
2018-05-14 09:24:58.590,95890,96108,B,,20180514,724.0,92458590,1882,1362568.0
2018-05-14 09:24:58.590,62123,96108,B,,20180514,724.0,92458590,5000,3620000.0
2018-05-14 09:24:58.590,95791,96108,B,,20180514,724.0,92458590,100,72400.0
2018-05-14 09:24:58.590,95018,96108,B,,20180514,724.0,92458590,200,144800.0
2018-05-14 09:24:58.590,96796,96108,S,,20180514,724.0,92458590,100,72400.0
2018-05-14 09:24:58.590,96816,96108,S,,20180514,724.0,92458590,162,117288.0
2018-05-14 09:24:58.590,86379,96108,B,,20180514,724.0,92458590,600,434400.0
2018-05-14 09:24:58.590,49221,96108,B,,20180514,724.0,92458590,100,72400.0
2018-05-14 09:24:58.590,33560,96108,B,,20180514,724.0,92458590,100,72400.0
2018-05-14 09:24:58.590,95196,96108,B,,20180514,724.0,92458590,100,72400.0
2018-05-14 09:24:58.590,55077,96108,B,,20180514,724.0,92458590,100,72400.0
2018-05-14 09:24:58.590,91754,96108,B,,20180514,724.0,92458590,200,144800.0
2018-05-14 09:24:58.590,93449,96108,B,,20180514,724.0,92458590,200,144800.0
2018-05-14 09:24:58.590,39942,96108,B,,20180514,724.0,92458590,300,217200.0
2018-05-14 09:29:58.020,97079,96108,S,,20180514,724.0,92958020,200,144800.0
2018-05-14 09:29:58.020,96817,97081,B,,20180514,724.23,92958020,162,117325.26000000001
2018-05-14 09:29:58.170,33558,97314,B,,20180514,724.43,92958170,100,72443.0
2018-05-14 09:29:58.170,55308,97314,B,,20180514,724.45,92958170,100,72445.0
2018-05-14 09:29:58.310,97756,97081,S,,20180514,724.23,92958310,38,27520.74
2018-05-14 09:29:58.310,97756,97348,S,,20180514,724.23,92958310,62,44902.26
2018-05-14 09:29:58.420,55308,98265,B,,20180514,724.45,92958420,100,72445.0
2018-05-14 09:29:58.420,55308,98293,B,,20180514,724.45,92958420,100,72445.0
2018-05-14 09:29:58.420,98416,97348,S,,20180514,724.23,92958420,438,317212.74
2018-05-14 09:29:58.420,98416,98220,S,,20180514,724.23,92958420,162,117325.26000000001
2018-05-14 09:29:58.420,98554,98220,S,,20180514,724.23,92958420,300,217269.0
2018-05-14 09:29:58.420,98609,98220,S,,20180514,724.23,92958420,38,27520.74
2018-05-14 09:29:58.420,98609,97329,S,,20180514,724.2,92958420,62,44900.4
2018-05-14 09:29:58.500,98959,97329,S,,20180514,724.2,92958500,100,72420.0
2018-05-14 09:29:58.500,99193,97329,S,,20180514,724.2,92958500,100,72420.0
2018-05-14 09:29:58.500,99280,97329,S,,20180514,724.2,92958500,300,217260.0
2018-05-14 09:29:58.610,55308,99959,B,,20180514,724.45,92958610,100,72445.0
2018-05-14 09:29:58.700,101069,101043,S,,20180514,724.23,92958700,400,289692.0
2018-05-14 09:29:58.700,101069,97329,S,,20180514,724.2,92958700,1200,869040.0
2018-05-14 09:29:58.700,101382,97329,S,,20180514,724.2,92958700,100,72420.0
2018-05-14 09:29:58.730,101627,97329,S,,20180514,724.2,92958730,200,144840.0
2018-05-14 09:29:58.770,55308,101990,B,,20180514,724.45,92958770,200,144890.0
2018-05-14 09:29:58.770,49292,101990,B,,20180514,724.5,92958770,100,72450.0
2018-05-14 09:29:58.770,102246,101990,S,,20180514,724.5,92958770,100,72450.0
2018-05-14 09:29:58.880,103358,101990,S,,20180514,724.5,92958880,100,72450.0
2018-05-14 09:29:58.880,103392,103029,S,,20180514,724.23,92958880,100,72423.0
2018-05-14 09:29:58.920,103908,103029,S,,20180514,724.23,92958920,100,72423.0
2018-05-14 09:29:58.920,103908,97329,S,,20180514,724.2,92958920,100,72420.0
2018-05-14 09:29:58.920,103934,97329,S,,20180514,724.2,92958920,100,72420.0
2018-05-14 09:29:58.990,78028,104787,B,,20180514,724.6,92958990,300,217380.0
2018-05-14 09:29:59.040,105061,104326,S,,20180514,724.5,92959040,300,217350.0
2018-05-14 09:29:59.040,105099,104374,S,,20180514,724.43,92959040,4,2897.72
2018-05-14 09:29:59.040,105419,104374,S,,20180514,724.43,92959040,96,69545.28
2018-05-14 09:29:59.040,105419,97329,S,,20180514,724.2,92959040,4,2896.8
2018-05-14 09:29:59.070,105897,97329,S,,20180514,724.2,92959070,200,144840.0
2018-05-14 09:29:59.110,106061,97329,S,,20180514,724.2,92959110,100,72420.0
2018-05-14 09:29:59.110,106322,97329,S,,20180514,724.2,92959110,200,144840.0
2018-05-14 09:29:59.110,105684,106341,B,,20180514,724.45,92959110,100,72445.0
2018-05-14 09:29:59.170,106708,97329,S,,20180514,724.2,92959170,3100,2245020.0
2018-05-14 09:29:59.280,107794,107555,S,,20180514,724.4,92959280,100,72440.0
2018-05-14 09:29:59.280,107794,97329,S,,20180514,724.2,92959280,100,72420.0
2018-05-14 09:29:59.330,108660,107987,S,,20180514,724.25,92959330,100,72425.0
2018-05-14 09:29:59.330,108713,107987,S,,20180514,724.25,92959330,100,72425.0
2018-05-14 09:29:59.330,101032,108739,B,,20180514,724.89,92959330,100,72489.0
2018-05-14 09:29:59.330,59874,108739,B,,20180514,724.9,92959330,100,72490.0
2018-05-14 09:29:59.370,109252,108739,S,,20180514,724.93,92959370,500,362465.0
2018-05-14 09:29:59.370,109297,108739,S,,20180514,724.93,92959370,100,72493.0
2018-05-14 09:29:59.410,109418,108739,S,,20180514,724.93,92959410,200,144986.0
2018-05-14 09:29:59.410,109720,108739,S,,20180514,724.93,92959410,100,72493.0
2018-05-14 09:29:59.470,110350,108739,S,,20180514,724.93,92959470,100,72493.0
2018-05-14 09:29:59.470,110434,108739,S,,20180514,724.93,92959470,100,72493.0
2018-05-14 09:29:59.510,98691,110647,B,,20180514,724.96,92959510,100,72496.0
2018-05-14 09:29:59.610,98691,111612,B,,20180514,724.96,92959610,300,217488.0
2018-05-14 09:29:59.610,98690,111612,B,,20180514,724.97,92959610,700,507479.0
2018-05-14 09:29:59.710,98690,112680,B,,20180514,724.97,92959710,100,72497.0
2018-05-14 09:29:59.710,108710,112680,B,,20180514,724.98,92959710,100,72498.0
2018-05-14 09:29:59.710,111435,112680,B,,20180514,724.98,92959710,100,72498.0
2018-05-14 09:29:59.710,8093,112680,B,,20180514,725.0,92959710,200,145000.0
2018-05-14 09:29:59.750,112857,108739,S,,20180514,724.93,92959750,100,72493.0
2018-05-14 09:29:59.780,8093,113076,B,,20180514,725.0,92959780,100,72500.0
2018-05-14 09:29:59.780,113148,108739,S,,20180514,724.93,92959780,200,144986.0
2018-05-14 09:29:59.810,113320,108739,S,,20180514,724.93,92959810,300,217478.99999999997
2018-05-14 09:29:59.930,114144,108739,S,,20180514,724.93,92959930,100,72493.0
2018-05-14 09:29:59.930,114144,110598,S,,20180514,724.6,92959930,100,72460.0
2018-05-14 09:29:59.930,114144,109469,S,,20180514,724.5,92959930,100,72450.0
2018-05-14 09:30:00.090,114613,115915,B,,20180514,724.6,93000090,100,72460.0
2018-05-14 09:30:00.090,115957,113462,S,,20180514,724.45,93000090,100,72445.0
2018-05-14 09:30:00.090,115957,115919,S,,20180514,724.3,93000090,100,72430.0
2018-05-14 09:30:00.150,116280,107987,S,,20180514,724.25,93000150,600,434550.0
2018-05-14 09:30:00.150,116280,108362,S,,20180514,724.23,93000150,200,144846.0
2018-05-14 09:30:00.150,116292,108362,S,,20180514,724.23,93000150,200,144846.0
2018-05-14 09:30:00.150,116563,116560,S,,20180514,724.26,93000150,100,72426.0
2018-05-14 09:30:00.150,116611,116571,S,,20180514,724.45,93000150,400,289780.0
2018-05-14 09:30:00.190,116024,117521,B,,20180514,724.53,93000190,100,72453.0
2018-05-14 09:30:00.190,114613,117521,B,,20180514,724.6,93000190,300,217380.0
2018-05-14 09:30:00.190,8093,117521,B,,20180514,725.0,93000190,100,72500.0
2018-05-14 09:30:00.260,117903,117732,S,,20180514,724.48,93000260,100,72448.0
2018-05-14 09:30:00.260,117903,116571,S,,20180514,724.45,93000260,100,72445.0
2018-05-14 09:30:00.260,117903,117731,S,,20180514,724.45,93000260,300,217335.0
2018-05-14 09:30:00.260,118401,117731,S,,20180514,724.45,93000260,100,72445.0
2018-05-14 09:30:00.260,119214,117731,S,,20180514,724.45,93000260,100,72445.0
2018-05-14 09:30:00.350,119786,119610,S,,20180514,724.47,93000350,100,72447.0
2018-05-14 09:30:00.410,120615,108362,S,,20180514,724.23,93000410,100,72423.0
2018-05-14 09:30:00.500,8093,122060,B,,20180514,725.0,93000500,100,72500.0
2018-05-14 09:30:00.500,15745,122060,B,,20180514,725.0,93000500,200,145000.0
2018-05-14 09:30:00.500,15745,122091,B,,20180514,725.0,93000500,200,145000.0
2018-05-14 09:30:00.500,122353,108362,S,,20180514,724.23,93000500,100,72423.0
2018-05-14 09:30:00.640,124050,108362,S,,20180514,724.23,93000640,100,72423.0
2018-05-14 09:30:00.680,124126,108362,S,,20180514,724.23,93000680,100,72423.0
2018-05-14 09:30:00.720,124659,124218,S,,20180514,724.46,93000720,100,72446.0
2018-05-14 09:30:00.790,124292,125529,B,,20180514,724.98,93000790,100,72498.0
2018-05-14 09:30:00.790,15745,125529,B,,20180514,725.0,93000790,100,72500.0
2018-05-14 09:30:00.790,125604,108362,S,,20180514,724.23,93000790,100,72423.0
2018-05-14 09:30:00.830,126232,108362,S,,20180514,724.23,93000830,200,144846.0
2018-05-14 09:30:00.870,126355,110371,S,,20180514,724.23,93000870,200,144846.0
2018-05-14 09:30:00.870,126355,111208,S,,20180514,724.23,93000870,200,144846.0
2018-05-14 09:30:00.870,126355,112576,S,,20180514,724.23,93000870,600,434538.0
2018-05-14 09:30:00.970,127205,126900,S,,20180514,724.5,93000970,100,72450.0
2018-05-14 09:30:01.040,128116,113779,S,,20180514,724.23,93001040,300,217269.0
2018-05-14 09:30:01.040,128116,116567,S,,20180514,724.23,93001040,100,72423.0
2018-05-14 09:30:01.040,128116,116568,S,,20180514,724.23,93001040,100,72423.0
2018-05-14 09:30:01.160,129235,117733,S,,20180514,724.23,93001160,100,72423.0
2018-05-14 09:30:01.160,129235,118482,S,,20180514,724.23,93001160,100,72423.0
2018-05-14 09:30:01.160,129235,120411,S,,20180514,724.23,93001160,100,72423.0
2018-05-14 09:30:01.160,129235,120991,S,,20180514,724.23,93001160,200,144846.0
2018-05-14 09:30:01.340,130536,129863,S,,20180514,724.5,93001340,100,72450.0
2018-05-14 09:30:01.530,15745,131493,B,,20180514,725.0,93001530,100,72500.0
2018-05-14 09:30:01.590,15745,131887,B,,20180514,725.0,93001590,300,217500.0
2018-05-14 09:30:01.740,15745,132456,B,,20180514,725.0,93001740,1100,797500.0
2018-05-14 09:30:01.820,132724,129863,S,,20180514,724.5,93001820,100,72450.0
2018-05-14 09:30:02.010,133342,131976,S,,20180514,724.45,93002010,100,72445.0
2018-05-14 09:30:02.340,134625,131976,S,,20180514,724.45,93002340,200,144890.0
2018-05-14 09:30:02.340,134625,131977,S,,20180514,724.45,93002340,300,217335.0
2018-05-14 09:30:02.340,134625,131978,S,,20180514,724.45,93002340,300,217335.0
2018-05-14 09:30:02.340,134625,131982,S,,20180514,724.45,93002340,200,144890.0
2018-05-14 09:30:02.370,134696,131982,S,,20180514,724.45,93002370,100,72445.0
2018-05-14 09:30:02.800,135859,120991,S,,20180514,724.23,93002800,100,72423.0
2018-05-14 09:30:02.930,136178,120991,S,,20180514,724.23,93002930,100,72423.0
2018-05-14 09:30:02.950,136246,120991,S,,20180514,724.23,93002950,100,72423.0
2018-05-14 09:30:03.340,137233,120991,S,,20180514,724.23,93003340,300,217269.0
2018-05-14 09:30:03.340,137233,122073,S,,20180514,724.23,93003340,300,217269.0
2018-05-14 09:30:03.340,137233,122758,S,,20180514,724.23,93003340,100,72423.0
2018-05-14 09:30:03.340,137233,124896,S,,20180514,724.23,93003340,100,72423.0
2018-05-14 09:30:03.380,137498,124939,S,,20180514,724.23,93003380,100,72423.0
2018-05-14 09:30:03.660,139162,124939,S,,20180514,724.23,93003660,100,72423.0
2018-05-14 09:30:03.660,139162,129224,S,,20180514,724.23,93003660,300,217269.0
2018-05-14 09:30:03.660,139162,129361,S,,20180514,724.23,93003660,100,72423.0
2018-05-14 09:30:03.660,139191,129545,S,,20180514,724.23,93003660,100,72423.0
2018-05-14 09:30:03.820,140138,129545,S,,20180514,724.23,93003820,100,72423.0
2018-05-14 09:30:03.880,139278,140421,B,,20180514,724.3,93003880,100,72430.0
2018-05-14 09:30:03.880,135188,140421,B,,20180514,724.56,93003880,100,72456.0
2018-05-14 09:30:03.980,135188,140920,B,,20180514,724.56,93003980,100,72456.0
2018-05-14 09:30:04.390,141817,141119,S,,20180514,724.32,93004390,100,72432.0
2018-05-14 09:30:04.820,142130,142691,B,,20180514,724.42,93004820,100,72442.0
2018-05-14 09:30:04.950,142950,142691,S,,20180514,724.5,93004950,100,72450.0
2018-05-14 09:30:05.050,135188,143255,B,,20180514,724.56,93005050,100,72456.0
2018-05-14 09:30:05.100,143363,142691,S,,20180514,724.5,93005100,100,72450.0
2018-05-14 09:30:05.120,135188,143371,B,,20180514,724.56,93005120,700,507191.99999999994
2018-05-14 09:30:05.120,143113,143373,B,,20180514,724.86,93005120,400,289944.0
2018-05-14 09:30:05.120,142137,143373,B,,20180514,724.99,93005120,100,72499.0
2018-05-14 09:30:05.120,22730,143373,B,,20180514,725.0,93005120,500,362500.0
2018-05-14 09:30:05.120,40730,143373,B,,20180514,725.0,93005120,900,652500.0
2018-05-14 09:30:05.120,57694,143373,B,,20180514,725.0,93005120,500,362500.0
2018-05-14 09:30:05.120,57973,143373,B,,20180514,725.0,93005120,500,362500.0
2018-05-14 09:30:05.120,125505,143373,B,,20180514,725.0,93005120,100,72500.0
2018-05-14 09:30:05.120,133869,143373,B,,20180514,725.0,93005120,100,72500.0
2018-05-14 09:30:05.120,117663,143373,B,,20180514,725.25,93005120,100,72525.0
2018-05-14 09:30:05.120,33559,143373,B,,20180514,725.43,93005120,100,72543.0
2018-05-14 09:30:05.120,128005,143373,B,,20180514,725.66,93005120,100,72566.0
2018-05-14 09:30:05.120,120631,143373,B,,20180514,725.7,93005120,100,72570.0
2018-05-14 09:30:05.120,121511,143373,B,,20180514,725.85,93005120,100,72585.0
2018-05-14 09:30:05.120,105781,143373,B,,20180514,725.89,93005120,100,72589.0
2018-05-14 09:30:05.120,102254,143373,B,,20180514,725.95,93005120,100,72595.0
2018-05-14 09:30:05.120,109063,143373,B,,20180514,725.98,93005120,100,72598.0
2018-05-14 09:30:05.150,143414,142691,S,,20180514,724.5,93005150,100,72450.0
2018-05-14 09:30:05.180,143511,143374,S,,20180514,724.34,93005180,100,72434.0
2018-05-14 09:30:05.950,144393,143374,S,,20180514,724.34,93005950,200,144868.0
2018-05-14 09:30:06.570,144791,143374,S,,20180514,724.34,93006570,100,72434.0
2018-05-14 09:30:06.740,144096,144855,B,,20180514,724.56,93006740,100,72456.0
2018-05-14 09:30:06.790,144096,144870,B,,20180514,724.56,93006790,100,72456.0
2018-05-14 09:30:07.750,144096,145225,B,,20180514,724.56,93007750,100,72456.0
2018-05-14 09:30:07.750,143172,145227,B,,20180514,725.99,93007750,100,72599.0
2018-05-14 09:30:07.750,10620,145227,B,,20180514,726.0,93007750,300,217800.0
2018-05-14 09:30:07.750,38679,145227,B,,20180514,726.0,93007750,200,145200.0
2018-05-14 09:30:07.750,102039,145227,B,,20180514,726.0,93007750,300,217800.0
2018-05-14 09:30:07.750,119434,145227,B,,20180514,726.0,93007750,100,72600.0
2018-05-14 09:30:07.750,125437,145227,B,,20180514,726.0,93007750,100,72600.0
2018-05-14 09:30:07.750,125799,145227,B,,20180514,726.0,93007750,100,72600.0
2018-05-14 09:30:07.750,145091,145227,B,,20180514,726.0,93007750,100,72600.0
2018-05-14 09:30:07.750,100922,145227,B,,20180514,726.11,93007750,100,72611.0
2018-05-14 09:30:07.750,123283,145227,B,,20180514,726.18,93007750,100,72618.0
2018-05-14 09:30:07.750,141531,145227,B,,20180514,726.33,93007750,100,72633.0
2018-05-14 09:30:07.750,128200,145227,B,,20180514,726.43,93007750,100,72643.0
2018-05-14 09:30:07.750,30700,145227,B,,20180514,726.5,93007750,100,72650.0
2018-05-14 09:30:08.300,145362,145453,B,,20180514,724.4,93008300,100,72440.0
2018-05-14 09:30:09.480,145320,145962,B,,20180514,724.93,93009480,100,72493.0
2018-05-14 09:30:10.350,146243,146126,S,,20180514,724.93,93010350,100,72493.0
2018-05-14 09:30:10.730,30700,146354,B,,20180514,726.5,93010730,200,145300.0
2018-05-14 09:30:10.730,137787,146354,B,,20180514,726.5,93010730,100,72650.0
2018-05-14 09:30:10.730,110105,146354,B,,20180514,726.59,93010730,100,72659.0
2018-05-14 09:30:10.730,140953,146354,B,,20180514,726.84,93010730,100,72684.0
2018-05-14 09:30:10.730,126647,146354,B,,20180514,726.88,93010730,100,72688.0
2018-05-14 09:30:10.760,146369,146129,S,,20180514,724.93,93010760,100,72493.0
2018-05-14 09:30:11.550,146562,146217,S,,20180514,724.56,93011550,100,72456.0
2018-05-14 09:30:13.720,102263,147413,B,,20180514,726.95,93013720,100,72695.0
2018-05-14 09:30:13.720,109260,147413,B,,20180514,726.98,93013720,100,72698.0
2018-05-14 09:30:15.810,146356,148149,B,,20180514,726.99,93015810,100,72699.0
2018-05-14 09:30:15.850,146356,148157,B,,20180514,726.99,93015850,100,72699.0
2018-05-14 09:30:16.710,146356,148463,B,,20180514,726.99,93016710,100,72699.0
2018-05-14 09:30:16.710,3658,148465,B,,20180514,727.0,93016710,100,72700.0
2018-05-14 09:30:16.800,148510,148466,S,,20180514,726.25,93016800,300,217875.0
2018-05-14 09:30:17.680,148847,147430,S,,20180514,726.0,93017680,100,72600.0
2018-05-14 09:30:19.670,148527,149711,B,,20180514,726.88,93019670,100,72688.0
2018-05-14 09:30:20.710,149098,150141,B,,20180514,726.94,93020710,100,72694.0
2018-05-14 09:30:21.710,150503,150161,S,,20180514,726.99,93021710,100,72699.0
2018-05-14 09:30:21.980,8432,150609,B,,20180514,727.0,93021980,100,72700.0
2018-05-14 09:30:21.980,22731,150609,B,,20180514,727.0,93021980,500,363500.0
2018-05-14 09:30:21.980,108540,150609,B,,20180514,727.0,93021980,200,145400.0
2018-05-14 09:30:21.980,117215,150609,B,,20180514,727.0,93021980,100,72700.0
2018-05-14 09:30:22.590,150848,150221,S,,20180514,726.88,93022590,100,72688.0
2018-05-14 09:30:22.700,150907,150763,S,,20180514,726.88,93022700,100,72688.0
2018-05-14 09:30:22.700,117215,150908,B,,20180514,727.0,93022700,100,72700.0
2018-05-14 09:30:22.830,150952,150763,S,,20180514,726.88,93022830,200,145376.0
2018-05-14 09:30:23.200,150987,151121,B,,20180514,726.5,93023200,100,72650.0
2018-05-14 09:30:23.560,151276,149063,S,,20180514,726.24,93023560,100,72624.0
2018-05-14 09:30:23.760,150987,151359,B,,20180514,726.5,93023760,100,72650.0
2018-05-14 09:30:23.760,150987,151360,B,,20180514,726.5,93023760,100,72650.0
2018-05-14 09:30:23.760,118297,151360,B,,20180514,727.0,93023760,100,72700.0
2018-05-14 09:30:23.760,140990,151360,B,,20180514,727.08,93023760,100,72708.0
2018-05-14 09:30:23.830,151393,147430,S,,20180514,726.0,93023830,100,72600.0
2018-05-14 09:30:24.030,151488,147430,S,,20180514,726.0,93024030,100,72600.0
2018-05-14 09:30:24.600,151663,151715,B,,20180514,726.77,93024600,100,72677.0
2018-05-14 09:30:24.600,151672,151715,B,,20180514,726.9,93024600,100,72690.0
2018-05-14 09:30:24.690,151672,151776,B,,20180514,726.9,93024690,100,72690.0
2018-05-14 09:30:24.690,151549,151776,B,,20180514,726.97,93024690,100,72697.0
2018-05-14 09:30:25.660,152153,151690,S,,20180514,726.62,93025660,100,72662.0
2018-05-14 09:30:25.790,152153,152224,B,,20180514,726.62,93025790,500,363310.0
2018-05-14 09:30:26.090,152153,152363,B,,20180514,726.62,93026090,100,72662.0
2018-05-14 09:30:26.090,152153,152364,B,,20180514,726.62,93026090,100,72662.0
2018-05-14 09:30:26.750,152605,152661,B,,20180514,726.87,93026750,100,72687.0
2018-05-14 09:30:26.750,152275,152661,B,,20180514,726.98,93026750,100,72698.0
2018-05-14 09:30:26.750,152299,152661,B,,20180514,726.98,93026750,100,72698.0
2018-05-14 09:30:26.890,152705,152364,S,,20180514,726.62,93026890,100,72662.0
2018-05-14 09:30:27.820,152672,153112,B,,20180514,726.87,93027820,100,72687.0
2018-05-14 09:30:27.820,152450,153112,B,,20180514,726.98,93027820,100,72698.0
2018-05-14 09:30:27.820,151695,153112,B,,20180514,726.99,93027820,100,72699.0
2018-05-14 09:30:27.820,151991,153112,B,,20180514,726.99,93027820,500,363495.0
2018-05-14 09:30:28.280,153117,153391,B,,20180514,726.88,93028280,100,72688.0
2018-05-14 09:30:28.440,153117,153456,B,,20180514,726.88,93028440,200,145376.0
2018-05-14 09:30:28.440,151991,153456,B,,20180514,726.99,93028440,100,72699.0
2018-05-14 09:30:28.690,151991,153698,B,,20180514,726.99,93028690,100,72699.0
2018-05-14 09:30:28.690,152974,153698,B,,20180514,726.99,93028690,100,72699.0
2018-05-14 09:30:29.060,151435,153991,B,,20180514,727.0,93029060,100,72700.0
2018-05-14 09:30:29.330,154160,154036,S,,20180514,726.91,93029330,100,72691.0
2018-05-14 09:30:29.440,154237,154036,S,,20180514,726.91,93029440,100,72691.0
2018-05-14 09:30:29.750,151435,154398,B,,20180514,727.0,93029750,2000,1454000.0
2018-05-14 09:30:29.910,154470,154156,S,,20180514,726.91,93029910,100,72691.0
2018-05-14 09:30:29.910,154470,153533,S,,20180514,726.88,93029910,100,72688.0
2018-05-14 09:30:30.090,154571,152364,S,,20180514,726.62,93030090,200,145324.0
2018-05-14 09:30:30.090,154571,152399,S,,20180514,726.62,93030090,100,72662.0
2018-05-14 09:30:30.090,154571,152400,S,,20180514,726.62,93030090,100,72662.0
2018-05-14 09:30:30.090,154571,153699,S,,20180514,726.62,93030090,300,217986.0
2018-05-14 09:30:30.090,154571,147430,S,,20180514,726.0,93030090,300,217800.0
2018-05-14 09:30:30.570,154779,154707,S,,20180514,726.6,93030570,200,145320.0
2018-05-14 09:30:30.570,154779,147430,S,,20180514,726.0,93030570,400,290400.0
2018-05-14 09:30:30.570,154779,152365,S,,20180514,726.0,93030570,300,217800.0
2018-05-14 09:30:30.770,154779,154871,B,,20180514,726.0,93030770,100,72600.0
2018-05-14 09:30:31.760,154527,155359,B,,20180514,726.99,93031760,100,72699.0
2018-05-14 09:30:31.760,154714,155359,B,,20180514,726.99,93031760,100,72699.0
2018-05-14 09:30:32.750,155877,155558,S,,20180514,726.98,93032750,100,72698.0
2018-05-14 09:30:34.610,156468,156833,B,,20180514,726.78,93034610,200,145356.0
2018-05-14 09:30:34.770,156468,156918,B,,20180514,726.78,93034770,100,72678.0
2018-05-14 09:30:34.770,156043,156918,B,,20180514,726.88,93034770,100,72688.0
2018-05-14 09:30:34.770,156464,156918,B,,20180514,726.98,93034770,200,145396.0
2018-05-14 09:30:34.770,155474,156918,B,,20180514,726.99,93034770,200,145398.0
2018-05-14 09:30:34.890,155474,157008,B,,20180514,726.99,93034890,400,290796.0
2018-05-14 09:30:35.280,155474,157219,B,,20180514,726.99,93035280,100,72699.0
2018-05-14 09:30:35.880,151435,157500,B,,20180514,727.0,93035880,100,72700.0
2018-05-14 09:30:36.240,151435,157660,B,,20180514,727.0,93036240,100,72700.0
2018-05-14 09:30:36.380,151435,157724,B,,20180514,727.0,93036380,100,72700.0
2018-05-14 09:30:36.620,157842,157202,S,,20180514,726.98,93036620,300,218094.0
2018-05-14 09:30:36.620,157842,157748,S,,20180514,726.94,93036620,100,72694.0
2018-05-14 09:30:37.750,157842,158458,B,,20180514,726.0,93037750,100,72600.0
2018-05-14 09:30:37.810,157868,158492,B,,20180514,726.74,93037810,200,145348.0
2018-05-14 09:30:37.810,157982,158492,B,,20180514,726.99,93037810,100,72699.0
2018-05-14 09:30:38.210,158700,156919,S,,20180514,725.85,93038210,200,145170.0
2018-05-14 09:30:38.210,158700,151422,S,,20180514,724.65,93038210,100,72465.0
2018-05-14 09:30:38.280,158568,158741,B,,20180514,726.04,93038280,100,72604.0
2018-05-14 09:30:38.280,158574,158741,B,,20180514,726.91,93038280,100,72691.0
2018-05-14 09:30:38.280,158417,158741,B,,20180514,726.99,93038280,200,145398.0
2018-05-14 09:30:38.910,159076,159033,S,,20180514,726.74,93038910,200,145348.0
2018-05-14 09:30:38.990,159076,159129,B,,20180514,726.62,93038990,100,72662.0
2018-05-14 09:30:39.250,159234,158981,S,,20180514,725.85,93039250,100,72585.0
2018-05-14 09:30:39.250,159234,151422,S,,20180514,724.65,93039250,100,72465.0
2018-05-14 09:30:39.510,159234,159362,B,,20180514,724.65,93039510,200,144930.0
2018-05-14 09:30:39.560,159234,159386,B,,20180514,724.65,93039560,100,72465.0
2018-05-14 09:30:39.560,159234,159387,B,,20180514,724.65,93039560,100,72465.0
2018-05-14 09:30:39.590,159413,157431,S,,20180514,724.63,93039590,100,72463.0
2018-05-14 09:30:39.590,159413,148173,S,,20180514,724.59,93039590,100,72459.0
2018-05-14 09:30:39.590,159413,129545,S,,20180514,724.23,93039590,100,72423.0
2018-05-14 09:30:39.680,159444,133054,S,,20180514,724.23,93039680,300,217269.0
2018-05-14 09:30:40.430,159791,139367,S,,20180514,724.23,93040430,200,144846.0
2018-05-14 09:30:40.430,159791,139379,S,,20180514,724.23,93040430,100,72423.0
2018-05-14 09:30:40.640,159234,159886,B,,20180514,724.65,93040640,100,72465.0
2018-05-14 09:30:40.760,159234,159943,B,,20180514,724.65,93040760,300,217395.0
2018-05-14 09:30:40.760,159234,159944,B,,20180514,724.65,93040760,400,289860.0
2018-05-14 09:30:40.760,159275,159944,B,,20180514,724.65,93040760,100,72465.0
2018-05-14 09:30:41.170,159657,160159,B,,20180514,726.0,93041170,100,72600.0
2018-05-14 09:30:41.280,159821,160217,B,,20180514,726.0,93041280,100,72600.0
2018-05-14 09:30:41.280,159076,160217,B,,20180514,726.62,93041280,100,72662.0
2018-05-14 09:30:41.730,159076,160439,B,,20180514,726.62,93041730,100,72662.0
2018-05-14 09:30:41.730,160072,160439,B,,20180514,726.86,93041730,100,72686.0
2018-05-14 09:30:41.730,159211,160439,B,,20180514,726.97,93041730,300,218091.0
2018-05-14 09:30:41.730,158543,160439,B,,20180514,726.99,93041730,100,72699.0
2018-05-14 09:30:41.730,158846,160439,B,,20180514,726.99,93041730,100,72699.0
2018-05-14 09:30:41.730,159758,160439,B,,20180514,726.99,93041730,100,72699.0
2018-05-14 09:30:42.700,160884,160505,S,,20180514,726.0,93042700,100,72600.0
2018-05-14 09:30:42.720,160897,160505,S,,20180514,726.0,93042720,300,217800.0
2018-05-14 09:30:42.840,160967,160505,S,,20180514,726.0,93042840,200,145200.0
2018-05-14 09:30:43.260,160958,161137,B,,20180514,726.87,93043260,100,72687.0
2018-05-14 09:30:43.310,161166,160505,S,,20180514,726.0,93043310,200,145200.0
2018-05-14 09:30:43.770,160958,161382,B,,20180514,726.87,93043770,100,72687.0
2018-05-14 09:30:43.800,160958,161410,B,,20180514,726.87,93043800,300,218061.0
2018-05-14 09:30:43.800,160640,161420,B,,20180514,726.91,93043800,100,72691.0
2018-05-14 09:30:45.240,162124,161411,S,,20180514,725.95,93045240,21,15244.95
2018-05-14 09:30:45.570,162061,162281,B,,20180514,726.5,93045570,300,217950.0
2018-05-14 09:30:45.570,162173,162281,B,,20180514,726.74,93045570,100,72674.0
2018-05-14 09:30:45.570,161700,162281,B,,20180514,726.87,93045570,100,72687.0
2018-05-14 09:30:46.690,162807,161411,S,,20180514,725.95,93046690,200,145190.0
2018-05-14 09:30:46.760,162444,162883,B,,20180514,726.0,93046760,200,145200.0
2018-05-14 09:30:46.760,162444,162884,B,,20180514,726.0,93046760,100,72600.0
2018-05-14 09:30:46.760,161897,162884,B,,20180514,726.91,93046760,100,72691.0
2018-05-14 09:30:46.760,161503,162884,B,,20180514,726.98,93046760,100,72698.0
2018-05-14 09:30:46.760,161863,162884,B,,20180514,726.98,93046760,100,72698.0
2018-05-14 09:30:46.760,160625,162884,B,,20180514,726.99,93046760,100,72699.0
2018-05-14 09:30:46.760,162710,162884,B,,20180514,726.99,93046760,100,72699.0
2018-05-14 09:30:46.980,163023,162885,S,,20180514,726.0,93046980,200,145200.0
2018-05-14 09:30:48.190,163333,163615,B,,20180514,726.49,93048190,200,145298.0
2018-05-14 09:30:48.260,163075,163657,B,,20180514,726.74,93048260,100,72674.0
2018-05-14 09:30:48.420,163075,163730,B,,20180514,726.74,93048420,100,72674.0
2018-05-14 09:30:49.640,163075,164349,B,,20180514,726.74,93049640,100,72674.0
2018-05-14 09:30:49.850,164446,164473,B,,20180514,726.73,93049850,300,218019.0
2018-05-14 09:30:51.490,163075,165243,B,,20180514,726.74,93051490,100,72674.0
2018-05-14 09:30:51.750,163075,165371,B,,20180514,726.74,93051750,100,72674.0
2018-05-14 09:30:51.910,163075,165431,B,,20180514,726.74,93051910,100,72674.0
2018-05-14 09:30:51.930,163075,165461,B,,20180514,726.74,93051930,100,72674.0
2018-05-14 09:30:52.730,165738,165843,B,,20180514,726.72,93052730,100,72672.0
2018-05-14 09:30:52.730,163075,165843,B,,20180514,726.74,93052730,100,72674.0
2018-05-14 09:30:52.840,163075,165911,B,,20180514,726.74,93052840,800,581392.0
2018-05-14 09:30:53.110,166025,165261,S,,20180514,726.42,93053110,200,145284.0
2018-05-14 09:30:53.110,166025,165262,S,,20180514,726.02,93053110,100,72602.0
2018-05-14 09:30:53.300,166114,165262,S,,20180514,726.02,93053300,100,72602.0
2018-05-14 09:30:53.300,166114,165263,S,,20180514,726.01,93053300,100,72601.0
2018-05-14 09:30:53.340,163075,166147,B,,20180514,726.74,93053340,100,72674.0
2018-05-14 09:30:53.340,163075,166148,B,,20180514,726.74,93053340,500,363370.0
2018-05-14 09:30:53.910,166197,166375,B,,20180514,726.5,93053910,100,72650.0
2018-05-14 09:30:53.910,163075,166375,B,,20180514,726.74,93053910,100,72674.0
2018-05-14 09:30:54.370,166630,165263,S,,20180514,726.01,93054370,100,72601.0
2018-05-14 09:30:54.370,166630,163185,S,,20180514,726.0,93054370,300,217800.0
2018-05-14 09:30:54.370,166630,163457,S,,20180514,726.0,93054370,100,72600.0
2018-05-14 09:30:54.970,166907,166721,S,,20180514,726.42,93054970,100,72642.0
2018-05-14 09:30:54.970,166907,166784,S,,20180514,726.42,93054970,100,72642.0
2018-05-14 09:30:54.970,166907,164714,S,,20180514,726.0,93054970,100,72600.0
2018-05-14 09:30:55.220,167038,164714,S,,20180514,726.0,93055220,200,145200.0
2018-05-14 09:30:55.950,167039,167399,B,,20180514,726.05,93055950,100,72605.0
2018-05-14 09:30:56.690,166510,167746,B,,20180514,726.7,93056690,500,363350.0
2018-05-14 09:30:56.690,163075,167746,B,,20180514,726.74,93056690,100,72674.0
2018-05-14 09:30:56.940,167828,167746,S,,20180514,726.87,93056940,100,72687.0
2018-05-14 09:30:56.990,167858,167746,S,,20180514,726.87,93056990,100,72687.0
2018-05-14 09:30:57.170,167931,167746,S,,20180514,726.87,93057170,100,72687.0
2018-05-14 09:30:57.310,167994,167746,S,,20180514,726.87,93057310,100,72687.0
2018-05-14 09:30:57.380,168020,167746,S,,20180514,726.87,93057380,100,72687.0
2018-05-14 09:30:57.580,163166,168118,B,,20180514,726.88,93057580,100,72688.0
2018-05-14 09:30:57.580,165726,168118,B,,20180514,726.9,93057580,200,145380.0
2018-05-14 09:30:57.580,163125,168118,B,,20180514,726.91,93057580,100,72691.0
2018-05-14 09:30:57.580,164152,168118,B,,20180514,726.91,93057580,200,145382.0
2018-05-14 09:30:57.580,163753,168118,B,,20180514,726.96,93057580,100,72696.0
2018-05-14 09:30:57.680,168154,167746,S,,20180514,726.87,93057680,100,72687.0
2018-05-14 09:30:57.680,168159,167746,S,,20180514,726.87,93057680,100,72687.0
2018-05-14 09:30:57.790,168203,167746,S,,20180514,726.87,93057790,500,363435.0
2018-05-14 09:30:57.790,168203,167776,S,,20180514,726.51,93057790,100,72651.0
2018-05-14 09:30:58.250,168417,167509,S,,20180514,726.05,93058250,500,363025.0
2018-05-14 09:30:58.680,168656,167681,S,,20180514,726.0,93058680,100,72600.0
2018-05-14 09:30:59.530,169104,169129,B,,20180514,726.73,93059530,100,72673.0
2018-05-14 09:31:00.110,169407,168812,S,,20180514,726.0,93100110,500,363000.0
2018-05-14 09:31:00.110,169407,169128,S,,20180514,726.0,93100110,100,72600.0
2018-05-14 09:31:00.310,169407,169536,B,,20180514,726.0,93100310,100,72600.0
2018-05-14 09:31:00.660,169407,169717,B,,20180514,726.0,93100660,100,72600.0
2018-05-14 09:31:00.720,169407,169742,B,,20180514,726.0,93100720,100,72600.0
2018-05-14 09:31:02.110,169407,170482,B,,20180514,726.0,93102110,100,72600.0
2018-05-14 09:31:02.110,169468,170482,B,,20180514,726.0,93102110,400,290400.0
2018-05-14 09:31:03.170,169468,171000,B,,20180514,726.0,93103170,100,72600.0
2018-05-14 09:31:03.520,171157,170446,S,,20180514,725.78,93103520,300,217734.0
2018-05-14 09:31:05.150,172004,170446,S,,20180514,725.78,93105150,100,72578.0
2018-05-14 09:31:06.480,171714,172648,B,,20180514,725.95,93106480,100,72595.0
2018-05-14 09:31:06.480,169468,172648,B,,20180514,726.0,93106480,400,290400.0
2018-05-14 09:31:06.480,169481,172648,B,,20180514,726.0,93106480,100,72600.0
2018-05-14 09:31:06.480,169732,172648,B,,20180514,726.0,93106480,300,217800.0
2018-05-14 09:31:06.480,172273,172648,B,,20180514,726.0,93106480,100,72600.0
2018-05-14 09:31:06.950,170956,172874,B,,20180514,726.01,93106950,100,72601.0
2018-05-14 09:31:06.950,171287,172874,B,,20180514,726.01,93106950,300,217803.0
2018-05-14 09:31:06.950,171773,172874,B,,20180514,726.01,93106950,100,72601.0
2018-05-14 09:31:06.950,169799,172874,B,,20180514,726.03,93106950,200,145206.0
2018-05-14 09:31:07.640,171516,173242,B,,20180514,726.05,93107640,300,217815.0
2018-05-14 09:31:07.660,169189,173248,B,,20180514,726.5,93107660,100,72650.0
2018-05-14 09:31:07.690,173261,173242,S,,20180514,726.05,93107690,100,72605.0
2018-05-14 09:31:08.000,173427,173280,S,,20180514,726.36,93108000,200,145272.0
2018-05-14 09:31:08.000,173427,173271,S,,20180514,726.32,93108000,100,72632.0
2018-05-14 09:31:08.000,173427,173309,S,,20180514,726.32,93108000,100,72632.0
2018-05-14 09:31:08.000,173427,173302,S,,20180514,726.05,93108000,100,72605.0
2018-05-14 09:31:08.470,173631,173351,S,,20180514,726.05,93108470,100,72605.0
2018-05-14 09:31:08.470,173631,172874,S,,20180514,726.03,93108470,200,145206.0
2018-05-14 09:31:08.470,173644,173637,S,,20180514,726.49,93108470,100,72649.0
2018-05-14 09:31:08.630,173706,172874,S,,20180514,726.03,93108630,100,72603.0
2018-05-14 09:31:08.630,173716,172874,S,,20180514,726.03,93108630,100,72603.0
2018-05-14 09:31:08.790,173786,172648,S,,20180514,726.0,93108790,100,72600.0
2018-05-14 09:31:08.810,170750,173796,B,,20180514,726.5,93108810,100,72650.0
2018-05-14 09:31:09.650,170750,174186,B,,20180514,726.5,93109650,100,72650.0
2018-05-14 09:31:09.980,174367,173869,S,,20180514,726.05,93109980,100,72605.0
2018-05-14 09:31:10.880,170750,174811,B,,20180514,726.5,93110880,100,72650.0
2018-05-14 09:31:10.880,171140,174811,B,,20180514,726.7,93110880,700,508690.00000000006
2018-05-14 09:31:11.860,171140,175254,B,,20180514,726.7,93111860,100,72670.0
2018-05-14 09:31:13.750,176146,176167,B,,20180514,726.4,93113750,100,72640.0
2018-05-14 09:31:13.750,176146,176168,B,,20180514,726.4,93113750,400,290560.0
2018-05-14 09:31:13.800,176146,176207,B,,20180514,726.4,93113800,500,363200.0
2018-05-14 09:31:13.800,175522,176207,B,,20180514,726.5,93113800,100,72650.0
2018-05-14 09:31:14.870,176684,176437,S,,20180514,726.53,93114870,100,72653.0
2018-05-14 09:31:14.870,176684,176207,S,,20180514,726.5,93114870,100,72650.0
2018-05-14 09:31:15.140,176791,176207,S,,20180514,726.5,93115140,200,145300.0
2018-05-14 09:31:16.100,171140,177268,B,,20180514,726.7,93116100,500,363350.0
2018-05-14 09:31:16.340,177391,176207,S,,20180514,726.5,93116340,100,72650.0
2018-05-14 09:31:16.550,177482,176974,S,,20180514,726.5,93116550,100,72650.0
2018-05-14 09:31:16.550,177482,177322,S,,20180514,726.49,93116550,100,72649.0
2018-05-14 09:31:16.550,177482,177119,S,,20180514,726.15,93116550,100,72615.0
2018-05-14 09:31:16.550,177482,172648,S,,20180514,726.0,93116550,200,145200.0
2018-05-14 09:31:16.650,177536,172648,S,,20180514,726.0,93116650,200,145200.0
2018-05-14 09:31:16.740,177552,177599,B,,20180514,726.08,93116740,100,72608.0
2018-05-14 09:31:16.740,177552,177600,B,,20180514,726.08,93116740,100,72608.0
2018-05-14 09:31:16.740,171140,177600,B,,20180514,726.7,93116740,200,145340.0
2018-05-14 09:31:17.760,178128,177601,S,,20180514,726.5,93117760,200,145300.0
2018-05-14 09:31:17.760,178128,177936,S,,20180514,726.5,93117760,100,72650.0
2018-05-14 09:31:17.760,178128,177937,S,,20180514,726.5,93117760,100,72650.0
2018-05-14 09:31:17.760,178128,178126,S,,20180514,726.48,93117760,100,72648.0
2018-05-14 09:31:17.790,178146,178126,S,,20180514,726.48,93117790,100,72648.0
2018-05-14 09:31:17.790,178148,172648,S,,20180514,726.0,93117790,1700,1234200.0
2018-05-14 09:31:17.960,178226,172648,S,,20180514,726.0,93117960,200,145200.0
2018-05-14 09:31:19.020,178722,178800,B,,20180514,726.44,93119020,100,72644.0
2018-05-14 09:31:19.020,178722,178810,B,,20180514,726.44,93119020,100,72644.0
2018-05-14 09:31:19.020,178232,178810,B,,20180514,726.5,93119020,200,145300.0
2018-05-14 09:31:19.020,178292,178810,B,,20180514,726.5,93119020,100,72650.0
2018-05-14 09:31:19.730,179172,178810,S,,20180514,726.5,93119730,100,72650.0
2018-05-14 09:31:19.730,179172,179176,B,,20180514,726.5,93119730,100,72650.0
2018-05-14 09:31:19.730,171140,179176,B,,20180514,726.7,93119730,200,145340.0
2018-05-14 09:31:19.900,179294,179177,S,,20180514,726.5,93119900,200,145300.0
2018-05-14 09:31:20.000,179322,179127,S,,20180514,726.26,93120000,100,72626.0
2018-05-14 09:31:20.000,179322,172648,S,,20180514,726.0,93120000,200,145200.0
2018-05-14 09:31:20.660,171140,179670,B,,20180514,726.7,93120660,100,72670.0
2018-05-14 09:31:22.120,179977,180330,B,,20180514,726.15,93122120,200,145230.0
2018-05-14 09:31:22.240,179941,180401,B,,20180514,726.5,93122240,100,72650.0
2018-05-14 09:31:22.240,180001,180401,B,,20180514,726.5,93122240,100,72650.0
2018-05-14 09:31:22.750,180001,180608,B,,20180514,726.5,93122750,100,72650.0
2018-05-14 09:31:22.750,180563,180609,B,,20180514,726.5,93122750,300,217950.0
2018-05-14 09:31:22.750,180092,180609,B,,20180514,726.53,93122750,100,72653.0
2018-05-14 09:31:22.790,180634,180330,S,,20180514,726.15,93122790,100,72615.0
2018-05-14 09:31:23.900,180092,181194,B,,20180514,726.53,93123900,200,145306.0
2018-05-14 09:31:24.170,181302,181194,S,,20180514,726.53,93124170,100,72653.0
2018-05-14 09:31:24.420,181412,181255,S,,20180514,726.53,93124420,100,72653.0
2018-05-14 09:31:24.490,180495,181440,B,,20180514,726.6,93124490,100,72660.0
2018-05-14 09:31:24.710,180495,181542,B,,20180514,726.6,93124710,200,145320.0
2018-05-14 09:31:24.860,181631,181255,S,,20180514,726.53,93124860,100,72653.0
2018-05-14 09:31:24.910,181677,181255,S,,20180514,726.53,93124910,100,72653.0
2018-05-14 09:31:25.410,181915,180610,S,,20180514,726.15,93125410,100,72615.0
2018-05-14 09:31:25.760,181709,182083,B,,20180514,726.5,93125760,200,145300.0
2018-05-14 09:31:25.790,182096,182084,S,,20180514,726.18,93125790,200,145236.0
2018-05-14 09:31:25.810,182101,182084,S,,20180514,726.18,93125810,100,72618.0
2018-05-14 09:31:26.590,181709,182482,B,,20180514,726.5,93126590,100,72650.0
2018-05-14 09:31:26.780,182573,182084,S,,20180514,726.18,93126780,100,72618.0
2018-05-14 09:31:26.830,182585,182084,S,,20180514,726.18,93126830,100,72618.0
2018-05-14 09:31:27.170,182755,182084,S,,20180514,726.18,93127170,100,72618.0
2018-05-14 09:31:27.370,181709,182836,B,,20180514,726.5,93127370,100,72650.0
2018-05-14 09:31:27.460,181709,182886,B,,20180514,726.5,93127460,600,435900.0
2018-05-14 09:31:27.460,182345,182886,B,,20180514,726.5,93127460,100,72650.0
2018-05-14 09:31:27.460,182530,182886,B,,20180514,726.5,93127460,100,72650.0
2018-05-14 09:31:27.460,182366,182886,B,,20180514,726.53,93127460,100,72653.0
2018-05-14 09:31:27.460,179917,182886,B,,20180514,726.69,93127460,100,72669.0
2018-05-14 09:31:27.460,180598,182886,B,,20180514,726.69,93127460,100,72669.0
2018-05-14 09:31:27.460,181163,182886,B,,20180514,726.69,93127460,51,37061.19
2018-05-14 09:31:27.460,171140,182886,B,,20180514,726.7,93127460,200,145340.0
2018-05-14 09:31:27.460,178629,182886,B,,20180514,726.7,93127460,100,72670.0
2018-05-14 09:31:27.460,179657,182886,B,,20180514,726.7,93127460,100,72670.0
2018-05-14 09:31:27.460,180776,182886,B,,20180514,726.7,93127460,349,253618.30000000002
2018-05-14 09:31:28.210,183257,182084,S,,20180514,726.18,93128210,200,145236.0
2018-05-14 09:31:28.720,180776,183509,B,,20180514,726.7,93128720,151,109731.70000000001
2018-05-14 09:31:28.720,180935,183509,B,,20180514,726.7,93128720,100,72670.0
2018-05-14 09:31:28.720,181380,183509,B,,20180514,726.7,93128720,902,655483.4
2018-05-14 09:31:28.720,182663,183509,B,,20180514,726.7,93128720,100,72670.0
2018-05-14 09:31:28.720,182717,183509,B,,20180514,726.7,93128720,47,34154.9
2018-05-14 09:31:28.990,182717,183640,B,,20180514,726.7,93128990,53,38515.100000000006
2018-05-14 09:31:29.330,183819,183640,S,,20180514,726.7,93129330,47,34154.9
2018-05-14 09:31:29.330,183819,183669,S,,20180514,726.69,93129330,553,401859.57
2018-05-14 09:31:29.350,183152,183839,B,,20180514,726.73,93129350,100,72673.0
2018-05-14 09:31:29.440,183890,183669,S,,20180514,726.69,93129440,100,72669.0
2018-05-14 09:31:29.640,183993,183669,S,,20180514,726.69,93129640,147,106823.43000000001
2018-05-14 09:31:29.640,183993,183508,S,,20180514,726.43,93129640,53,38500.79
2018-05-14 09:31:29.990,184160,183508,S,,20180514,726.43,93129990,247,179428.21
2018-05-14 09:31:29.990,184160,183910,S,,20180514,726.21,93129990,100,72621.0
2018-05-14 09:31:29.990,184160,182084,S,,20180514,726.18,93129990,100,72618.0
2018-05-14 09:31:29.990,184160,183789,S,,20180514,726.18,93129990,100,72618.0
2018-05-14 09:31:30.170,184226,172648,S,,20180514,726.0,93130170,200,145200.0
2018-05-14 09:31:30.270,184290,172648,S,,20180514,726.0,93130270,100,72600.0
2018-05-14 09:31:31.180,184160,184739,B,,20180514,726.01,93131180,353,256281.53
2018-05-14 09:31:31.180,184275,184739,B,,20180514,726.01,93131180,147,106723.47
2018-05-14 09:31:31.300,184801,172648,S,,20180514,726.0,93131300,400,290400.0
2018-05-14 09:31:31.780,184275,185068,B,,20180514,726.01,93131780,800,580808.0
2018-05-14 09:31:31.880,184275,185146,B,,20180514,726.01,93131880,53,38478.53
2018-05-14 09:31:32.040,185235,185146,S,,20180514,726.01,93132040,100,72601.0
2018-05-14 09:31:32.070,185243,185146,S,,20180514,726.01,93132070,100,72601.0
2018-05-14 09:31:32.070,185246,185146,S,,20180514,726.01,93132070,100,72601.0
2018-05-14 09:31:32.070,185247,185146,S,,20180514,726.01,93132070,47,34122.47
2018-05-14 09:31:32.070,185247,185187,S,,20180514,726.01,93132070,53,38478.53
2018-05-14 09:31:32.070,185249,185187,S,,20180514,726.01,93132070,100,72601.0
2018-05-14 09:31:32.070,185253,185187,S,,20180514,726.01,93132070,100,72601.0
2018-05-14 09:31:32.090,185256,185187,S,,20180514,726.01,93132090,200,145202.0
2018-05-14 09:31:32.090,185266,185187,S,,20180514,726.01,93132090,100,72601.0
2018-05-14 09:31:32.140,185289,185187,S,,20180514,726.01,93132140,100,72601.0
2018-05-14 09:31:32.200,185325,185187,S,,20180514,726.01,93132200,100,72601.0
2018-05-14 09:31:32.340,185399,185395,S,,20180514,726.04,93132340,100,72604.0
2018-05-14 09:31:32.660,185474,185540,B,,20180514,726.15,93132660,100,72615.0
2018-05-14 09:31:32.660,184790,185540,B,,20180514,726.3,93132660,100,72630.0
2018-05-14 09:31:32.660,184038,185540,B,,20180514,726.49,93132660,150,108973.5
2018-05-14 09:31:32.660,184498,185540,B,,20180514,726.5,93132660,150,108975.0
2018-05-14 09:31:32.770,184498,185580,B,,20180514,726.5,93132770,50,36325.0
2018-05-14 09:31:32.770,184567,185580,B,,20180514,726.5,93132770,100,72650.0
2018-05-14 09:31:32.770,184684,185580,B,,20180514,726.5,93132770,50,36325.0
2018-05-14 09:31:32.840,184684,185620,B,,20180514,726.5,93132840,50,36325.0
2018-05-14 09:31:32.840,185203,185620,B,,20180514,726.53,93132840,50,36326.5
2018-05-14 09:31:33.270,185823,185187,S,,20180514,726.01,93133270,100,72601.0
2018-05-14 09:31:33.370,185686,185858,B,,20180514,726.15,93133370,100,72615.0
2018-05-14 09:31:33.980,186174,185858,S,,20180514,726.18,93133980,100,72618.0
2018-05-14 09:31:34.580,186292,186473,B,,20180514,726.03,93134580,100,72603.0
2018-05-14 09:31:34.840,186691,186711,B,,20180514,726.15,93134840,100,72615.0
2018-05-14 09:31:34.840,186715,186629,S,,20180514,726.03,93134840,100,72603.0
2018-05-14 09:31:34.840,186715,186630,S,,20180514,726.03,93134840,100,72603.0
2018-05-14 09:31:34.870,186720,186707,S,,20180514,726.03,93134870,100,72603.0
2018-05-14 09:31:34.990,186691,186801,B,,20180514,726.15,93134990,100,72615.0
2018-05-14 09:31:35.430,186691,187013,B,,20180514,726.15,93135430,200,145230.0
2018-05-14 09:31:35.850,187092,187241,B,,20180514,726.15,93135850,100,72615.0
2018-05-14 09:31:36.570,187648,187404,S,,20180514,726.06,93136570,100,72606.0
2018-05-14 09:31:36.570,187648,187200,S,,20180514,726.03,93136570,100,72603.0
2018-05-14 09:31:37.660,187733,188219,B,,20180514,726.03,93137660,100,72603.0
2018-05-14 09:31:37.770,187853,188326,B,,20180514,726.18,93137770,100,72618.0
2018-05-14 09:31:37.770,187018,188326,B,,20180514,726.3,93137770,500,363150.0
2018-05-14 09:31:37.770,187618,188326,B,,20180514,726.43,93137770,100,72643.0
2018-05-14 09:31:38.300,188587,188322,S,,20180514,726.06,93138300,100,72606.0
2018-05-14 09:31:38.560,188764,188630,S,,20180514,726.21,93138560,100,72621.0
2018-05-14 09:31:38.560,188048,188772,B,,20180514,726.43,93138560,100,72643.0
2018-05-14 09:31:38.930,188933,188917,S,,20180514,726.18,93138930,100,72618.0
2018-05-14 09:31:40.560,189693,189403,S,,20180514,726.15,93140560,100,72615.0
2018-05-14 09:31:40.560,189693,189307,S,,20180514,726.13,93140560,100,72613.0
2018-05-14 09:31:40.650,189743,189308,S,,20180514,726.13,93140650,100,72613.0
2018-05-14 09:31:40.670,188991,189758,B,,20180514,726.18,93140670,100,72618.0
2018-05-14 09:31:40.770,189181,189814,B,,20180514,726.43,93140770,300,217928.99999999997
2018-05-14 09:31:41.900,190474,190490,B,,20180514,726.4,93141900,100,72640.0
2018-05-14 09:31:41.900,189181,190490,B,,20180514,726.43,93141900,200,145286.0
2018-05-14 09:31:42.200,190640,190490,S,,20180514,726.43,93142200,100,72643.0
2018-05-14 09:31:42.200,190640,189758,S,,20180514,726.18,93142200,200,145236.0
2018-05-14 09:31:42.390,186208,190735,B,,20180514,726.48,93142390,100,72648.0
2018-05-14 09:31:43.280,191138,190795,S,,20180514,726.21,93143280,100,72621.0
2018-05-14 09:31:43.280,191138,189813,S,,20180514,726.18,93143280,100,72618.0
2018-05-14 09:31:43.670,189961,191330,B,,20180514,726.49,93143670,100,72649.0
2018-05-14 09:31:43.810,187556,191477,B,,20180514,726.5,93143810,100,72650.0
2018-05-14 09:31:43.860,191492,191330,S,,20180514,726.49,93143860,100,72649.0
2018-05-14 09:31:44.140,187770,191647,B,,20180514,726.5,93144140,200,145300.0
2018-05-14 09:31:44.170,191678,191330,S,,20180514,726.49,93144170,100,72649.0
2018-05-14 09:31:44.270,191716,191330,S,,20180514,726.49,93144270,100,72649.0
2018-05-14 09:31:44.390,187770,191790,B,,20180514,726.5,93144390,100,72650.0
2018-05-14 09:31:44.980,188083,192074,B,,20180514,726.5,93144980,800,581200.0
2018-05-14 09:31:45.030,188083,192101,B,,20180514,726.5,93145030,700,508550.0
2018-05-14 09:31:45.030,191285,192101,B,,20180514,726.5,93145030,100,72650.0
2018-05-14 09:31:45.030,192067,192101,B,,20180514,726.5,93145030,100,72650.0
2018-05-14 09:31:45.920,192472,192101,S,,20180514,726.5,93145920,100,72650.0
2018-05-14 09:31:46.290,192619,192156,S,,20180514,726.5,93146290,100,72650.0
2018-05-14 09:31:46.780,191670,192866,B,,20180514,726.59,93146780,100,72659.0
2018-05-14 09:31:46.780,186120,192866,B,,20180514,726.6,93146780,200,145320.0
2018-05-14 09:31:48.660,193826,192867,S,,20180514,726.59,93148660,200,145318.0
2018-05-14 09:31:48.660,193826,193501,S,,20180514,726.51,93148660,100,72651.0
2018-05-14 09:31:49.110,194026,193501,S,,20180514,726.51,93149110,100,72651.0
2018-05-14 09:31:49.230,194082,193501,S,,20180514,726.51,93149230,100,72651.0
2018-05-14 09:31:49.350,194166,193501,S,,20180514,726.51,93149350,100,72651.0
2018-05-14 09:31:49.780,184265,194366,B,,20180514,726.68,93149780,100,72668.0
2018-05-14 09:31:49.780,186227,194368,B,,20180514,726.68,93149780,100,72668.0
2018-05-14 09:31:49.780,190968,194368,B,,20180514,726.68,93149780,100,72668.0
2018-05-14 09:31:49.780,185779,194368,B,,20180514,726.69,93149780,100,72669.0
2018-05-14 09:31:49.780,188144,194368,B,,20180514,726.69,93149780,200,145338.0
2018-05-14 09:31:50.240,194634,194369,S,,20180514,726.68,93150240,100,72668.0
2018-05-14 09:31:52.120,188144,195530,B,,20180514,726.69,93152120,100,72669.0
2018-05-14 09:31:52.120,193358,195530,B,,20180514,726.69,93152120,100,72669.0
2018-05-14 09:31:52.630,195740,195530,S,,20180514,726.69,93152630,100,72669.0
2018-05-14 09:31:52.740,195781,195530,S,,20180514,726.69,93152740,200,145338.0
2018-05-14 09:31:52.740,195781,194369,S,,20180514,726.68,93152740,300,218003.99999999997
2018-05-14 09:31:52.760,184907,195786,B,,20180514,726.7,93152760,100,72670.0
2018-05-14 09:31:52.760,184907,195787,B,,20180514,726.7,93152760,100,72670.0
2018-05-14 09:31:52.760,186962,195787,B,,20180514,726.7,93152760,100,72670.0
2018-05-14 09:31:52.760,187824,195787,B,,20180514,726.7,93152760,100,72670.0
2018-05-14 09:31:53.260,196070,195788,S,,20180514,726.69,93153260,100,72669.0
2018-05-14 09:31:53.440,196175,195788,S,,20180514,726.69,93153440,100,72669.0
2018-05-14 09:31:53.470,196187,196153,S,,20180514,726.69,93153470,100,72669.0
2018-05-14 09:31:53.810,196334,196154,S,,20180514,726.69,93153810,100,72669.0
2018-05-14 09:31:53.810,196334,194370,S,,20180514,726.68,93153810,100,72668.0
2018-05-14 09:31:53.950,196403,194370,S,,20180514,726.68,93153950,200,145336.0
2018-05-14 09:31:54.370,196611,192199,S,,20180514,726.5,93154370,100,72650.0
2018-05-14 09:31:54.970,196916,192517,S,,20180514,726.5,93154970,100,72650.0
2018-05-14 09:31:55.000,196924,192517,S,,20180514,726.5,93155000,100,72650.0
2018-05-14 09:31:55.090,196403,196979,B,,20180514,726.68,93155090,500,363340.0
2018-05-14 09:31:55.680,197256,192517,S,,20180514,726.5,93155680,100,72650.0
2018-05-14 09:31:55.750,197166,197290,B,,20180514,726.62,93155750,100,72662.0
2018-05-14 09:31:55.750,196403,197290,B,,20180514,726.68,93155750,2000,1453360.0
2018-05-14 09:31:55.880,197373,193125,S,,20180514,726.5,93155880,100,72650.0
2018-05-14 09:31:56.140,197534,197289,S,,20180514,726.5,93156140,200,145300.0
2018-05-14 09:31:56.360,196403,197632,B,,20180514,726.68,93156360,100,72668.0
2018-05-14 09:31:57.020,197952,197289,S,,20180514,726.5,93157020,100,72650.0
2018-05-14 09:31:57.490,196403,198159,B,,20180514,726.68,93157490,100,72668.0
2018-05-14 09:31:57.520,198177,197292,S,,20180514,726.5,93157520,100,72650.0
2018-05-14 09:31:58.040,196403,198461,B,,20180514,726.68,93158040,500,363340.0
2018-05-14 09:31:58.800,196403,198874,B,,20180514,726.68,93158800,200,145336.0
2018-05-14 09:31:58.830,196403,198891,B,,20180514,726.68,93158830,200,145336.0
2018-05-14 09:31:59.010,196403,198986,B,,20180514,726.68,93159010,1400,1017351.9999999999
2018-05-14 09:31:59.210,196403,199085,B,,20180514,726.68,93159210,1100,799348.0
2018-05-14 09:31:59.210,197253,199085,B,,20180514,726.68,93159210,100,72668.0
2018-05-14 09:31:59.210,197394,199085,B,,20180514,726.68,93159210,100,72668.0
2018-05-14 09:31:59.210,197924,199085,B,,20180514,726.68,93159210,400,290672.0
2018-05-14 09:31:59.210,198038,199085,B,,20180514,726.68,93159210,100,72668.0
2018-05-14 09:31:59.210,198617,199085,B,,20180514,726.68,93159210,100,72668.0
2018-05-14 09:31:59.210,197813,199085,B,,20180514,726.69,93159210,100,72669.0
2018-05-14 09:31:59.390,199205,199085,S,,20180514,726.7,93159390,100,72670.0
2018-05-14 09:31:59.500,199255,199085,S,,20180514,726.7,93159500,100,72670.0
2018-05-14 09:31:59.660,199344,199085,S,,20180514,726.7,93159660,100,72670.0
2018-05-14 09:31:59.780,199414,199085,S,,20180514,726.7,93159780,700,508690.00000000006
2018-05-14 09:31:59.780,199414,199124,S,,20180514,726.7,93159780,400,290680.0
2018-05-14 09:31:59.910,199472,199124,S,,20180514,726.7,93159910,100,72670.0
2018-05-14 09:31:59.930,199493,199124,S,,20180514,726.7,93159930,100,72670.0
2018-05-14 09:31:59.980,169358,199520,B,,20180514,726.74,93159980,200,145348.0
2018-05-14 09:31:59.980,178077,199520,B,,20180514,726.78,93159980,100,72678.0
2018-05-14 09:31:59.980,170965,199520,B,,20180514,726.85,93159980,200,145370.0
2018-05-14 09:31:59.980,170298,199520,B,,20180514,726.87,93159980,100,72687.0
2018-05-14 09:31:59.980,173667,199520,B,,20180514,726.87,93159980,100,72687.0
2018-05-14 09:32:00.780,199925,199124,S,,20180514,726.7,93200780,900,654030.0
2018-05-14 09:32:00.870,199972,199124,S,,20180514,726.7,93200870,500,363350.0
2018-05-14 09:32:01.190,173667,200152,B,,20180514,726.87,93201190,500,363435.0
2018-05-14 09:32:01.460,200279,199124,S,,20180514,726.7,93201460,100,72670.0
2018-05-14 09:32:01.480,200292,199124,S,,20180514,726.7,93201480,100,72670.0
2018-05-14 09:32:01.550,200323,199124,S,,20180514,726.7,93201550,400,290680.0
2018-05-14 09:32:01.740,173667,200447,B,,20180514,726.87,93201740,400,290748.0
2018-05-14 09:32:01.740,200453,200448,S,,20180514,726.71,93201740,100,72671.0
2018-05-14 09:32:02.300,172432,200728,B,,20180514,726.88,93202300,100,72688.0
2018-05-14 09:32:02.300,170986,200729,B,,20180514,726.9,93202300,100,72690.0
2018-05-14 09:32:02.330,186108,200748,B,,20180514,726.98,93202330,145,105412.1
2018-05-14 09:32:02.330,164454,200748,B,,20180514,726.99,93202330,55,39984.45
2018-05-14 09:32:03.070,201119,200729,S,,20180514,726.9,93203070,100,72690.0
2018-05-14 09:32:04.110,201586,200730,S,,20180514,726.87,93204110,100,72687.0
2018-05-14 09:32:04.280,164454,201677,B,,20180514,726.99,93204280,500,363495.0
2018-05-14 09:32:04.850,201970,200730,S,,20180514,726.87,93204850,100,72687.0
2018-05-14 09:32:04.850,201970,201439,S,,20180514,726.87,93204850,300,218061.0
2018-05-14 09:32:04.850,201970,200840,S,,20180514,726.74,93204850,100,72674.0
2018-05-14 09:32:05.420,202267,200840,S,,20180514,726.74,93205420,100,72674.0
2018-05-14 09:32:05.490,202299,200840,S,,20180514,726.74,93205490,200,145348.0
2018-05-14 09:32:05.510,164454,202332,B,,20180514,726.99,93205510,100,72699.0
2018-05-14 09:32:05.510,164454,202334,B,,20180514,726.99,93205510,945,687005.55
2018-05-14 09:32:05.510,170839,202334,B,,20180514,726.99,93205510,100,72699.0
2018-05-14 09:32:05.510,194156,202334,B,,20180514,726.99,93205510,200,145398.0
2018-05-14 09:32:05.510,199772,202334,B,,20180514,726.99,93205510,200,145398.0
2018-05-14 09:32:05.510,151706,202334,B,,20180514,727.0,93205510,555,403485.0
2018-05-14 09:32:05.560,151706,202347,B,,20180514,727.0,93205560,45,32715.0
2018-05-14 09:32:05.560,155700,202347,B,,20180514,727.0,93205560,100,72700.0
2018-05-14 09:32:05.560,156960,202347,B,,20180514,727.0,93205560,100,72700.0
2018-05-14 09:32:05.560,158494,202347,B,,20180514,727.0,93205560,100,72700.0
2018-05-14 09:32:05.560,163718,202347,B,,20180514,727.0,93205560,100,72700.0
2018-05-14 09:32:05.560,165444,202347,B,,20180514,727.0,93205560,55,39985.0
2018-05-14 09:32:05.720,202446,202337,S,,20180514,726.99,93205720,100,72699.0
2018-05-14 09:32:06.240,165444,202669,B,,20180514,727.0,93206240,45,32715.0
2018-05-14 09:32:06.240,167916,202669,B,,20180514,727.0,93206240,100,72700.0
2018-05-14 09:32:06.240,168544,202669,B,,20180514,727.0,93206240,500,363500.0
2018-05-14 09:32:06.240,169718,202669,B,,20180514,727.0,93206240,200,145400.0
2018-05-14 09:32:06.240,170937,202669,B,,20180514,727.0,93206240,100,72700.0
2018-05-14 09:32:06.240,176801,202669,B,,20180514,727.0,93206240,100,72700.0
2018-05-14 09:32:06.240,176833,202669,B,,20180514,727.0,93206240,100,72700.0
2018-05-14 09:32:06.240,184866,202669,B,,20180514,727.0,93206240,100,72700.0
2018-05-14 09:32:06.730,174233,202921,B,,20180514,727.01,93206730,200,145402.0
2018-05-14 09:32:06.850,162676,202977,B,,20180514,727.02,93206850,200,145404.0
2018-05-14 09:32:06.920,150617,203002,B,,20180514,727.08,93206920,100,72708.0
2018-05-14 09:32:06.920,156180,203002,B,,20180514,727.08,93206920,100,72708.0
2018-05-14 09:32:06.920,62392,203002,B,,20180514,727.3,93206920,200,145460.0
2018-05-14 09:32:07.090,203086,202977,S,,20180514,727.03,93207090,100,72703.0
2018-05-14 09:32:07.510,203304,202922,S,,20180514,727.01,93207510,100,72701.0
2018-05-14 09:32:07.670,203394,203140,S,,20180514,727.01,93207670,100,72701.0
2018-05-14 09:32:07.790,62392,203456,B,,20180514,727.3,93207790,400,290920.0
2018-05-14 09:32:07.880,62392,203509,B,,20180514,727.3,93207880,400,290920.0
2018-05-14 09:32:07.970,62392,203563,B,,20180514,727.3,93207970,200,145460.0
2018-05-14 09:32:08.360,62392,203752,B,,20180514,727.3,93208360,200,145460.0
2018-05-14 09:32:08.480,62392,203832,B,,20180514,727.3,93208480,400,290920.0
2018-05-14 09:32:08.900,62392,204063,B,,20180514,727.3,93208900,300,218190.0
2018-05-14 09:32:08.900,62392,204066,B,,20180514,727.3,93208900,100,72730.0
2018-05-14 09:32:08.900,62392,204068,B,,20180514,727.3,93208900,200,145460.0
2018-05-14 09:32:08.970,62392,204098,B,,20180514,727.3,93208970,100,72730.0
2018-05-14 09:32:10.600,62392,204819,B,,20180514,727.3,93210600,200,145460.0
2018-05-14 09:32:10.650,62392,204841,B,,20180514,727.3,93210650,1300,945489.9999999999
2018-05-14 09:32:10.700,62392,204870,B,,20180514,727.3,93210700,100,72730.0
2018-05-14 09:32:10.720,62392,204890,B,,20180514,727.3,93210720,100,72730.0
2018-05-14 09:32:10.720,62392,204891,B,,20180514,727.3,93210720,800,581840.0
2018-05-14 09:32:10.720,204839,204891,B,,20180514,727.3,93210720,200,145460.0
2018-05-14 09:32:10.720,102000,204891,B,,20180514,727.5,93210720,100,72750.0
2018-05-14 09:32:10.720,167054,204891,B,,20180514,727.69,93210720,100,72769.0
2018-05-14 09:32:10.720,109439,204891,B,,20180514,727.72,93210720,100,72772.0
2018-05-14 09:32:10.720,199882,204891,B,,20180514,727.8,93210720,100,72780.0
2018-05-14 09:32:10.720,107099,204891,B,,20180514,727.88,93210720,100,72788.0
2018-05-14 09:32:11.030,123430,205047,B,,20180514,727.88,93211030,100,72788.0
2018-05-14 09:32:11.200,184413,205128,B,,20180514,727.89,93211200,100,72789.0
2018-05-14 09:32:11.200,102264,205130,B,,20180514,727.95,93211200,100,72795.0
2018-05-14 09:32:11.450,205259,204992,S,,20180514,727.71,93211450,100,72771.0
2018-05-14 09:32:11.520,205303,205017,S,,20180514,727.71,93211520,100,72771.0
2018-05-14 09:32:11.520,205303,205067,S,,20180514,727.71,93211520,100,72771.0
2018-05-14 09:32:11.520,205303,204941,S,,20180514,727.5,93211520,300,218250.0
2018-05-14 09:32:12.580,205791,205778,S,,20180514,727.8,93212580,100,72780.0
2018-05-14 09:32:12.990,113604,205969,B,,20180514,727.99,93212990,100,72799.0
2018-05-14 09:32:12.990,141383,205969,B,,20180514,727.99,93212990,200,145598.0
2018-05-14 09:32:12.990,161058,205969,B,,20180514,727.99,93212990,200,145598.0
2018-05-14 09:32:13.710,161058,206305,B,,20180514,727.99,93213710,1800,1310382.0
2018-05-14 09:32:13.710,202626,206305,B,,20180514,727.99,93213710,200,145598.0
2018-05-14 09:32:13.710,6966,206306,B,,20180514,728.0,93213710,1100,800800.0
2018-05-14 09:32:13.760,206335,205778,S,,20180514,727.8,93213760,100,72780.0
2018-05-14 09:32:13.850,6966,206386,B,,20180514,728.0,93213850,200,145600.0
2018-05-14 09:32:13.900,6966,206427,B,,20180514,728.0,93213900,100,72800.0
2018-05-14 09:32:14.170,6966,206567,B,,20180514,728.0,93214170,200,145600.0
2018-05-14 09:32:14.340,6966,206671,B,,20180514,728.0,93214340,300,218400.0
2018-05-14 09:32:14.430,206704,206670,S,,20180514,727.99,93214430,100,72799.0
2018-05-14 09:32:14.470,6966,206728,B,,20180514,728.0,93214470,1400,1019200.0
2018-05-14 09:32:15.230,207038,206670,S,,20180514,727.99,93215230,500,363995.0
2018-05-14 09:32:16.080,6966,207428,B,,20180514,728.0,93216080,100,72800.0
2018-05-14 09:32:16.180,6966,207460,B,,20180514,728.0,93216180,300,218400.0
2018-05-14 09:32:16.670,207730,206727,S,,20180514,727.99,93216670,100,72799.0
2018-05-14 09:32:16.720,6966,207759,B,,20180514,728.0,93216720,200,145600.0
2018-05-14 09:32:16.720,6966,207760,B,,20180514,728.0,93216720,300,218400.0
2018-05-14 09:32:16.720,6966,207761,B,,20180514,728.0,93216720,2800,2038400.0
2018-05-14 09:32:17.310,6966,208085,B,,20180514,728.0,93217310,300,218400.0
2018-05-14 09:32:17.340,6966,208091,B,,20180514,728.0,93217340,1400,1019200.0
2018-05-14 09:32:17.390,6966,208119,B,,20180514,728.0,93217390,300,218400.0
2018-05-14 09:32:17.450,23232,208150,B,,20180514,728.0,93217450,200,145600.0
2018-05-14 09:32:17.450,35076,208150,B,,20180514,728.0,93217450,100,72800.0
2018-05-14 09:32:17.450,56517,208150,B,,20180514,728.0,93217450,100,72800.0
2018-05-14 09:32:17.450,57880,208150,B,,20180514,728.0,93217450,100,72800.0
2018-05-14 09:32:17.510,86625,208189,B,,20180514,728.0,93217510,100,72800.0
2018-05-14 09:32:17.510,109661,208189,B,,20180514,728.0,93217510,300,218400.0
2018-05-14 09:32:17.510,114799,208189,B,,20180514,728.0,93217510,100,72800.0
2018-05-14 09:32:17.510,117219,208189,B,,20180514,728.0,93217510,200,145600.0
2018-05-14 09:32:17.510,119327,208189,B,,20180514,728.0,93217510,700,509600.0
2018-05-14 09:32:17.700,208280,206727,S,,20180514,727.99,93217700,100,72799.0
2018-05-14 09:32:17.730,208287,208285,S,,20180514,727.99,93217730,100,72799.0
2018-05-14 09:32:18.920,208870,208687,S,,20180514,727.99,93218920,100,72799.0
2018-05-14 09:32:19.590,119327,209200,B,,20180514,728.0,93219590,100,72800.0
2018-05-14 09:32:19.590,119327,209202,B,,20180514,728.0,93219590,200,145600.0
2018-05-14 09:32:19.760,120647,209285,B,,20180514,728.0,93219760,100,72800.0
2018-05-14 09:32:19.760,123636,209285,B,,20180514,728.0,93219760,200,145600.0
2018-05-14 09:32:19.760,128989,209285,B,,20180514,728.0,93219760,200,145600.0
2018-05-14 09:32:19.790,139317,209328,B,,20180514,728.0,93219790,100,72800.0
2018-05-14 09:32:19.790,169114,209328,B,,20180514,728.0,93219790,100,72800.0
2018-05-14 09:32:19.790,171412,209328,B,,20180514,728.0,93219790,100,72800.0
2018-05-14 09:32:19.790,184563,209328,B,,20180514,728.0,93219790,200,145600.0
2018-05-14 09:32:19.790,50556,209328,B,,20180514,728.01,93219790,100,72801.0
2018-05-14 09:32:19.790,24502,209328,B,,20180514,728.02,93219790,100,72802.0
2018-05-14 09:32:19.790,43537,209328,B,,20180514,728.02,93219790,100,72802.0
2018-05-14 09:32:19.790,135992,209328,B,,20180514,728.06,93219790,1000,728060.0
2018-05-14 09:32:20.580,209726,209622,S,,20180514,728.03,93220580,100,72803.0
2018-05-14 09:32:21.230,197741,210019,B,,20180514,728.1,93221230,100,72810.0
2018-05-14 09:32:21.230,26985,210019,B,,20180514,728.15,93221230,600,436890.0
2018-05-14 09:32:21.460,210115,210019,S,,20180514,728.25,93221460,200,145650.0
2018-05-14 09:32:21.760,119724,210264,B,,20180514,728.36,93221760,500,364180.0
2018-05-14 09:32:22.830,119724,210771,B,,20180514,728.36,93222830,100,72836.0
2018-05-14 09:32:23.940,129977,211353,B,,20180514,728.43,93223940,100,72843.0
2018-05-14 09:32:24.140,211431,210832,S,,20180514,728.36,93224140,100,72836.0
2018-05-14 09:32:25.940,44267,212376,B,,20180514,728.5,93225940,100,72850.0
2018-05-14 09:32:25.940,44268,212376,B,,20180514,728.5,93225940,100,72850.0
2018-05-14 09:32:25.940,130584,212376,B,,20180514,728.5,93225940,100,72850.0
2018-05-14 09:32:25.940,197769,212376,B,,20180514,728.5,93225940,100,72850.0
2018-05-14 09:32:26.240,212534,212376,S,,20180514,728.5,93226240,100,72850.0
2018-05-14 09:32:27.190,212959,212607,S,,20180514,728.53,93227190,100,72853.0
2018-05-14 09:32:27.490,157230,213113,B,,20180514,728.56,93227490,100,72856.0
2018-05-14 09:32:27.690,213196,213113,S,,20180514,728.56,93227690,200,145712.0
2018-05-14 09:32:28.120,213429,213193,S,,20180514,728.56,93228120,100,72856.0
2018-05-14 09:32:28.120,213429,212442,S,,20180514,728.5,93228120,100,72850.0
2018-05-14 09:32:28.760,213736,213729,S,,20180514,728.51,93228760,100,72851.0
2018-05-14 09:32:28.950,98044,213854,B,,20180514,728.6,93228950,100,72860.0
2018-05-14 09:32:28.950,119221,213854,B,,20180514,728.6,93228950,100,72860.0
2018-05-14 09:32:29.510,214129,213895,S,,20180514,728.6,93229510,100,72860.0
2018-05-14 09:32:29.510,214129,213729,S,,20180514,728.51,93229510,800,582808.0
2018-05-14 09:32:30.130,42431,214453,B,,20180514,728.79,93230130,100,72879.0
2018-05-14 09:32:30.130,199734,214453,B,,20180514,728.88,93230130,100,72888.0
2018-05-14 09:32:30.440,57278,214598,B,,20180514,728.9,93230440,100,72890.0
2018-05-14 09:32:30.440,102268,214598,B,,20180514,728.95,93230440,200,145790.0
2018-05-14 09:32:30.600,214683,214374,S,,20180514,728.6,93230600,100,72860.0
2018-05-14 09:32:30.600,214683,212442,S,,20180514,728.5,93230600,200,145700.0
2018-05-14 09:32:30.600,214683,212756,S,,20180514,728.5,93230600,400,291400.0
2018-05-14 09:32:30.600,214683,213726,S,,20180514,728.5,93230600,100,72850.0
2018-05-14 09:32:30.600,214683,213853,S,,20180514,728.5,93230600,200,145700.0
2018-05-14 09:32:31.610,215155,214815,S,,20180514,728.6,93231610,100,72860.0
2018-05-14 09:32:32.070,215396,215449,B,,20180514,728.9,93232070,100,72890.0
2018-05-14 09:32:32.070,215458,215165,S,,20180514,728.79,93232070,100,72879.0
2018-05-14 09:32:32.220,215530,215165,S,,20180514,728.79,93232220,100,72879.0
2018-05-14 09:32:32.780,215840,215226,S,,20180514,728.6,93232780,100,72860.0
2018-05-14 09:32:32.970,215912,215651,S,,20180514,728.6,93232970,100,72860.0
2018-05-14 09:32:33.020,215943,215776,S,,20180514,728.6,93233020,100,72860.0
2018-05-14 09:32:33.020,215943,215823,S,,20180514,728.6,93233020,100,72860.0
2018-05-14 09:32:33.280,74631,216110,B,,20180514,728.98,93233280,100,72898.0
2018-05-14 09:32:33.280,87149,216110,B,,20180514,728.98,93233280,100,72898.0
2018-05-14 09:32:33.280,174852,216110,B,,20180514,728.98,93233280,100,72898.0
2018-05-14 09:32:33.280,36877,216110,B,,20180514,728.99,93233280,100,72899.0
2018-05-14 09:32:33.280,112104,216110,B,,20180514,728.99,93233280,100,72899.0
2018-05-14 09:32:33.280,16673,216110,B,,20180514,729.0,93233280,100,72900.0
2018-05-14 09:32:33.280,22732,216110,B,,20180514,729.0,93233280,500,364500.0
2018-05-14 09:32:33.280,25844,216110,B,,20180514,729.0,93233280,100,72900.0
2018-05-14 09:32:33.280,48206,216110,B,,20180514,729.0,93233280,100,72900.0
2018-05-14 09:32:33.280,51658,216110,B,,20180514,729.0,93233280,200,145800.0
2018-05-14 09:32:33.930,216441,215496,S,,20180514,728.56,93233930,200,145712.0
2018-05-14 09:32:34.620,216295,216788,B,,20180514,728.99,93234620,100,72899.0
2018-05-14 09:32:34.620,51658,216788,B,,20180514,729.0,93234620,100,72900.0
2018-05-14 09:32:34.620,73355,216788,B,,20180514,729.0,93234620,100,72900.0
2018-05-14 09:32:34.620,100784,216788,B,,20180514,729.0,93234620,100,72900.0
2018-05-14 09:32:34.620,103121,216788,B,,20180514,729.0,93234620,500,364500.0
2018-05-14 09:32:34.620,108658,216788,B,,20180514,729.0,93234620,100,72900.0
2018-05-14 09:32:35.370,117356,217247,B,,20180514,729.0,93235370,100,72900.0
2018-05-14 09:32:35.460,117356,217304,B,,20180514,729.0,93235460,100,72900.0
2018-05-14 09:32:35.460,126165,217304,B,,20180514,729.0,93235460,100,72900.0
2018-05-14 09:32:35.460,141076,217304,B,,20180514,729.0,93235460,100,72900.0
2018-05-14 09:32:35.460,212100,217304,B,,20180514,729.0,93235460,100,72900.0
2018-05-14 09:32:35.510,217315,217304,S,,20180514,729.0,93235510,100,72900.0
2018-05-14 09:32:36.170,217639,217304,S,,20180514,729.0,93236170,100,72900.0
2018-05-14 09:32:36.560,217820,217304,S,,20180514,729.0,93236560,100,72900.0
2018-05-14 09:32:36.680,129500,217876,B,,20180514,729.2,93236680,100,72920.0
2018-05-14 09:32:38.020,30894,218484,B,,20180514,729.22,93238020,200,145844.0
2018-05-14 09:32:38.020,30894,218485,B,,20180514,729.22,93238020,200,145844.0
2018-05-14 09:32:38.210,218589,218502,S,,20180514,729.22,93238210,100,72922.0
2018-05-14 09:32:38.210,218589,217854,S,,20180514,729.01,93238210,400,291604.0
2018-05-14 09:32:39.290,219121,218639,S,,20180514,729.22,93239290,100,72922.0
2018-05-14 09:32:39.660,24307,219311,B,,20180514,729.3,93239660,100,72930.0
2018-05-14 09:32:39.860,219406,218639,S,,20180514,729.22,93239860,100,72922.0
2018-05-14 09:32:40.000,219478,219377,S,,20180514,729.22,93240000,100,72922.0
2018-05-14 09:32:40.400,12688,219642,B,,20180514,729.4,93240400,100,72940.0
2018-05-14 09:32:41.360,100873,220144,B,,20180514,729.41,93241360,100,72941.0
2018-05-14 09:32:41.500,220209,219377,S,,20180514,729.22,93241500,100,72922.0
2018-05-14 09:32:41.960,220377,220350,S,,20180514,729.41,93241960,100,72941.0
2018-05-14 09:32:43.000,220880,219377,S,,20180514,729.22,93243000,100,72922.0
2018-05-14 09:32:44.880,221592,221756,B,,20180514,729.33,93244880,400,291732.0
2018-05-14 09:32:44.880,221592,221758,B,,20180514,729.33,93244880,100,72933.0
2018-05-14 09:32:44.970,221592,221798,B,,20180514,729.33,93244970,200,145866.0
2018-05-14 09:32:45.300,221592,221970,B,,20180514,729.33,93245300,10,7293.3
2018-05-14 09:32:45.660,222119,221970,S,,20180514,729.41,93245660,90,65646.9
2018-05-14 09:32:45.720,222119,222151,B,,20180514,729.41,93245720,10,7294.099999999999
2018-05-14 09:32:45.720,130755,222151,B,,20180514,729.43,93245720,90,65648.7
2018-05-14 09:32:45.840,130755,222216,B,,20180514,729.43,93245840,10,7294.299999999999
2018-05-14 09:32:45.840,112436,222216,B,,20180514,729.45,93245840,90,65650.5
2018-05-14 09:32:45.960,222264,221963,S,,20180514,729.3,93245960,100,72930.0
2018-05-14 09:32:46.850,112436,222661,B,,20180514,729.45,93246850,10,7294.5
2018-05-14 09:32:46.850,39946,222661,B,,20180514,729.5,93246850,90,65655.0
2018-05-14 09:32:47.430,222980,222411,S,,20180514,729.43,93247430,100,72943.0
2018-05-14 09:32:47.430,222980,222760,S,,20180514,729.43,93247430,100,72943.0
2018-05-14 09:32:47.430,222980,222434,S,,20180514,729.3,93247430,100,72930.0
2018-05-14 09:32:47.430,222980,222823,S,,20180514,729.3,93247430,100,72930.0
2018-05-14 09:32:47.430,222980,221096,S,,20180514,729.21,93247430,200,145842.0
2018-05-14 09:32:47.430,222980,220910,S,,20180514,729.2,93247430,100,72920.0
2018-05-14 09:32:47.430,222980,221879,S,,20180514,729.2,93247430,100,72920.0
2018-05-14 09:32:47.430,222980,222700,S,,20180514,729.2,93247430,100,72920.0
2018-05-14 09:32:47.430,222980,221955,S,,20180514,729.09,93247430,100,72909.0
2018-05-14 09:32:47.430,222980,217854,S,,20180514,729.01,93247430,100,72901.0
2018-05-14 09:32:47.430,222980,217304,S,,20180514,729.0,93247430,900,656100.0
2018-05-14 09:32:47.920,39946,223195,B,,20180514,729.5,93247920,110,80245.0
2018-05-14 09:32:47.920,55293,223195,B,,20180514,729.5,93247920,100,72950.0
2018-05-14 09:32:47.920,100704,223195,B,,20180514,729.5,93247920,100,72950.0
2018-05-14 09:32:47.920,104502,223195,B,,20180514,729.5,93247920,100,72950.0
2018-05-14 09:32:47.920,118380,223195,B,,20180514,729.5,93247920,100,72950.0
2018-05-14 09:32:48.170,161193,223311,B,,20180514,729.56,93248170,100,72956.0
2018-05-14 09:32:48.170,126011,223311,B,,20180514,729.58,93248170,100,72958.0
2018-05-14 09:32:48.170,43427,223311,B,,20180514,729.6,93248170,100,72960.0
2018-05-14 09:32:49.730,119139,224100,B,,20180514,729.6,93249730,100,72960.0
2018-05-14 09:32:49.880,119139,224180,B,,20180514,729.6,93249880,100,72960.0
2018-05-14 09:32:50.150,224305,223690,S,,20180514,729.5,93250150,100,72950.0
2018-05-14 09:32:50.460,224464,224402,S,,20180514,729.63,93250460,200,145926.0
2018-05-14 09:32:50.460,224464,224403,S,,20180514,729.6,93250460,100,72960.0
2018-05-14 09:32:50.460,224464,223690,S,,20180514,729.5,93250460,200,145900.0
2018-05-14 09:32:50.990,224689,224602,S,,20180514,729.6,93250990,100,72960.0
2018-05-14 09:32:51.480,224916,224728,S,,20180514,729.6,93251480,100,72960.0
2018-05-14 09:32:51.480,224921,224918,S,,20180514,729.6,93251480,100,72960.0
2018-05-14 09:32:51.500,224934,223690,S,,20180514,729.5,93251500,100,72950.0
2018-05-14 09:32:51.610,224921,224987,B,,20180514,729.6,93251610,100,72960.0
2018-05-14 09:32:51.720,225015,225043,B,,20180514,729.61,93251720,100,72961.0
2018-05-14 09:32:51.720,137569,225043,B,,20180514,729.68,93251720,100,72968.0
2018-05-14 09:32:51.750,225059,223829,S,,20180514,729.5,93251750,200,145900.0
2018-05-14 09:32:51.990,225147,223829,S,,20180514,729.5,93251990,100,72950.0
2018-05-14 09:32:52.150,225251,223829,S,,20180514,729.5,93252150,400,291800.0
2018-05-14 09:32:52.210,225270,223829,S,,20180514,729.5,93252210,100,72950.0
2018-05-14 09:32:52.210,225270,224043,S,,20180514,729.5,93252210,100,72950.0
2018-05-14 09:32:52.210,225270,224072,S,,20180514,729.5,93252210,100,72950.0
2018-05-14 09:32:52.210,225270,224101,S,,20180514,729.5,93252210,200,145900.0
2018-05-14 09:32:52.210,7983,225278,B,,20180514,729.7,93252210,100,72970.0
2018-05-14 09:32:52.210,65182,225278,B,,20180514,729.78,93252210,100,72978.0
2018-05-14 09:32:52.270,64200,225292,B,,20180514,729.8,93252270,100,72980.0
2018-05-14 09:32:52.270,95121,225292,B,,20180514,729.8,93252270,100,72980.0
2018-05-14 09:32:52.360,225333,224101,S,,20180514,729.5,93252360,100,72950.0
2018-05-14 09:32:52.750,225562,224387,S,,20180514,729.5,93252750,100,72950.0
2018-05-14 09:32:53.390,153806,225878,B,,20180514,729.8,93253390,100,72980.0
2018-05-14 09:32:53.440,109112,225899,B,,20180514,729.87,93253440,100,72987.0
2018-05-14 09:32:53.470,25921,225928,B,,20180514,729.88,93253470,100,72988.0
2018-05-14 09:32:53.470,97449,225928,B,,20180514,729.88,93253470,100,72988.0
2018-05-14 09:32:53.470,125583,225928,B,,20180514,729.88,93253470,100,72988.0
2018-05-14 09:32:53.680,226034,225879,S,,20180514,729.8,93253680,100,72980.0
2018-05-14 09:32:54.380,226342,226146,S,,20180514,729.8,93254380,100,72980.0
2018-05-14 09:32:54.380,226342,225766,S,,20180514,729.66,93254380,100,72966.0
2018-05-14 09:32:54.380,226342,224387,S,,20180514,729.5,93254380,300,218850.0
2018-05-14 09:32:55.720,54294,226954,B,,20180514,729.89,93255720,100,72989.0
2018-05-14 09:32:56.700,172296,227445,B,,20180514,729.94,93256700,100,72994.0
2018-05-14 09:32:57.930,227983,227315,S,,20180514,729.89,93257930,100,72989.0
2018-05-14 09:32:57.930,227983,226605,S,,20180514,729.7,93257930,100,72970.0
2018-05-14 09:32:57.930,227983,226910,S,,20180514,729.7,93257930,300,218910.0
2018-05-14 09:32:58.780,56415,228435,B,,20180514,729.95,93258780,100,72995.0
2018-05-14 09:32:58.780,102271,228435,B,,20180514,729.95,93258780,200,145990.0
2018-05-14 09:32:58.880,228514,226910,S,,20180514,729.7,93258880,300,218910.0
2018-05-14 09:32:59.360,228760,226910,S,,20180514,729.7,93259360,100,72970.0
2018-05-14 09:32:59.410,97906,228782,B,,20180514,729.97,93259410,100,72997.0
2018-05-14 09:32:59.410,53522,228782,B,,20180514,729.98,93259410,100,72998.0
2018-05-14 09:32:59.410,87901,228782,B,,20180514,729.98,93259410,100,72998.0
2018-05-14 09:32:59.410,99784,228783,B,,20180514,729.98,93259410,100,72998.0
2018-05-14 09:32:59.860,228973,228837,S,,20180514,729.95,93259860,200,145990.0
2018-05-14 09:32:59.860,228973,228939,S,,20180514,729.95,93259860,100,72995.0
2018-05-14 09:32:59.860,228973,228946,S,,20180514,729.94,93259860,100,72994.0
2018-05-14 09:32:59.860,228973,226910,S,,20180514,729.7,93259860,600,437820.0
2018-05-14 09:33:00.430,229236,226910,S,,20180514,729.7,93300430,1100,802670.0
2018-05-14 09:33:00.480,229262,226910,S,,20180514,729.7,93300480,500,364850.0
2018-05-14 09:33:00.900,229513,226910,S,,20180514,729.7,93300900,200,145940.0
2018-05-14 09:33:01.000,229059,229554,B,,20180514,729.94,93301000,100,72994.0
2018-05-14 09:33:01.660,229878,229814,S,,20180514,729.89,93301660,100,72989.0
2018-05-14 09:33:01.760,206132,229959,B,,20180514,729.98,93301760,100,72998.0
2018-05-14 09:33:02.070,230113,226910,S,,20180514,729.7,93302070,100,72970.0
2018-05-14 09:33:02.380,44860,230306,B,,20180514,729.99,93302380,100,72999.0
2018-05-14 09:33:02.710,230459,230157,S,,20180514,729.98,93302710,100,72998.0
2018-05-14 09:33:02.740,90456,230472,B,,20180514,729.99,93302740,100,72999.0
2018-05-14 09:33:02.820,134175,230518,B,,20180514,729.99,93302820,100,72999.0
2018-05-14 09:33:02.820,135949,230518,B,,20180514,729.99,93302820,100,72999.0
2018-05-14 09:33:02.820,184461,230518,B,,20180514,729.99,93302820,100,72999.0
2018-05-14 09:33:02.820,186793,230518,B,,20180514,729.99,93302820,600,437994.0
2018-05-14 09:33:02.820,203246,230518,B,,20180514,729.99,93302820,100,72999.0
2018-05-14 09:33:02.820,223476,230518,B,,20180514,729.99,93302820,100,72999.0
2018-05-14 09:33:02.820,224564,230518,B,,20180514,729.99,93302820,100,72999.0
2018-05-14 09:33:02.820,229993,230518,B,,20180514,729.99,93302820,200,145998.0
2018-05-14 09:33:02.820,230524,230361,S,,20180514,729.98,93302820,100,72998.0
2018-05-14 09:33:02.890,229993,230549,B,,20180514,729.99,93302890,200,145998.0
2018-05-14 09:33:03.090,4928,230620,B,,20180514,730.0,93303090,100,73000.0
2018-05-14 09:33:03.090,8009,230620,B,,20180514,730.0,93303090,100,73000.0
2018-05-14 09:33:03.090,8094,230620,B,,20180514,730.0,93303090,200,146000.0
2018-05-14 09:33:03.490,8094,230815,B,,20180514,730.0,93303490,300,219000.0
2018-05-14 09:33:03.910,8244,231011,B,,20180514,730.0,93303910,100,73000.0
2018-05-14 09:33:04.810,231192,231466,B,,20180514,729.99,93304810,100,72999.0
2018-05-14 09:33:04.890,231474,231519,B,,20180514,729.89,93304890,100,72989.0
2018-05-14 09:33:04.990,231578,231519,S,,20180514,729.97,93304990,100,72997.0
2018-05-14 09:33:05.210,231703,231519,S,,20180514,729.97,93305210,100,72997.0
2018-05-14 09:33:05.640,231892,231853,S,,20180514,729.99,93305640,100,72999.0
2018-05-14 09:33:06.040,232092,231912,S,,20180514,729.99,93306040,100,72999.0
2018-05-14 09:33:07.510,232292,232782,B,,20180514,729.99,93307510,100,72999.0
2018-05-14 09:33:07.510,232648,232782,B,,20180514,729.99,93307510,100,72999.0
2018-05-14 09:33:07.510,10622,232782,B,,20180514,730.0,93307510,200,146000.0
2018-05-14 09:33:07.550,10622,232807,B,,20180514,730.0,93307550,300,219000.0
2018-05-14 09:33:07.550,12337,232807,B,,20180514,730.0,93307550,200,146000.0
2018-05-14 09:33:07.550,12474,232807,B,,20180514,730.0,93307550,100,73000.0
2018-05-14 09:33:07.550,13040,232807,B,,20180514,730.0,93307550,100,73000.0
2018-05-14 09:33:07.550,19702,232807,B,,20180514,730.0,93307550,100,73000.0
2018-05-14 09:33:07.550,20744,232807,B,,20180514,730.0,93307550,600,438000.0
2018-05-14 09:33:07.550,23929,232807,B,,20180514,730.0,93307550,200,146000.0
2018-05-14 09:33:08.090,233092,233052,S,,20180514,729.99,93308090,100,72999.0
2018-05-14 09:33:08.790,23929,233449,B,,20180514,730.0,93308790,400,292000.0
2018-05-14 09:33:08.790,25793,233449,B,,20180514,730.0,93308790,500,365000.0
2018-05-14 09:33:08.790,25801,233449,B,,20180514,730.0,93308790,3000,2190000.0
2018-05-14 09:33:08.790,27793,233449,B,,20180514,730.0,93308790,100,73000.0
2018-05-14 09:33:08.790,30101,233449,B,,20180514,730.0,93308790,1100,803000.0
2018-05-14 09:33:08.790,30984,233449,B,,20180514,730.0,93308790,100,73000.0
2018-05-14 09:33:08.790,34608,233449,B,,20180514,730.0,93308790,100,73000.0
2018-05-14 09:33:08.790,36195,233449,B,,20180514,730.0,93308790,100,73000.0
2018-05-14 09:33:08.790,40402,233449,B,,20180514,730.0,93308790,100,73000.0
2018-05-14 09:33:08.790,44458,233449,B,,20180514,730.0,93308790,100,73000.0
2018-05-14 09:33:08.790,52170,233449,B,,20180514,730.0,93308790,100,73000.0
2018-05-14 09:33:08.790,55024,233449,B,,20180514,730.0,93308790,1000,730000.0
2018-05-14 09:33:08.790,57695,233449,B,,20180514,730.0,93308790,500,365000.0
2018-05-14 09:33:08.790,57999,233449,B,,20180514,730.0,93308790,500,365000.0
2018-05-14 09:33:08.790,58888,233449,B,,20180514,730.0,93308790,100,73000.0
2018-05-14 09:33:08.790,59363,233449,B,,20180514,730.0,93308790,500,365000.0
2018-05-14 09:33:08.790,63438,233449,B,,20180514,730.0,93308790,100,73000.0
2018-05-14 09:33:08.790,65976,233449,B,,20180514,730.0,93308790,1000,730000.0
2018-05-14 09:33:08.790,73958,233449,B,,20180514,730.0,93308790,100,73000.0
2018-05-14 09:33:08.790,81779,233449,B,,20180514,730.0,93308790,100,73000.0
2018-05-14 09:33:08.790,82047,233449,B,,20180514,730.0,93308790,500,365000.0
2018-05-14 09:33:08.790,86118,233449,B,,20180514,730.0,93308790,100,73000.0
2018-05-14 09:33:08.790,89216,233449,B,,20180514,730.0,93308790,100,73000.0
2018-05-14 09:33:08.790,92475,233449,B,,20180514,730.0,93308790,100,73000.0
2018-05-14 09:33:08.790,93283,233449,B,,20180514,730.0,93308790,100,73000.0
2018-05-14 09:33:08.790,100788,233449,B,,20180514,730.0,93308790,100,73000.0
2018-05-14 09:33:08.790,101002,233449,B,,20180514,730.0,93308790,100,73000.0
2018-05-14 09:33:08.790,102388,233449,B,,20180514,730.0,93308790,100,73000.0
2018-05-14 09:33:08.790,104200,233449,B,,20180514,730.0,93308790,100,73000.0
2018-05-14 09:33:08.790,109050,233449,B,,20180514,730.0,93308790,100,73000.0
2018-05-14 09:33:08.790,117360,233449,B,,20180514,730.0,93308790,200,146000.0
2018-05-14 09:33:08.790,118301,233449,B,,20180514,730.0,93308790,100,73000.0
2018-05-14 09:33:08.790,120514,233449,B,,20180514,730.0,93308790,200,146000.0
2018-05-14 09:33:08.790,123781,233449,B,,20180514,730.0,93308790,100,73000.0
2018-05-14 09:33:08.790,124481,233449,B,,20180514,730.0,93308790,100,73000.0
2018-05-14 09:33:08.790,124976,233449,B,,20180514,730.0,93308790,100,73000.0
2018-05-14 09:33:08.790,134904,233449,B,,20180514,730.0,93308790,100,73000.0
2018-05-14 09:33:08.790,153235,233449,B,,20180514,730.0,93308790,100,73000.0
2018-05-14 09:33:08.790,154985,233449,B,,20180514,730.0,93308790,200,146000.0
2018-05-14 09:33:08.790,157118,233449,B,,20180514,730.0,93308790,100,73000.0
2018-05-14 09:33:08.790,160610,233449,B,,20180514,730.0,93308790,200,146000.0
2018-05-14 09:33:08.840,163948,233478,B,,20180514,730.0,93308840,100,73000.0
2018-05-14 09:33:09.250,233634,233052,S,,20180514,729.99,93309250,100,72999.0
2018-05-14 09:33:09.580,168300,233770,B,,20180514,730.0,93309580,100,73000.0
2018-05-14 09:33:09.580,173266,233770,B,,20180514,730.0,93309580,100,73000.0
2018-05-14 09:33:09.580,183699,233770,B,,20180514,730.0,93309580,100,73000.0
2018-05-14 09:33:09.580,188125,233770,B,,20180514,730.0,93309580,100,73000.0
2018-05-14 09:33:09.580,188862,233770,B,,20180514,730.0,93309580,100,73000.0
2018-05-14 09:33:09.580,190476,233770,B,,20180514,730.0,93309580,100,73000.0
2018-05-14 09:33:09.580,201316,233770,B,,20180514,730.0,93309580,100,73000.0
2018-05-14 09:33:09.580,204442,233770,B,,20180514,730.0,93309580,100,73000.0
2018-05-14 09:33:09.580,207109,233770,B,,20180514,730.0,93309580,100,73000.0
2018-05-14 09:33:09.580,211102,233770,B,,20180514,730.0,93309580,100,73000.0
2018-05-14 09:33:09.580,212082,233770,B,,20180514,730.0,93309580,8700,6351000.0
2018-05-14 09:33:09.950,212082,233930,B,,20180514,730.0,93309950,500,365000.0
2018-05-14 09:33:10.570,234155,234040,S,,20180514,729.99,93310570,100,72999.0
2018-05-14 09:33:10.720,212082,234212,B,,20180514,730.0,93310720,200,146000.0
2018-05-14 09:33:10.740,212082,234223,B,,20180514,730.0,93310740,100,73000.0
2018-05-14 09:33:10.800,212082,234250,B,,20180514,730.0,93310800,200,146000.0
2018-05-14 09:33:10.800,212082,234255,B,,20180514,730.0,93310800,200,146000.0
2018-05-14 09:33:10.800,212082,234258,B,,20180514,730.0,93310800,300,219000.0
2018-05-14 09:33:10.800,212082,234262,B,,20180514,730.0,93310800,100,73000.0
2018-05-14 09:33:10.820,212082,234266,B,,20180514,730.0,93310820,100,73000.0
2018-05-14 09:33:10.820,223660,234266,B,,20180514,730.0,93310820,100,73000.0
2018-05-14 09:33:10.820,223962,234274,B,,20180514,730.0,93310820,100,73000.0
2018-05-14 09:33:10.820,225249,234274,B,,20180514,730.0,93310820,100,73000.0
2018-05-14 09:33:10.820,226467,234274,B,,20180514,730.0,93310820,200,146000.0
2018-05-14 09:33:10.850,226467,234283,B,,20180514,730.0,93310850,200,146000.0
2018-05-14 09:33:10.870,229073,234297,B,,20180514,730.0,93310870,300,219000.0
2018-05-14 09:33:10.920,229073,234331,B,,20180514,730.0,93310920,200,146000.0
2018-05-14 09:33:10.920,229073,234332,B,,20180514,730.0,93310920,100,73000.0
2018-05-14 09:33:10.990,229073,234365,B,,20180514,730.0,93310990,100,73000.0
2018-05-14 09:33:10.990,231160,234365,B,,20180514,730.0,93310990,100,73000.0
2018-05-14 09:33:11.020,234371,234379,B,,20180514,729.99,93311020,100,72999.0
2018-05-14 09:33:11.070,234394,232025,S,,20180514,729.98,93311070,100,72998.0
2018-05-14 09:33:11.170,231160,234471,B,,20180514,730.0,93311170,100,73000.0
2018-05-14 09:33:11.380,231160,234570,B,,20180514,730.0,93311380,200,146000.0
2018-05-14 09:33:11.430,231160,234598,B,,20180514,730.0,93311430,100,73000.0
2018-05-14 09:33:11.430,231160,234599,B,,20180514,730.0,93311430,400,292000.0
2018-05-14 09:33:11.510,234629,234045,S,,20180514,729.98,93311510,100,72998.0
2018-05-14 09:33:11.620,231160,234687,B,,20180514,730.0,93311620,200,146000.0
2018-05-14 09:33:11.750,231160,234752,B,,20180514,730.0,93311750,100,73000.0
2018-05-14 09:33:11.880,234810,234783,S,,20180514,729.99,93311880,100,72999.0
2018-05-14 09:33:12.080,234898,234643,S,,20180514,729.98,93312080,100,72998.0
2018-05-14 09:33:12.330,234927,235001,B,,20180514,729.99,93312330,100,72999.0
2018-05-14 09:33:12.330,231160,235001,B,,20180514,730.0,93312330,100,73000.0
2018-05-14 09:33:12.890,235246,235109,S,,20180514,729.99,93312890,100,72999.0
2018-05-14 09:33:12.920,231160,235263,B,,20180514,730.0,93312920,800,584000.0
2018-05-14 09:33:12.920,234973,235263,B,,20180514,730.0,93312920,100,73000.0
2018-05-14 09:33:13.300,235439,235263,S,,20180514,730.0,93313300,100,73000.0
2018-05-14 09:33:13.510,235531,235263,S,,20180514,730.0,93313510,100,73000.0
2018-05-14 09:33:13.600,132680,235564,B,,20180514,730.06,93313600,100,73006.0
2018-05-14 09:33:13.600,231002,235564,B,,20180514,730.2,93313600,200,146040.0
2018-05-14 09:33:13.600,129915,235564,B,,20180514,730.28,93313600,100,73028.0
2018-05-14 09:33:13.600,113608,235564,B,,20180514,730.3,93313600,100,73030.0
2018-05-14 09:33:13.600,214968,235564,B,,20180514,730.3,93313600,100,73030.0
2018-05-14 09:33:13.600,83086,235564,B,,20180514,730.33,93313600,100,73033.0
2018-05-14 09:33:13.850,235692,235645,S,,20180514,730.06,93313850,100,73006.0
2018-05-14 09:33:13.850,235692,235646,S,,20180514,730.06,93313850,100,73006.0
2018-05-14 09:33:14.100,235822,235801,S,,20180514,730.02,93314100,100,73002.0
2018-05-14 09:33:14.100,235822,235263,S,,20180514,730.0,93314100,100,73000.0
2018-05-14 09:33:14.160,83086,235844,B,,20180514,730.33,93314160,400,292132.0
2018-05-14 09:33:14.790,236141,235844,S,,20180514,730.33,93314790,100,73033.0
2018-05-14 09:33:14.790,236141,235960,S,,20180514,730.09,93314790,100,73009.0
2018-05-14 09:33:14.790,236141,235959,S,,20180514,730.06,93314790,100,73006.0
2018-05-14 09:33:14.910,236170,236144,S,,20180514,730.09,93314910,100,73009.0
2018-05-14 09:33:14.960,236211,236144,S,,20180514,730.09,93314960,100,73009.0
2018-05-14 09:33:14.960,236211,236201,S,,20180514,730.01,93314960,100,73001.0
2018-05-14 09:33:15.100,236272,235263,S,,20180514,730.0,93315100,100,73000.0
2018-05-14 09:33:15.790,236577,236335,S,,20180514,730.06,93315790,100,73006.0
2018-05-14 09:33:15.790,236579,235270,S,,20180514,730.0,93315790,50,36500.0
2018-05-14 09:33:16.050,236733,236605,S,,20180514,730.06,93316050,200,146012.0
2018-05-14 09:33:16.430,236913,236605,S,,20180514,730.06,93316430,100,73006.0
2018-05-14 09:33:16.500,236956,236605,S,,20180514,730.06,93316500,100,73006.0
2018-05-14 09:33:16.740,164517,237055,B,,20180514,730.35,93316740,200,146070.0
2018-05-14 09:33:17.020,237220,237103,S,,20180514,730.35,93317020,100,73035.0
2018-05-14 09:33:17.070,237238,237103,S,,20180514,730.35,93317070,100,73035.0
2018-05-14 09:33:17.070,237238,236605,S,,20180514,730.06,93317070,100,73006.0
2018-05-14 09:33:17.070,237238,237066,S,,20180514,730.05,93317070,100,73005.0
2018-05-14 09:33:17.360,237392,237274,S,,20180514,730.2,93317360,100,73020.0
2018-05-14 09:33:17.360,49,237394,B,,20180514,730.36,93317360,200,146072.0
2018-05-14 09:33:17.490,237454,237274,S,,20180514,730.2,93317490,100,73020.0
2018-05-14 09:33:17.730,237587,237366,S,,20180514,730.06,93317730,100,73006.0
2018-05-14 09:33:17.760,237618,237508,S,,20180514,730.06,93317760,100,73006.0
2018-05-14 09:33:17.760,237618,237066,S,,20180514,730.05,93317760,100,73005.0
2018-05-14 09:33:17.970,237711,237687,S,,20180514,730.06,93317970,100,73006.0
2018-05-14 09:33:18.320,237823,237874,B,,20180514,730.35,93318320,100,73035.0
2018-05-14 09:33:18.540,237979,237874,S,,20180514,730.35,93318540,100,73035.0
2018-05-14 09:33:19.070,238251,238109,S,,20180514,730.35,93319070,100,73035.0
2018-05-14 09:33:19.590,238494,238107,S,,20180514,730.06,93319590,100,73006.0
2018-05-14 09:33:19.620,49,238513,B,,20180514,730.36,93319620,500,365180.0
2018-05-14 09:33:20.010,627,238727,B,,20180514,730.38,93320010,700,511266.0
2018-05-14 09:33:20.010,195074,238727,B,,20180514,730.43,93320010,100,73043.0
2018-05-14 09:33:20.010,50429,238727,B,,20180514,730.48,93320010,100,73048.0
2018-05-14 09:33:20.010,37234,238727,B,,20180514,730.5,93320010,100,73050.0
2018-05-14 09:33:20.010,56987,238727,B,,20180514,730.5,93320010,100,73050.0
2018-05-14 09:33:20.010,120080,238727,B,,20180514,730.5,93320010,100,73050.0
2018-05-14 09:33:20.010,238039,238727,B,,20180514,730.5,93320010,100,73050.0
2018-05-14 09:33:20.600,239031,238727,S,,20180514,730.5,93320600,100,73050.0
2018-05-14 09:33:20.790,239109,238727,S,,20180514,730.5,93320790,100,73050.0
2018-05-14 09:33:20.870,239144,238727,S,,20180514,730.5,93320870,100,73050.0
2018-05-14 09:33:21.450,239384,238727,S,,20180514,730.5,93321450,200,146100.0
2018-05-14 09:33:21.540,7199,239413,B,,20180514,730.58,93321540,100,73058.0
2018-05-14 09:33:21.850,239562,238727,S,,20180514,730.5,93321850,500,365250.0
2018-05-14 09:33:22.810,83654,239993,B,,20180514,730.66,93322810,500,365330.0
2018-05-14 09:33:23.370,240350,240334,S,,20180514,730.69,93323370,100,73069.0
2018-05-14 09:33:23.370,240354,240334,S,,20180514,730.69,93323370,300,219207.00000000003
2018-05-14 09:33:23.370,240354,240063,S,,20180514,730.66,93323370,500,365330.0
2018-05-14 09:33:23.720,240524,240079,S,,20180514,730.66,93323720,100,73066.0
2018-05-14 09:33:23.720,240524,240132,S,,20180514,730.66,93323720,100,73066.0
2018-05-14 09:33:24.390,240818,240148,S,,20180514,730.66,93324390,100,73066.0
2018-05-14 09:33:24.870,240681,241048,B,,20180514,730.68,93324870,500,365340.0
2018-05-14 09:33:25.030,240681,241115,B,,20180514,730.68,93325030,100,73068.0
2018-05-14 09:33:25.900,208904,241544,B,,20180514,730.7,93325900,100,73070.0
2018-05-14 09:33:26.500,241882,241780,S,,20180514,730.73,93326500,100,73073.0
2018-05-14 09:33:26.830,242032,241922,S,,20180514,730.7,93326830,100,73070.0
2018-05-14 09:33:27.130,242164,241922,S,,20180514,730.7,93327130,300,219210.0
2018-05-14 09:33:27.130,242164,242119,S,,20180514,730.7,93327130,100,73070.0
2018-05-14 09:33:27.530,242312,241115,S,,20180514,730.68,93327530,100,73068.0
2018-05-14 09:33:27.640,242365,241115,S,,20180514,730.68,93327640,100,73068.0
2018-05-14 09:33:27.670,242377,241987,S,,20180514,730.68,93327670,100,73068.0
2018-05-14 09:33:28.580,135154,242844,B,,20180514,730.8,93328580,100,73080.0
2018-05-14 09:33:28.580,233441,242844,B,,20180514,730.88,93328580,100,73088.0
2018-05-14 09:33:28.580,226708,242844,B,,20180514,730.95,93328580,200,146190.0
2018-05-14 09:33:29.210,243221,243164,S,,20180514,730.9,93329210,100,73090.0
2018-05-14 09:33:29.780,243465,243412,S,,20180514,730.88,93329780,100,73088.0
2018-05-14 09:33:29.780,243465,243085,S,,20180514,730.8,93329780,100,73080.0
2018-05-14 09:33:29.780,243465,243309,S,,20180514,730.68,93329780,100,73068.0
2018-05-14 09:33:29.780,243465,241341,S,,20180514,730.67,93329780,600,438402.0
2018-05-14 09:33:30.010,243580,243477,S,,20180514,730.8,93330010,100,73080.0
2018-05-14 09:33:30.340,243713,241341,S,,20180514,730.67,93330340,200,146134.0
2018-05-14 09:33:30.340,243713,242942,S,,20180514,730.67,93330340,300,219201.0
2018-05-14 09:33:30.530,243713,243802,B,,20180514,730.67,93330530,100,73067.0
2018-05-14 09:33:30.620,243851,241343,S,,20180514,730.66,93330620,100,73066.0
2018-05-14 09:33:30.780,243713,243936,B,,20180514,730.67,93330780,100,73067.0
2018-05-14 09:33:30.780,243713,243940,B,,20180514,730.67,93330780,200,146134.0
2018-05-14 09:33:31.680,244376,243940,S,,20180514,730.67,93331680,100,73067.0
2018-05-14 09:33:31.680,244376,244293,S,,20180514,730.67,93331680,100,73067.0
2018-05-14 09:33:31.730,244394,244293,S,,20180514,730.67,93331730,100,73067.0
2018-05-14 09:33:31.970,243988,244508,B,,20180514,730.7,93331970,100,73070.0
2018-05-14 09:33:32.850,244933,244807,S,,20180514,730.9,93332850,100,73090.0
2018-05-14 09:33:33.300,245155,244835,S,,20180514,730.88,93333300,100,73088.0
2018-05-14 09:33:33.780,245409,245300,S,,20180514,730.8,93333780,100,73080.0
2018-05-14 09:33:33.960,245500,244955,S,,20180514,730.7,93333960,100,73070.0
2018-05-14 09:33:34.970,243287,246035,B,,20180514,730.98,93334970,500,365490.0
2018-05-14 09:33:34.970,244069,246035,B,,20180514,730.98,93334970,200,146196.0
2018-05-14 09:33:34.970,245301,246035,B,,20180514,730.98,93334970,300,219294.0
2018-05-14 09:33:35.650,245301,246365,B,,20180514,730.98,93335650,700,511686.0
2018-05-14 09:33:35.650,229586,246365,B,,20180514,730.99,93335650,2000,1461980.0
2018-05-14 09:33:35.650,240398,246365,B,,20180514,730.99,93335650,100,73099.0
2018-05-14 09:33:35.650,10035,246365,B,,20180514,731.0,93335650,100,73100.0
2018-05-14 09:33:35.650,20445,246365,B,,20180514,731.0,93335650,100,73100.0
2018-05-14 09:33:35.650,22733,246365,B,,20180514,731.0,93335650,300,219300.0
2018-05-14 09:33:35.840,246478,245699,S,,20180514,730.7,93335840,100,73070.0
2018-05-14 09:33:35.840,246478,246162,S,,20180514,730.7,93335840,200,146140.0
2018-05-14 09:33:35.840,246478,246238,S,,20180514,730.7,93335840,100,73070.0
2018-05-14 09:33:35.840,246478,246242,S,,20180514,730.68,93335840,100,73068.0
2018-05-14 09:33:36.120,22733,246599,B,,20180514,731.0,93336120,200,146200.0
2018-05-14 09:33:36.120,64941,246599,B,,20180514,731.0,93336120,100,73100.0
2018-05-14 09:33:36.120,84109,246599,B,,20180514,731.0,93336120,500,365500.0
2018-05-14 09:33:36.120,135476,246599,B,,20180514,731.0,93336120,100,73100.0
2018-05-14 09:33:36.120,135785,246599,B,,20180514,731.0,93336120,100,73100.0
2018-05-14 09:33:36.120,192696,246599,B,,20180514,731.0,93336120,200,146200.0
2018-05-14 09:33:36.120,208325,246599,B,,20180514,731.0,93336120,100,73100.0
2018-05-14 09:33:36.120,224083,246599,B,,20180514,731.0,93336120,100,73100.0
2018-05-14 09:33:36.120,227868,246599,B,,20180514,731.0,93336120,100,73100.0
2018-05-14 09:33:36.120,228335,246599,B,,20180514,731.0,93336120,200,146200.0
2018-05-14 09:33:36.120,242314,246599,B,,20180514,731.0,93336120,100,73100.0
2018-05-14 09:33:36.120,245323,246599,B,,20180514,731.0,93336120,100,73100.0
2018-05-14 09:33:36.120,245703,246599,B,,20180514,731.0,93336120,100,73100.0
2018-05-14 09:33:36.120,246548,246599,B,,20180514,731.0,93336120,100,73100.0
2018-05-14 09:33:36.330,246708,246599,S,,20180514,731.0,93336330,100,73100.0
2018-05-14 09:33:36.710,246878,246599,S,,20180514,731.0,93336710,1000,731000.0
2018-05-14 09:33:37.340,247184,246599,S,,20180514,731.0,93337340,100,73100.0
2018-05-14 09:33:37.540,17615,247265,B,,20180514,731.26,93337540,100,73126.0
2018-05-14 09:33:37.540,145151,247265,B,,20180514,731.29,93337540,100,73129.0
2018-05-14 09:33:37.610,247308,247263,S,,20180514,731.13,93337610,100,73113.0
2018-05-14 09:33:38.760,84878,247917,B,,20180514,731.33,93338760,500,365665.0
2018-05-14 09:33:39.150,248110,247878,S,,20180514,731.29,93339150,100,73129.0
2018-05-14 09:33:39.170,248118,247550,S,,20180514,731.26,93339170,100,73126.0
2018-05-14 09:33:39.380,248205,248019,S,,20180514,731.25,93339380,100,73125.0
2018-05-14 09:33:40.030,248493,248019,S,,20180514,731.25,93340030,100,73125.0
2018-05-14 09:33:40.550,248723,248019,S,,20180514,731.25,93340550,100,73125.0
2018-05-14 09:33:40.650,248568,248771,B,,20180514,731.26,93340650,100,73126.0
2018-05-14 09:33:40.680,248796,248019,S,,20180514,731.25,93340680,100,73125.0
2018-05-14 09:33:40.720,248568,248831,B,,20180514,731.26,93340720,100,73126.0
2018-05-14 09:33:40.720,248851,248019,S,,20180514,731.25,93340720,100,73125.0
2018-05-14 09:33:40.720,248851,248322,S,,20180514,731.16,93340720,300,219348.0
2018-05-14 09:33:40.800,248568,248923,B,,20180514,731.26,93340800,100,73126.0
2018-05-14 09:33:41.000,248568,249034,B,,20180514,731.26,93341000,100,73126.0
2018-05-14 09:33:41.540,249319,247263,S,,20180514,731.13,93341540,800,584904.0
2018-05-14 09:33:41.540,249319,246599,S,,20180514,731.0,93341540,200,146200.0
2018-05-14 09:33:41.680,248568,249386,B,,20180514,731.26,93341680,100,73126.0
2018-05-14 09:33:41.680,12689,249386,B,,20180514,731.4,93341680,100,73140.0
2018-05-14 09:33:43.500,238008,250174,B,,20180514,731.43,93343500,100,73143.0
2018-05-14 09:33:43.580,250215,250175,S,,20180514,731.41,93343580,100,73141.0
2018-05-14 09:33:44.870,250927,250811,S,,20180514,731.46,93344870,100,73146.0
2018-05-14 09:33:44.870,135174,250934,B,,20180514,731.5,93344870,100,73150.0
2018-05-14 09:33:45.910,251459,250351,S,,20180514,731.43,93345910,100,73143.0
2018-05-14 09:33:47.650,252293,251828,S,,20180514,731.43,93347650,100,73143.0
2018-05-14 09:33:47.940,250974,252422,B,,20180514,731.48,93347940,100,73148.0
2018-05-14 09:33:48.240,136217,252553,B,,20180514,731.56,93348240,300,219467.99999999997
2018-05-14 09:33:49.320,136217,253088,B,,20180514,731.56,93349320,100,73156.0
2018-05-14 09:33:49.490,136217,253165,B,,20180514,731.56,93349490,600,438935.99999999994
2018-05-14 09:33:49.560,253197,253165,S,,20180514,731.56,93349560,100,73156.0
2018-05-14 09:33:49.560,253197,253166,S,,20180514,731.49,93349560,100,73149.0
2018-05-14 09:33:49.950,253409,253309,S,,20180514,731.56,93349950,100,73156.0
2018-05-14 09:33:50.020,253443,253309,S,,20180514,731.56,93350020,100,73156.0
2018-05-14 09:33:50.180,253534,253309,S,,20180514,731.56,93350180,100,73156.0
2018-05-14 09:33:50.480,715,253680,B,,20180514,731.66,93350480,100,73166.0
2018-05-14 09:33:50.960,85345,253854,B,,20180514,731.66,93350960,100,73166.0
