,AskOrder,BidOrder,BSFlags,FunctionCode,Date,Price,Time,Volume,Amount
2018-05-21 09:24:58.470,68633,85611,B,,20180521,744.0,92458470,100,74400.0
2018-05-21 09:24:58.470,76582,86820,B,,20180521,744.0,92458470,100,74400.0
2018-05-21 09:24:58.470,3710,90739,B,,20180521,744.0,92458470,100,74400.0
2018-05-21 09:24:58.470,3710,30679,B,,20180521,744.0,92458470,700,520800.0
2018-05-21 09:24:58.470,3710,90200,B,,20180521,744.0,92458470,100,74400.0
2018-05-21 09:24:58.470,3710,102281,B,,20180521,744.0,92458470,700,520800.0
2018-05-21 09:24:58.470,3710,105739,B,,20180521,744.0,92458470,600,446400.0
2018-05-21 09:24:58.470,3710,110798,B,,20180521,744.0,92458470,600,446400.0
2018-05-21 09:24:58.470,3710,72401,B,,20180521,744.0,92458470,200,148800.0
2018-05-21 09:24:58.470,96745,72401,S,,20180521,744.0,92458470,100,74400.0
2018-05-21 09:24:58.470,96745,92419,S,,20180521,744.0,92458470,200,148800.0
2018-05-21 09:24:58.470,96745,63243,S,,20180521,744.0,92458470,200,148800.0
2018-05-21 09:24:58.470,96745,111327,B,,20180521,744.0,92458470,400,297600.0
2018-05-21 09:24:58.470,96745,111328,B,,20180521,744.0,92458470,100,74400.0
2018-05-21 09:24:58.470,51670,111328,B,,20180521,744.0,92458470,100,74400.0
2018-05-21 09:24:58.470,85417,111328,B,,20180521,744.0,92458470,100,74400.0
2018-05-21 09:24:58.470,100153,111328,B,,20180521,744.0,92458470,100,74400.0
2018-05-21 09:24:58.470,109336,111328,B,,20180521,744.0,92458470,300,223200.0
2018-05-21 09:24:58.470,109336,106467,S,,20180521,744.0,92458470,200,148800.0
2018-05-21 09:24:58.470,109336,66217,S,,20180521,744.0,92458470,100,74400.0
2018-05-21 09:24:58.470,109336,81637,S,,20180521,744.0,92458470,100,74400.0
2018-05-21 09:24:58.470,109336,83126,S,,20180521,744.0,92458470,300,223200.0
2018-05-21 09:24:58.470,109336,84637,S,,20180521,744.0,92458470,100,74400.0
2018-05-21 09:24:58.470,109336,88693,S,,20180521,744.0,92458470,100,74400.0
2018-05-21 09:24:58.470,109336,89726,S,,20180521,744.0,92458470,100,74400.0
2018-05-21 09:24:58.470,109336,95507,S,,20180521,744.0,92458470,100,74400.0
2018-05-21 09:24:58.470,109336,97281,S,,20180521,744.0,92458470,100,74400.0
2018-05-21 09:24:58.470,109336,98220,S,,20180521,744.0,92458470,100,74400.0
2018-05-21 09:24:58.470,109336,100504,S,,20180521,744.0,92458470,100,74400.0
2018-05-21 09:24:58.470,109336,93738,S,,20180521,744.0,92458470,7500,5580000.0
2018-05-21 09:24:58.470,109336,103547,S,,20180521,744.0,92458470,200,148800.0
2018-05-21 09:24:58.470,109336,106910,S,,20180521,744.0,92458470,200,148800.0
2018-05-21 09:24:58.470,109336,110919,B,,20180521,744.0,92458470,2700,2008800.0
2018-05-21 09:24:58.470,109336,106121,S,,20180521,744.0,92458470,200,148800.0
2018-05-21 09:24:58.470,109336,106154,S,,20180521,744.0,92458470,100,74400.0
2018-05-21 09:24:58.470,109336,106982,S,,20180521,744.0,92458470,1400,1041600.0
2018-05-21 09:24:58.470,15940,106982,B,,20180521,744.0,92458470,2900,2157600.0
2018-05-21 09:24:58.470,806,106982,B,,20180521,744.0,92458470,100,74400.0
2018-05-21 09:24:58.470,20778,106982,B,,20180521,744.0,92458470,100,74400.0
2018-05-21 09:24:58.470,31984,106982,B,,20180521,744.0,92458470,100,74400.0
2018-05-21 09:24:58.470,69763,106982,B,,20180521,744.0,92458470,100,74400.0
2018-05-21 09:24:58.470,96091,106982,B,,20180521,744.0,92458470,100,74400.0
2018-05-21 09:24:58.470,81835,106982,B,,20180521,744.0,92458470,100,74400.0
2018-05-21 09:24:58.470,40485,106982,B,,20180521,744.0,92458470,100,74400.0
2018-05-21 09:24:58.470,77807,101736,B,,20180521,744.0,92458470,500,372000.0
2018-05-21 09:24:58.470,79910,101736,B,,20180521,744.0,92458470,100,74400.0
2018-05-21 09:24:58.470,3714,101736,B,,20180521,744.0,92458470,4400,3273600.0
2018-05-21 09:24:58.470,3714,107795,B,,20180521,744.0,92458470,600,446400.0
2018-05-21 09:24:58.470,83054,107795,B,,20180521,744.0,92458470,100,74400.0
2018-05-21 09:24:58.470,85787,107795,B,,20180521,744.0,92458470,200,148800.0
2018-05-21 09:24:58.470,90297,107795,B,,20180521,744.0,92458470,500,372000.0
2018-05-21 09:24:58.470,90661,107795,B,,20180521,744.0,92458470,100,74400.0
2018-05-21 09:24:58.470,92945,107795,B,,20180521,744.0,92458470,100,74400.0
2018-05-21 09:24:58.470,110715,107795,S,,20180521,744.0,92458470,200,148800.0
2018-05-21 09:24:58.470,53700,107795,B,,20180521,744.0,92458470,300,223200.0
2018-05-21 09:24:58.470,95095,107795,B,,20180521,744.0,92458470,100,74400.0
2018-05-21 09:24:58.470,82990,107795,B,,20180521,744.0,92458470,200,148800.0
2018-05-21 09:24:58.470,59026,107795,B,,20180521,744.0,92458470,100,74400.0
2018-05-21 09:24:58.470,108814,107795,S,,20180521,744.0,92458470,200,148800.0
2018-05-21 09:24:58.470,53699,107795,B,,20180521,744.0,92458470,600,446400.0
2018-05-21 09:24:58.470,84546,107795,B,,20180521,744.0,92458470,100,74400.0
2018-05-21 09:24:58.470,77841,107795,B,,20180521,744.0,92458470,100,74400.0
2018-05-21 09:24:58.470,109341,107795,S,,20180521,744.0,92458470,600,446400.0
2018-05-21 09:24:58.470,98641,107795,B,,20180521,744.0,92458470,100,74400.0
2018-05-21 09:24:58.470,68795,107795,B,,20180521,744.0,92458470,100,74400.0
2018-05-21 09:24:58.470,104271,107795,B,,20180521,744.0,92458470,100,74400.0
2018-05-21 09:24:58.470,111735,107795,S,,20180521,744.0,92458470,100,74400.0
2018-05-21 09:24:58.470,76638,107795,B,,20180521,744.0,92458470,100,74400.0
2018-05-21 09:24:58.470,96012,107795,B,,20180521,744.0,92458470,200,148800.0
2018-05-21 09:24:58.470,96012,102126,B,,20180521,744.0,92458470,100,74400.0
2018-05-21 09:24:58.470,96012,100235,B,,20180521,744.0,92458470,300,223200.0
2018-05-21 09:24:58.470,96012,105384,B,,20180521,744.0,92458470,100,74400.0
2018-05-21 09:24:58.470,96012,109335,B,,20180521,744.0,92458470,100,74400.0
2018-05-21 09:24:58.470,102962,109335,B,,20180521,744.0,92458470,400,297600.0
2018-05-21 09:24:58.470,102962,50543,S,,20180521,744.0,92458470,400,297600.0
2018-05-21 09:24:58.470,102962,78952,S,,20180521,744.0,92458470,200,148800.0
2018-05-21 09:24:58.470,105551,80899,S,,20180521,744.0,92458470,200,148800.0
2018-05-21 09:24:58.470,105551,84857,S,,20180521,744.0,92458470,700,520800.0
2018-05-21 09:24:58.470,105551,86788,S,,20180521,744.0,92458470,100,74400.0
2018-05-21 09:24:58.470,107308,86788,S,,20180521,744.0,92458470,1000,744000.0
2018-05-21 09:24:58.470,109674,86788,S,,20180521,744.0,92458470,100,74400.0
2018-05-21 09:24:58.470,109674,87798,S,,20180521,744.0,92458470,200,148800.0
2018-05-21 09:24:58.470,109674,92890,S,,20180521,744.0,92458470,300,223200.0
2018-05-21 09:24:58.470,109674,99439,S,,20180521,744.0,92458470,1400,1041600.0
2018-05-21 09:24:58.470,99669,99439,S,,20180521,744.0,92458470,100,74400.0
2018-05-21 09:24:58.470,108092,99439,S,,20180521,744.0,92458470,100,74400.0
2018-05-21 09:24:58.470,36416,99439,B,,20180521,744.0,92458470,600,446400.0
2018-05-21 09:24:58.470,21199,99439,B,,20180521,744.0,92458470,300,223200.0
2018-05-21 09:24:58.470,21199,105517,B,,20180521,744.0,92458470,3300,2455200.0
2018-05-21 09:24:58.470,21199,105518,B,,20180521,744.0,92458470,1400,1041600.0
2018-05-21 09:24:58.470,97809,105518,B,,20180521,744.0,92458470,500,372000.0
2018-05-21 09:24:58.470,61123,105518,B,,20180521,744.0,92458470,100,74400.0
2018-05-21 09:24:58.470,84975,105518,B,,20180521,744.0,92458470,100,74400.0
2018-05-21 09:24:58.470,27664,105518,B,,20180521,744.0,92458470,200,148800.0
2018-05-21 09:24:58.470,71053,105518,B,,20180521,744.0,92458470,200,148800.0
2018-05-21 09:24:58.470,97031,105518,B,,20180521,744.0,92458470,200,148800.0
2018-05-21 09:24:58.470,109545,105518,S,,20180521,744.0,92458470,500,372000.0
2018-05-21 09:24:58.470,110256,105518,S,,20180521,744.0,92458470,100,74400.0
2018-05-21 09:24:58.470,110729,105518,S,,20180521,744.0,92458470,3300,2455200.0
2018-05-21 09:24:58.470,110729,106468,S,,20180521,744.0,92458470,2000,1488000.0
2018-05-21 09:24:58.470,110729,106758,S,,20180521,744.0,92458470,1000,744000.0
2018-05-21 09:24:58.470,110729,108618,S,,20180521,744.0,92458470,200,148800.0
2018-05-21 09:24:58.470,110729,109217,S,,20180521,744.0,92458470,3200,2380800.0
2018-05-21 09:24:58.470,110729,109218,S,,20180521,744.0,92458470,300,223200.0
2018-05-21 09:24:58.470,111953,109218,S,,20180521,744.0,92458470,100,74400.0
2018-05-21 09:24:58.470,112760,109218,S,,20180521,744.0,92458470,500,372000.0
2018-05-21 09:24:58.470,31126,109218,B,,20180521,744.0,92458470,300,223200.0
2018-05-21 09:24:58.470,106347,109218,B,,20180521,744.0,92458470,100,74400.0
2018-05-21 09:24:58.470,106293,109218,B,,20180521,744.0,92458470,100,74400.0
2018-05-21 09:24:58.470,106904,109218,B,,20180521,744.0,92458470,100,74400.0
2018-05-21 09:24:58.470,61124,109218,B,,20180521,744.0,92458470,100,74400.0
2018-05-21 09:24:58.470,50058,109218,B,,20180521,744.0,92458470,100,74400.0
2018-05-21 09:24:58.470,79766,109218,B,,20180521,744.0,92458470,200,148800.0
2018-05-21 09:24:58.470,108171,109218,B,,20180521,744.0,92458470,100,74400.0
2018-05-21 09:24:58.470,111124,109218,S,,20180521,744.0,92458470,500,372000.0
2018-05-21 09:24:58.470,106166,109218,B,,20180521,744.0,92458470,200,148800.0
2018-05-21 09:24:58.470,97565,109218,B,,20180521,744.0,92458470,100,74400.0
2018-05-21 09:24:58.470,110419,109218,S,,20180521,744.0,92458470,100,74400.0
2018-05-21 09:24:58.470,105482,109218,B,,20180521,744.0,92458470,100,74400.0
2018-05-21 09:24:58.470,107119,109218,B,,20180521,744.0,92458470,100,74400.0
2018-05-21 09:24:58.470,110374,109218,S,,20180521,744.0,92458470,200,148800.0
2018-05-21 09:24:58.470,110894,109218,S,,20180521,744.0,92458470,100,74400.0
2018-05-21 09:24:58.470,3711,109218,B,,20180521,744.0,92458470,3300,2455200.0
2018-05-21 09:24:58.470,3711,110962,B,,20180521,744.0,92458470,1000,744000.0
2018-05-21 09:24:58.470,3711,92830,B,,20180521,744.0,92458470,100,74400.0
2018-05-21 09:24:58.470,3711,64806,B,,20180521,744.0,92458470,2600,1934400.0
2018-05-21 09:24:58.470,85586,64806,S,,20180521,744.0,92458470,100,74400.0
2018-05-21 09:24:58.470,103227,64806,S,,20180521,744.0,92458470,500,372000.0
2018-05-21 09:24:58.470,104450,111263,B,,20180521,744.0,92458470,100,74400.0
2018-05-21 09:24:58.470,104450,111564,B,,20180521,744.0,92458470,100,74400.0
2018-05-21 09:24:58.470,104976,111564,B,,20180521,744.0,92458470,400,297600.0
2018-05-21 09:24:58.470,106887,111564,B,,20180521,744.0,92458470,9500,7068000.0
2018-05-21 09:24:58.470,106887,110512,B,,20180521,744.0,92458470,300,223200.0
2018-05-21 09:24:58.470,106887,109955,B,,20180521,744.0,92458470,300,223200.0
2018-05-21 09:24:58.470,106887,110330,B,,20180521,744.0,92458470,300,223200.0
2018-05-21 09:24:58.470,106887,109975,B,,20180521,744.0,92458470,300,223200.0
2018-05-21 09:24:58.470,106887,91259,S,,20180521,744.0,92458470,2400,1785600.0
2018-05-21 09:24:58.470,106887,96828,S,,20180521,744.0,92458470,300,223200.0
2018-05-21 09:24:58.470,106887,101618,S,,20180521,744.0,92458470,200,148800.0
2018-05-21 09:24:58.470,106887,103147,S,,20180521,744.0,92458470,200,148800.0
2018-05-21 09:24:58.470,106887,106111,S,,20180521,744.0,92458470,1700,1264800.0
2018-05-21 09:24:58.470,106887,109946,B,,20180521,744.0,92458470,100,74400.0
2018-05-21 09:24:58.470,106887,110650,B,,20180521,744.0,92458470,200,148800.0
2018-05-21 09:29:58.030,106887,113021,B,,20180521,744.0,92958030,400,297600.0
2018-05-21 09:29:58.040,106887,113056,B,,20180521,744.0,92958040,10383,7724952.0
2018-05-21 09:29:58.040,107705,113056,B,,20180521,744.0,92958040,100,74400.0
2018-05-21 09:29:58.040,107746,113056,B,,20180521,744.0,92958040,500,372000.0
2018-05-21 09:29:58.040,107846,113056,B,,20180521,744.0,92958040,600,446400.0
2018-05-21 09:29:58.040,107965,113056,B,,20180521,744.0,92958040,300,223200.0
2018-05-21 09:29:58.040,110070,113056,B,,20180521,744.0,92958040,700,520800.0
2018-05-21 09:29:58.040,110164,113056,B,,20180521,744.0,92958040,100,74400.0
2018-05-21 09:29:58.040,108383,113056,B,,20180521,744.32,92958040,100,74432.0
2018-05-21 09:29:58.040,93340,113056,B,,20180521,744.44,92958040,100,74444.0
2018-05-21 09:29:58.040,54430,113056,B,,20180521,744.5,92958040,100,74450.0
2018-05-21 09:29:58.040,73488,113056,B,,20180521,744.53,92958040,100,74453.0
2018-05-21 09:29:58.040,75385,113056,B,,20180521,744.64,92958040,100,74464.0
2018-05-21 09:29:58.040,61892,113056,B,,20180521,744.74,92958040,100,74474.0
2018-05-21 09:29:58.040,63184,113056,B,,20180521,744.74,92958040,17,12660.58
2018-05-21 09:29:58.150,63184,113241,B,,20180521,744.74,92958150,83,61813.42
2018-05-21 09:29:58.150,55751,113241,B,,20180521,744.76,92958150,300,223428.0
2018-05-21 09:29:58.150,108600,113241,B,,20180521,744.76,92958150,200,148952.0
2018-05-21 09:29:58.150,31125,113241,B,,20180521,744.77,92958150,200,148954.0
2018-05-21 09:29:58.150,90790,113241,B,,20180521,744.87,92958150,100,74487.0
2018-05-21 09:29:58.150,35758,113241,B,,20180521,744.88,92958150,100,74488.0
2018-05-21 09:29:58.150,83956,113241,B,,20180521,744.89,92958150,100,74489.0
2018-05-21 09:29:58.150,84511,113241,B,,20180521,744.89,92958150,100,74489.0
2018-05-21 09:29:58.150,3098,113241,B,,20180521,744.9,92958150,100,74490.0
2018-05-21 09:29:58.150,56658,113241,B,,20180521,744.97,92958150,100,74497.0
2018-05-21 09:29:58.150,110571,113241,B,,20180521,744.97,92958150,100,74497.0
2018-05-21 09:29:58.150,14130,113241,B,,20180521,744.99,92958150,100,74499.0
2018-05-21 09:29:58.150,58382,113241,B,,20180521,744.99,92958150,100,74499.0
2018-05-21 09:29:58.150,105195,113241,B,,20180521,744.99,92958150,200,148998.0
2018-05-21 09:29:58.150,10072,113241,B,,20180521,745.0,92958150,700,521500.0
2018-05-21 09:29:58.150,10203,113241,B,,20180521,745.0,92958150,100,74500.0
2018-05-21 09:29:58.150,22011,113241,B,,20180521,745.0,92958150,500,372500.0
2018-05-21 09:29:58.150,22783,113241,B,,20180521,745.0,92958150,100,74500.0
2018-05-21 09:29:58.150,27663,113241,B,,20180521,745.0,92958150,200,149000.0
2018-05-21 09:29:58.150,31679,113241,B,,20180521,745.0,92958150,200,149000.0
2018-05-21 09:29:58.150,32242,113241,B,,20180521,745.0,92958150,300,223500.0
2018-05-21 09:29:58.150,37393,113241,B,,20180521,745.0,92958150,100,74500.0
2018-05-21 09:29:58.150,46023,113241,B,,20180521,745.0,92958150,2517,1875165.0
2018-05-21 09:29:58.270,113556,113070,S,,20180521,744.0,92958270,100,74400.0
2018-05-21 09:29:58.270,113616,113070,S,,20180521,744.0,92958270,3700,2752800.0
2018-05-21 09:29:58.500,115120,114160,S,,20180521,744.12,92958500,100,74412.0
2018-05-21 09:29:58.600,116448,113070,S,,20180521,744.0,92958600,100,74400.0
2018-05-21 09:29:58.600,116475,113070,S,,20180521,744.0,92958600,100,74400.0
2018-05-21 09:29:58.600,116506,113070,S,,20180521,744.0,92958600,100,74400.0
2018-05-21 09:29:58.650,116764,113070,S,,20180521,744.0,92958650,100,74400.0
2018-05-21 09:29:58.700,117859,113070,S,,20180521,744.0,92958700,100,74400.0
2018-05-21 09:29:58.700,117987,113070,S,,20180521,744.0,92958700,300,223200.0
2018-05-21 09:29:58.770,118925,113070,S,,20180521,744.0,92958770,100,74400.0
2018-05-21 09:29:58.830,119537,113070,S,,20180521,744.0,92958830,100,74400.0
2018-05-21 09:29:58.830,119703,113070,S,,20180521,744.0,92958830,200,148800.0
2018-05-21 09:29:58.830,119703,113581,S,,20180521,744.0,92958830,100,74400.0
2018-05-21 09:29:58.830,119703,113709,S,,20180521,744.0,92958830,200,148800.0
2018-05-21 09:29:58.830,114487,120110,B,,20180521,744.44,92958830,100,74444.0
2018-05-21 09:29:58.830,46023,120110,B,,20180521,745.0,92958830,5100,3799500.0
2018-05-21 09:29:58.960,121705,113709,S,,20180521,744.0,92958960,100,74400.0
2018-05-21 09:29:58.960,121764,113709,S,,20180521,744.0,92958960,100,74400.0
2018-05-21 09:29:58.960,121813,113709,S,,20180521,744.0,92958960,100,74400.0
2018-05-21 09:29:58.960,121867,113709,S,,20180521,744.0,92958960,800,595200.0
2018-05-21 09:29:58.960,121978,113709,S,,20180521,744.0,92958960,100,74400.0
2018-05-21 09:29:58.960,122085,113709,S,,20180521,744.0,92958960,11600,8630400.0
2018-05-21 09:29:58.960,122085,113776,S,,20180521,744.0,92958960,100,74400.0
2018-05-21 09:29:58.960,122085,114423,S,,20180521,744.0,92958960,3600,2678400.0
2018-05-21 09:29:58.960,122085,115380,S,,20180521,744.0,92958960,100,74400.0
2018-05-21 09:29:58.960,122085,115922,S,,20180521,744.0,92958960,200,148800.0
2018-05-21 09:29:58.960,122085,116159,S,,20180521,744.0,92958960,100,74400.0
2018-05-21 09:29:58.960,122085,120298,S,,20180521,744.0,92958960,100,74400.0
2018-05-21 09:29:58.960,122085,121174,S,,20180521,744.0,92958960,500,372000.0
2018-05-21 09:29:58.960,122085,121375,S,,20180521,744.0,92958960,100,74400.0
2018-05-21 09:29:58.960,122085,121617,S,,20180521,744.0,92958960,100,74400.0
2018-05-21 09:29:58.960,122085,122086,B,,20180521,744.0,92958960,100,74400.0
2018-05-21 09:29:58.960,122085,122111,B,,20180521,744.0,92958960,200,148800.0
2018-05-21 09:29:59.030,122085,122951,B,,20180521,744.0,92959030,4100,3050400.0
2018-05-21 09:29:59.030,123342,113333,S,,20180521,743.7,92959030,100,74370.0
2018-05-21 09:29:59.100,123375,123931,B,,20180521,743.96,92959100,100,74396.0
2018-05-21 09:29:59.100,122085,123931,B,,20180521,744.0,92959100,100,74400.0
2018-05-21 09:29:59.100,122085,124419,B,,20180521,744.0,92959100,100,74400.0
2018-05-21 09:29:59.170,122085,124860,B,,20180521,744.0,92959170,200,148800.0
2018-05-21 09:29:59.170,124958,113335,S,,20180521,743.7,92959170,100,74370.0
2018-05-21 09:29:59.170,124958,125004,B,,20180521,743.6,92959170,100,74360.0
2018-05-21 09:29:59.240,124958,125916,B,,20180521,743.6,92959240,100,74360.0
2018-05-21 09:29:59.320,124958,126595,B,,20180521,743.6,92959320,100,74360.0
2018-05-21 09:29:59.320,124958,126906,B,,20180521,743.6,92959320,100,74360.0
2018-05-21 09:29:59.320,126138,126906,B,,20180521,743.98,92959320,2000,1487960.0
2018-05-21 09:29:59.320,122085,126906,B,,20180521,744.0,92959320,3700,2752800.0
2018-05-21 09:29:59.320,126039,126906,B,,20180521,744.0,92959320,1000,744000.0
2018-05-21 09:29:59.320,127025,126906,S,,20180521,744.02,92959320,100,74402.0
2018-05-21 09:29:59.370,127298,126906,S,,20180521,744.02,92959370,100,74402.0
2018-05-21 09:29:59.370,127990,126906,S,,20180521,744.02,92959370,500,372010.0
2018-05-21 09:29:59.370,128113,126906,S,,20180521,744.02,92959370,100,74402.0
2018-05-21 09:29:59.430,128467,126906,S,,20180521,744.02,92959430,100,74402.0
2018-05-21 09:29:59.430,128547,126906,S,,20180521,744.02,92959430,1400,1041628.0
2018-05-21 09:29:59.480,129429,126906,S,,20180521,744.02,92959480,100,74402.0
2018-05-21 09:29:59.550,130608,126906,S,,20180521,744.02,92959550,100,74402.0
2018-05-21 09:29:59.630,130833,126906,S,,20180521,744.02,92959630,100,74402.0
2018-05-21 09:29:59.630,131038,126906,S,,20180521,744.02,92959630,100,74402.0
2018-05-21 09:29:59.720,131708,126906,S,,20180521,744.02,92959720,100,74402.0
2018-05-21 09:29:59.720,132526,126906,S,,20180521,744.02,92959720,100,74402.0
2018-05-21 09:29:59.720,132591,126906,S,,20180521,744.02,92959720,300,223206.0
2018-05-21 09:29:59.790,132769,126906,S,,20180521,744.02,92959790,100,74402.0
2018-05-21 09:29:59.790,131022,133049,B,,20180521,744.29,92959790,100,74429.0
2018-05-21 09:29:59.870,133666,133011,S,,20180521,744.07,92959870,100,74407.0
2018-05-21 09:29:59.870,133847,133011,S,,20180521,744.07,92959870,200,148814.0
2018-05-21 09:29:59.870,133863,133011,S,,20180521,744.07,92959870,100,74407.0
2018-05-21 09:30:00.010,125977,134299,B,,20180521,744.5,93000010,100,74450.0
2018-05-21 09:30:00.010,134574,134190,S,,20180521,744.34,93000010,100,74434.0
2018-05-21 09:30:00.010,134794,133011,S,,20180521,744.07,93000010,100,74407.0
2018-05-21 09:30:00.080,135593,134872,S,,20180521,744.21,93000080,100,74421.0
2018-05-21 09:30:00.080,135808,134872,S,,20180521,744.21,93000080,100,74421.0
2018-05-21 09:30:00.230,136179,134872,S,,20180521,744.21,93000230,100,74421.0
2018-05-21 09:30:00.270,136757,136681,S,,20180521,744.44,93000270,100,74444.0
2018-05-21 09:30:00.270,124444,136858,B,,20180521,744.95,93000270,100,74495.0
2018-05-21 09:30:00.270,46023,136858,B,,20180521,745.0,93000270,83,61835.0
2018-05-21 09:30:00.270,59383,136858,B,,20180521,745.0,93000270,417,310665.0
2018-05-21 09:30:00.270,136876,136681,S,,20180521,744.44,93000270,100,74444.0
2018-05-21 09:30:00.270,137233,136681,S,,20180521,744.44,93000270,300,223332.00000000003
2018-05-21 09:30:00.270,137389,136681,S,,20180521,744.44,93000270,100,74444.0
2018-05-21 09:30:00.270,137389,133011,S,,20180521,744.07,93000270,100,74407.0
2018-05-21 09:30:00.270,137561,133011,S,,20180521,744.07,93000270,200,148814.0
2018-05-21 09:30:00.270,138214,133011,S,,20180521,744.07,93000270,200,148814.0
2018-05-21 09:30:00.390,138733,126906,S,,20180521,744.02,93000390,100,74402.0
2018-05-21 09:30:00.390,139707,126906,S,,20180521,744.02,93000390,100,74402.0
2018-05-21 09:30:00.390,139966,126906,S,,20180521,744.02,93000390,100,74402.0
2018-05-21 09:30:00.390,139968,126906,S,,20180521,744.02,93000390,100,74402.0
2018-05-21 09:30:00.390,139987,126906,S,,20180521,744.02,93000390,100,74402.0
2018-05-21 09:30:00.390,139884,140028,B,,20180521,744.44,93000390,100,74444.0
2018-05-21 09:30:00.490,140862,126906,S,,20180521,744.02,93000490,300,223206.0
2018-05-21 09:30:00.490,141147,126906,S,,20180521,744.02,93000490,100,74402.0
2018-05-21 09:30:00.640,141574,126906,S,,20180521,744.02,93000640,100,74402.0
2018-05-21 09:30:00.640,142436,126906,S,,20180521,744.02,93000640,100,74402.0
2018-05-21 09:30:00.760,143337,126906,S,,20180521,744.02,93000760,200,148804.0
2018-05-21 09:30:00.760,143871,126906,S,,20180521,744.02,93000760,200,148804.0
2018-05-21 09:30:00.760,144629,126906,S,,20180521,744.02,93000760,100,74402.0
2018-05-21 09:30:00.760,144777,126906,S,,20180521,744.02,93000760,100,74402.0
2018-05-21 09:30:00.760,145066,126906,S,,20180521,744.02,93000760,100,74402.0
2018-05-21 09:30:00.860,141475,145158,B,,20180521,744.98,93000860,100,74498.0
2018-05-21 09:30:00.860,145975,126906,S,,20180521,744.02,93000860,200,148804.0
2018-05-21 09:30:00.860,145985,126906,S,,20180521,744.02,93000860,200,148804.0
2018-05-21 09:30:00.860,145652,146275,B,,20180521,744.88,93000860,100,74488.0
2018-05-21 09:30:00.860,146797,126906,S,,20180521,744.02,93000860,100,74402.0
2018-05-21 09:30:00.960,147136,126906,S,,20180521,744.02,93000960,200,148804.0
2018-05-21 09:30:01.050,148755,126906,S,,20180521,744.02,93001050,100,74402.0
2018-05-21 09:30:01.050,149157,126906,S,,20180521,744.02,93001050,52,38689.04
2018-05-21 09:30:01.160,149633,126906,S,,20180521,744.02,93001160,100,74402.0
2018-05-21 09:30:01.160,150434,126906,S,,20180521,744.02,93001160,100,74402.0
2018-05-21 09:30:01.160,151016,126906,S,,20180521,744.02,93001160,48,35712.96
2018-05-21 09:30:01.160,151016,128170,S,,20180521,744.01,93001160,52,38688.52
2018-05-21 09:30:01.160,151298,128170,S,,20180521,744.01,93001160,48,35712.479999999996
2018-05-21 09:30:01.160,151298,129838,S,,20180521,744.01,93001160,52,38688.52
2018-05-21 09:30:01.280,151909,129838,S,,20180521,744.01,93001280,48,35712.479999999996
2018-05-21 09:30:01.280,151909,127893,S,,20180521,744.0,93001280,52,38688.0
2018-05-21 09:30:01.280,152077,127893,S,,20180521,744.0,93001280,48,35712.0
2018-05-21 09:30:01.280,152077,128456,S,,20180521,744.0,93001280,52,38688.0
2018-05-21 09:30:01.280,148039,152150,B,,20180521,744.18,93001280,100,74418.0
2018-05-21 09:30:01.280,152707,128456,S,,20180521,744.0,93001280,300,223200.0
2018-05-21 09:30:01.390,153615,128456,S,,20180521,744.0,93001390,248,184512.0
2018-05-21 09:30:01.390,153615,129366,S,,20180521,744.0,93001390,100,74400.0
2018-05-21 09:30:01.390,153615,129611,S,,20180521,744.0,93001390,152,113088.0
2018-05-21 09:30:01.440,148039,155044,B,,20180521,744.18,93001440,100,74418.0
2018-05-21 09:30:01.540,155988,129611,S,,20180521,744.0,93001540,100,74400.0
2018-05-21 09:30:01.690,157064,129611,S,,20180521,744.0,93001690,100,74400.0
2018-05-21 09:30:01.690,148039,157128,B,,20180521,744.18,93001690,100,74418.0
2018-05-21 09:30:01.690,157427,129611,S,,20180521,744.0,93001690,48,35712.0
2018-05-21 09:30:01.690,157427,129846,S,,20180521,744.0,93001690,152,113088.0
2018-05-21 09:30:01.700,158221,129846,S,,20180521,744.0,93001700,300,223200.0
2018-05-21 09:30:01.700,158363,129846,S,,20180521,744.0,93001700,100,74400.0
2018-05-21 09:30:01.810,148039,159146,B,,20180521,744.18,93001810,300,223253.99999999997
2018-05-21 09:30:01.980,161311,129846,S,,20180521,744.0,93001980,448,333312.0
2018-05-21 09:30:01.980,161311,130998,S,,20180521,744.0,93001980,400,297600.0
2018-05-21 09:30:01.980,161311,131248,S,,20180521,744.0,93001980,100,74400.0
2018-05-21 09:30:01.980,161311,131629,S,,20180521,744.0,93001980,52,38688.0
2018-05-21 09:30:01.980,161721,131629,S,,20180521,744.0,93001980,48,35712.0
2018-05-21 09:30:01.980,161721,134756,S,,20180521,744.0,93001980,52,38688.0
2018-05-21 09:30:01.980,161873,134756,S,,20180521,744.0,93001980,100,74400.0
2018-05-21 09:30:01.980,162031,134756,S,,20180521,744.0,93001980,100,74400.0
2018-05-21 09:30:02.150,148039,162526,B,,20180521,744.18,93002150,300,223253.99999999997
2018-05-21 09:30:02.150,148039,162535,B,,20180521,744.18,93002150,300,223253.99999999997
2018-05-21 09:30:02.150,159362,162637,B,,20180521,744.18,93002150,100,74418.0
2018-05-21 09:30:02.150,158890,162637,B,,20180521,744.31,93002150,100,74431.0
2018-05-21 09:30:02.150,141475,162637,B,,20180521,744.98,93002150,100,74498.0
2018-05-21 09:30:02.150,163420,134756,S,,20180521,744.0,93002150,100,74400.0
2018-05-21 09:30:02.150,163050,163688,B,,20180521,744.66,93002150,100,74466.0
2018-05-21 09:30:02.260,165992,163546,S,,20180521,744.32,93002260,100,74432.0
2018-05-21 09:30:02.260,166042,134756,S,,20180521,744.0,93002260,148,110112.0
2018-05-21 09:30:02.260,166042,135869,S,,20180521,744.0,93002260,100,74400.0
2018-05-21 09:30:02.260,166042,138204,S,,20180521,744.0,93002260,100,74400.0
2018-05-21 09:30:02.260,166042,141048,S,,20180521,744.0,93002260,152,113088.0
2018-05-21 09:30:02.570,168306,166990,S,,20180521,744.44,93002570,100,74444.0
2018-05-21 09:30:02.570,168409,166990,S,,20180521,744.44,93002570,100,74444.0
2018-05-21 09:30:02.570,168735,166232,S,,20180521,744.3,93002570,100,74430.0
2018-05-21 09:30:02.570,168776,166232,S,,20180521,744.3,93002570,100,74430.0
2018-05-21 09:30:02.570,169025,166232,S,,20180521,744.3,93002570,100,74430.0
2018-05-21 09:30:02.670,141475,169602,B,,20180521,744.98,93002670,100,74498.0
2018-05-21 09:30:02.670,169744,141048,S,,20180521,744.0,93002670,48,35712.0
2018-05-21 09:30:02.670,169744,141414,S,,20180521,744.0,93002670,52,38688.0
2018-05-21 09:30:02.770,170440,141414,S,,20180521,744.0,93002770,100,74400.0
2018-05-21 09:30:02.870,141475,171384,B,,20180521,744.98,93002870,300,223494.0
2018-05-21 09:30:02.990,141475,172315,B,,20180521,744.98,93002990,300,223494.0
2018-05-21 09:30:03.150,173273,141414,S,,20180521,744.0,93003150,48,35712.0
2018-05-21 09:30:03.150,173273,141844,S,,20180521,744.0,93003150,100,74400.0
2018-05-21 09:30:03.150,173273,144873,S,,20180521,744.0,93003150,100,74400.0
2018-05-21 09:30:03.150,173273,148002,S,,20180521,744.0,93003150,100,74400.0
2018-05-21 09:30:03.150,173273,148790,S,,20180521,744.0,93003150,500,372000.0
2018-05-21 09:30:03.150,173273,148897,S,,20180521,744.0,93003150,100,74400.0
2018-05-21 09:30:03.150,173273,149799,S,,20180521,744.0,93003150,52,38688.0
2018-05-21 09:30:03.360,141475,174401,B,,20180521,744.98,93003360,100,74498.0
2018-05-21 09:30:03.360,161540,174401,B,,20180521,744.99,93003360,100,74499.0
2018-05-21 09:30:03.410,174663,149799,S,,20180521,744.0,93003410,48,35712.0
2018-05-21 09:30:03.410,174663,151648,S,,20180521,744.0,93003410,52,38688.0
2018-05-21 09:30:03.680,175970,174917,S,,20180521,744.77,93003680,100,74477.0
2018-05-21 09:30:03.710,176193,174917,S,,20180521,744.77,93003710,200,148954.0
2018-05-21 09:30:03.710,176193,176085,S,,20180521,744.44,93003710,300,223332.00000000003
2018-05-21 09:30:03.950,177030,151648,S,,20180521,744.0,93003950,48,35712.0
2018-05-21 09:30:03.950,177030,154237,S,,20180521,744.0,93003950,52,38688.0
2018-05-21 09:30:04.100,59383,177557,B,,20180521,745.0,93004100,83,61835.0
2018-05-21 09:30:04.100,59569,177557,B,,20180521,745.0,93004100,417,310665.0
2018-05-21 09:30:04.340,178230,177415,S,,20180521,744.5,93004340,100,74450.0
2018-05-21 09:30:04.340,178230,154237,S,,20180521,744.0,93004340,48,35712.0
2018-05-21 09:30:04.340,178230,157285,S,,20180521,744.0,93004340,5000,3720000.0
2018-05-21 09:30:04.340,178230,158169,S,,20180521,744.0,93004340,100,74400.0
2018-05-21 09:30:04.340,178230,160157,S,,20180521,744.0,93004340,300,223200.0
2018-05-21 09:30:04.340,178230,164574,S,,20180521,744.0,93004340,100,74400.0
2018-05-21 09:30:04.340,178230,164695,S,,20180521,744.0,93004340,100,74400.0
2018-05-21 09:30:04.340,178230,166263,S,,20180521,744.0,93004340,100,74400.0
2018-05-21 09:30:04.340,178230,167627,S,,20180521,744.0,93004340,100,74400.0
2018-05-21 09:30:04.340,178230,167960,S,,20180521,744.0,93004340,100,74400.0
2018-05-21 09:30:04.340,178230,169516,S,,20180521,744.0,93004340,300,223200.0
2018-05-21 09:30:04.340,178230,170302,S,,20180521,744.0,93004340,200,148800.0
2018-05-21 09:30:04.340,178230,172307,S,,20180521,744.0,93004340,300,223200.0
2018-05-21 09:30:04.340,178230,172657,S,,20180521,744.0,93004340,100,74400.0
2018-05-21 09:30:04.340,178230,174214,S,,20180521,744.0,93004340,52,38688.0
2018-05-21 09:30:04.710,178919,174214,S,,20180521,744.0,93004710,100,74400.0
2018-05-21 09:30:05.060,179560,174214,S,,20180521,744.0,93005060,200,148800.0
2018-05-21 09:30:05.240,179914,179838,S,,20180521,744.09,93005240,100,74409.0
2018-05-21 09:30:05.460,180302,179838,S,,20180521,744.09,93005460,100,74409.0
2018-05-21 09:30:05.760,180824,180326,S,,20180521,744.95,93005760,100,74495.0
2018-05-21 09:30:05.930,181024,180779,S,,20180521,744.82,93005930,100,74482.0
2018-05-21 09:30:06.580,181107,181727,B,,20180521,744.59,93006580,100,74459.0
2018-05-21 09:30:06.580,181556,181727,B,,20180521,744.98,93006580,100,74498.0
2018-05-21 09:30:06.610,177975,181745,B,,20180521,744.99,93006610,100,74499.0
2018-05-21 09:30:06.610,181147,181745,B,,20180521,744.99,93006610,100,74499.0
2018-05-21 09:30:06.610,59569,181745,B,,20180521,745.0,93006610,83,61835.0
2018-05-21 09:30:06.610,70669,181745,B,,20180521,745.0,93006610,100,74500.0
2018-05-21 09:30:06.610,103988,181745,B,,20180521,745.0,93006610,1100,819500.0
2018-05-21 09:30:06.610,116334,181745,B,,20180521,745.0,93006610,100,74500.0
2018-05-21 09:30:06.610,119310,181745,B,,20180521,745.0,93006610,1000,745000.0
2018-05-21 09:30:06.610,125585,181745,B,,20180521,745.0,93006610,200,149000.0
2018-05-21 09:30:06.610,126151,181745,B,,20180521,745.0,93006610,200,149000.0
2018-05-21 09:30:06.610,131946,181745,B,,20180521,745.0,93006610,100,74500.0
2018-05-21 09:30:06.610,144623,181745,B,,20180521,745.0,93006610,100,74500.0
2018-05-21 09:30:06.610,157918,181745,B,,20180521,745.0,93006610,100,74500.0
2018-05-21 09:30:06.610,170325,181745,B,,20180521,745.0,93006610,100,74500.0
2018-05-21 09:30:06.610,173400,181745,B,,20180521,745.0,93006610,100,74500.0
2018-05-21 09:30:06.830,182059,181745,S,,20180521,745.0,93006830,100,74500.0
2018-05-21 09:30:07.340,182610,181745,S,,20180521,745.0,93007340,100,74500.0
2018-05-21 09:30:07.730,182910,181745,S,,20180521,745.0,93007730,317,236165.0
2018-05-21 09:30:07.730,182910,182512,S,,20180521,745.0,93007730,200,149000.0
2018-05-21 09:30:09.080,183872,183086,S,,20180521,744.09,93009080,100,74409.0
2018-05-21 09:30:09.960,184004,184405,B,,20180521,744.99,93009960,100,74499.0
2018-05-21 09:30:10.410,182910,184665,B,,20180521,745.0,93010410,300,223500.0
2018-05-21 09:30:11.080,182910,184984,B,,20180521,745.0,93011080,83,61835.0
2018-05-21 09:30:11.080,184715,184984,B,,20180521,745.0,93011080,17,12665.0
2018-05-21 09:30:12.060,184715,185437,B,,20180521,745.0,93012060,100,74500.0
2018-05-21 09:30:12.090,185452,184490,S,,20180521,744.99,93012090,100,74499.0
2018-05-21 09:30:12.420,184715,185607,B,,20180521,745.0,93012420,300,223500.0
2018-05-21 09:30:12.810,184715,185826,B,,20180521,745.0,93012810,300,223500.0
2018-05-21 09:30:13.140,184715,185977,B,,20180521,745.0,93013140,283,210835.0
2018-05-21 09:30:13.140,185100,185977,B,,20180521,745.0,93013140,100,74500.0
2018-05-21 09:30:13.890,186424,186362,S,,20180521,745.09,93013890,100,74509.0
2018-05-21 09:30:14.140,186578,186362,S,,20180521,745.09,93014140,100,74509.0
2018-05-21 09:30:14.140,186578,185977,S,,20180521,745.0,93014140,217,161665.0
2018-05-21 09:30:14.140,186578,186003,S,,20180521,745.0,93014140,100,74500.0
2018-05-21 09:30:14.140,186578,186165,S,,20180521,745.0,93014140,83,61835.0
2018-05-21 09:30:14.500,15907,186764,B,,20180521,745.18,93014500,100,74518.0
2018-05-21 09:30:14.500,145992,186764,B,,20180521,745.18,93014500,100,74518.0
2018-05-21 09:30:14.560,186778,186764,S,,20180521,745.18,93014560,400,298072.0
2018-05-21 09:30:14.830,186959,186764,S,,20180521,745.18,93014830,300,223553.99999999997
2018-05-21 09:30:14.830,186959,186165,S,,20180521,745.0,93014830,1317,981165.0
2018-05-21 09:30:16.200,186959,187679,B,,20180521,745.0,93016200,100,74500.0
2018-05-21 09:30:17.960,188644,184556,S,,20180521,744.99,93017960,100,74499.0
2018-05-21 09:30:17.960,188644,184582,S,,20180521,744.99,93017960,100,74499.0
2018-05-21 09:30:18.120,186959,188730,B,,20180521,745.0,93018120,83,61835.0
2018-05-21 09:30:18.120,188070,188730,B,,20180521,745.0,93018120,17,12665.0
2018-05-21 09:30:18.490,188070,188950,B,,20180521,745.0,93018490,6700,4991500.0
2018-05-21 09:30:18.690,188070,189064,B,,20180521,745.0,93018690,100,74500.0
2018-05-21 09:30:18.920,188070,189246,B,,20180521,745.0,93018920,2000,1490000.0
2018-05-21 09:30:19.790,189966,184866,S,,20180521,744.98,93019790,100,74498.0
2018-05-21 09:30:19.790,189975,184866,S,,20180521,744.98,93019790,100,74498.0
2018-05-21 09:30:19.810,189984,184866,S,,20180521,744.98,93019810,100,74498.0
2018-05-21 09:30:19.810,189986,184866,S,,20180521,744.98,93019810,100,74498.0
2018-05-21 09:30:19.860,190006,184866,S,,20180521,744.98,93019860,100,74498.0
2018-05-21 09:30:20.030,190079,190112,B,,20180521,744.99,93020030,95,70774.05
2018-05-21 09:30:20.030,188070,190112,B,,20180521,745.0,93020030,305,227225.0
2018-05-21 09:30:20.080,188070,190157,B,,20180521,745.0,93020080,2500,1862500.0
2018-05-21 09:30:20.160,190207,184866,S,,20180521,744.98,93020160,100,74498.0
2018-05-21 09:30:20.910,188070,190591,B,,20180521,745.0,93020910,100,74500.0
2018-05-21 09:30:21.160,190749,184866,S,,20180521,744.98,93021160,3100,2309438.0
2018-05-21 09:30:21.160,190749,186104,S,,20180521,744.98,93021160,100,74498.0
2018-05-21 09:30:21.160,190749,185690,S,,20180521,744.09,93021160,100,74409.0
2018-05-21 09:30:21.210,188070,190775,B,,20180521,745.0,93021210,100,74500.0
2018-05-21 09:30:21.330,188070,190861,B,,20180521,745.0,93021330,400,298000.0
2018-05-21 09:30:22.200,191097,191412,B,,20180521,744.97,93022200,100,74497.0
2018-05-21 09:30:22.630,191629,174214,S,,20180521,744.0,93022630,300,223200.0
2018-05-21 09:30:22.840,191776,174214,S,,20180521,744.0,93022840,100,74400.0
2018-05-21 09:30:22.960,191151,191863,B,,20180521,744.99,93022960,100,74499.0
2018-05-21 09:30:23.750,188070,192330,B,,20180521,745.0,93023750,100,74500.0
2018-05-21 09:30:23.750,188070,192337,B,,20180521,745.0,93023750,178,132610.0
2018-05-21 09:30:23.750,188444,192337,B,,20180521,745.0,93023750,5600,4172000.0
2018-05-21 09:30:23.750,190927,192337,B,,20180521,745.0,93023750,400,298000.0
2018-05-21 09:30:23.750,190932,192337,B,,20180521,745.0,93023750,100,74500.0
2018-05-21 09:30:23.750,191050,192337,B,,20180521,745.0,93023750,100,74500.0
2018-05-21 09:30:23.750,191194,192337,B,,20180521,745.0,93023750,100,74500.0
2018-05-21 09:30:23.750,191251,192337,B,,20180521,745.0,93023750,100,74500.0
2018-05-21 09:30:23.750,191538,192337,B,,20180521,745.0,93023750,100,74500.0
2018-05-21 09:30:24.320,192679,192337,S,,20180521,745.0,93024320,100,74500.0
2018-05-21 09:30:24.820,192997,192337,S,,20180521,745.0,93024820,100,74500.0
2018-05-21 09:30:24.840,190760,193004,B,,20180521,745.18,93024840,100,74518.0
2018-05-21 09:30:25.120,124210,193182,B,,20180521,745.2,93025120,100,74520.0
2018-05-21 09:30:25.220,124210,193251,B,,20180521,745.2,93025220,200,149040.0
2018-05-21 09:30:25.240,193254,192337,S,,20180521,745.0,93025240,22,16390.0
2018-05-21 09:30:25.240,193254,193125,S,,20180521,745.0,93025240,100,74500.0
2018-05-21 09:30:25.240,193254,192338,S,,20180521,744.02,93025240,1478,1099661.56
2018-05-21 09:30:25.930,193726,192338,S,,20180521,744.02,93025930,522,388378.44
2018-05-21 09:30:25.930,193726,174214,S,,20180521,744.0,93025930,478,355632.0
2018-05-21 09:30:26.030,193298,193790,B,,20180521,744.98,93026030,500,372490.0
2018-05-21 09:30:27.750,193298,194777,B,,20180521,744.98,93027750,100,74498.0
2018-05-21 09:30:27.920,193298,194901,B,,20180521,744.98,93027920,100,74498.0
2018-05-21 09:30:28.160,193298,195038,B,,20180521,744.98,93028160,100,74498.0
2018-05-21 09:30:28.240,193416,195096,B,,20180521,744.99,93028240,100,74499.0
2018-05-21 09:30:28.260,193416,195101,B,,20180521,744.99,93028260,200,148998.0
2018-05-21 09:30:28.260,193846,195101,B,,20180521,744.99,93028260,400,297996.0
2018-05-21 09:30:29.420,193846,195858,B,,20180521,744.99,93029420,100,74499.0
2018-05-21 09:30:29.890,196002,196150,B,,20180521,744.98,93029890,100,74498.0
2018-05-21 09:30:30.170,196002,196343,B,,20180521,744.98,93030170,100,74498.0
2018-05-21 09:30:30.940,196002,196877,B,,20180521,744.98,93030940,100,74498.0
2018-05-21 09:30:31.450,197249,174214,S,,20180521,744.0,93031450,800,595200.0
2018-05-21 09:30:31.680,194321,197392,B,,20180521,744.99,93031680,100,74499.0
2018-05-21 09:30:31.730,197448,174214,S,,20180521,744.0,93031730,800,595200.0
2018-05-21 09:30:32.100,197742,174214,S,,20180521,744.0,93032100,100,74400.0
2018-05-21 09:30:33.240,198475,174214,S,,20180521,744.0,93033240,570,424080.0
2018-05-21 09:30:33.240,198475,177720,S,,20180521,744.0,93033240,100,74400.0
2018-05-21 09:30:33.240,198475,177756,S,,20180521,744.0,93033240,130,96720.0
2018-05-21 09:30:34.070,198003,199054,B,,20180521,744.88,93034070,200,148976.0
2018-05-21 09:30:34.270,198003,199193,B,,20180521,744.88,93034270,300,223464.0
2018-05-21 09:30:35.100,198774,199779,B,,20180521,744.98,93035100,100,74498.0
2018-05-21 09:30:35.100,199078,199779,B,,20180521,744.98,93035100,100,74498.0
2018-05-21 09:30:35.100,199600,199779,B,,20180521,744.98,93035100,100,74498.0
2018-05-21 09:30:35.100,194344,199779,B,,20180521,744.99,93035100,100,74499.0
2018-05-21 09:30:35.100,195131,199779,B,,20180521,744.99,93035100,100,74499.0
2018-05-21 09:30:35.100,195242,199779,B,,20180521,744.99,93035100,500,372495.0
2018-05-21 09:30:35.100,199480,199779,B,,20180521,744.99,93035100,100,74499.0
2018-05-21 09:30:35.100,194393,199779,B,,20180521,745.0,93035100,100,74500.0
2018-05-21 09:30:35.100,195178,199779,B,,20180521,745.0,93035100,100,74500.0
2018-05-21 09:30:35.100,196366,199779,B,,20180521,745.0,93035100,100,74500.0
2018-05-21 09:30:35.100,198820,199779,B,,20180521,745.0,93035100,200,149000.0
2018-05-21 09:30:36.100,200487,199779,S,,20180521,745.0,93036100,100,74500.0
2018-05-21 09:30:36.150,200512,199779,S,,20180521,745.0,93036150,800,596000.0
2018-05-21 09:30:36.150,200512,200366,S,,20180521,745.0,93036150,600,447000.0
2018-05-21 09:30:36.700,200862,200366,S,,20180521,745.0,93036700,1000,745000.0
2018-05-21 09:30:36.890,200977,200366,S,,20180521,745.0,93036890,100,74500.0
2018-05-21 09:30:37.030,201081,200366,S,,20180521,745.0,93037030,100,74500.0
2018-05-21 09:30:37.080,201129,200366,S,,20180521,745.0,93037080,200,149000.0
2018-05-21 09:30:37.290,201276,200694,S,,20180521,745.0,93037290,100,74500.0
2018-05-21 09:30:37.290,201276,200251,S,,20180521,744.98,93037290,200,148996.0
2018-05-21 09:30:38.620,202175,200251,S,,20180521,744.98,93038620,100,74498.0
2018-05-21 09:30:39.240,202612,200251,S,,20180521,744.98,93039240,100,74498.0
2018-05-21 09:30:39.560,201506,202822,B,,20180521,744.99,93039560,400,297996.0
2018-05-21 09:30:39.770,202954,202822,S,,20180521,745.0,93039770,100,74500.0
2018-05-21 09:30:39.770,202954,202823,S,,20180521,745.0,93039770,1200,894000.0
2018-05-21 09:30:39.900,203056,202823,S,,20180521,745.0,93039900,600,447000.0
2018-05-21 09:30:40.060,203170,202823,S,,20180521,745.0,93040060,100,74500.0
2018-05-21 09:30:40.320,203338,202823,S,,20180521,745.0,93040320,100,74500.0
2018-05-21 09:30:40.370,203375,202823,S,,20180521,745.0,93040370,400,298000.0
2018-05-21 09:30:40.770,203646,203116,S,,20180521,744.99,93040770,400,297996.0
2018-05-21 09:30:40.900,203725,200251,S,,20180521,744.98,93040900,200,148996.0
2018-05-21 09:30:41.040,203854,200251,S,,20180521,744.98,93041040,400,297992.0
2018-05-21 09:30:41.390,204072,201838,S,,20180521,744.98,93041390,100,74498.0
2018-05-21 09:30:41.810,203646,204366,B,,20180521,744.99,93041810,200,148998.0
2018-05-21 09:30:41.810,203375,204366,B,,20180521,745.0,93041810,1800,1341000.0
2018-05-21 09:30:42.000,204523,202608,S,,20180521,744.98,93042000,100,74498.0
2018-05-21 09:30:42.890,205083,204595,S,,20180521,744.99,93042890,100,74499.0
2018-05-21 09:30:42.930,205119,204926,S,,20180521,744.99,93042930,100,74499.0
2018-05-21 09:30:43.260,205366,202608,S,,20180521,744.98,93043260,300,223494.0
2018-05-21 09:30:43.380,205143,205439,B,,20180521,744.99,93043380,100,74499.0
2018-05-21 09:30:43.500,205505,202608,S,,20180521,744.98,93043500,100,74498.0
2018-05-21 09:30:44.520,206210,206042,S,,20180521,744.72,93044520,100,74472.0
2018-05-21 09:30:44.770,205926,206363,B,,20180521,744.98,93044770,100,74498.0
2018-05-21 09:30:44.770,206128,206363,B,,20180521,744.98,93044770,100,74498.0
2018-05-21 09:30:45.580,206881,206570,S,,20180521,744.94,93045580,200,148988.0
2018-05-21 09:30:45.890,206881,207115,B,,20180521,744.9,93045890,300,223470.0
2018-05-21 09:30:45.890,207104,207115,B,,20180521,744.98,93045890,3900,2905422.0
2018-05-21 09:30:45.890,205737,207115,B,,20180521,744.99,93045890,100,74499.0
2018-05-21 09:30:45.890,203375,207115,B,,20180521,745.0,93045890,10300,7673500.0
2018-05-21 09:30:45.890,203957,207115,B,,20180521,745.0,93045890,400,298000.0
2018-05-21 09:30:47.310,207330,208066,B,,20180521,744.98,93047310,100,74498.0
2018-05-21 09:30:47.310,207592,208066,B,,20180521,744.98,93047310,300,223494.0
2018-05-21 09:30:47.310,208034,208066,B,,20180521,744.98,93047310,100,74498.0
2018-05-21 09:30:47.310,207419,208066,B,,20180521,744.99,93047310,400,297996.0
2018-05-21 09:30:47.310,203957,208066,B,,20180521,745.0,93047310,4600,3427000.0
2018-05-21 09:30:47.310,204147,208066,B,,20180521,745.0,93047310,100,74500.0
2018-05-21 09:30:47.310,205567,208066,B,,20180521,745.0,93047310,100,74500.0
2018-05-21 09:30:47.310,205931,208066,B,,20180521,745.0,93047310,100,74500.0
2018-05-21 09:30:47.310,206147,208066,B,,20180521,745.0,93047310,300,223500.0
2018-05-21 09:30:47.380,208110,208066,S,,20180521,745.0,93047380,1500,1117500.0
2018-05-21 09:30:47.430,208156,208066,S,,20180521,745.0,93047430,100,74500.0
2018-05-21 09:30:47.460,208166,208066,S,,20180521,745.0,93047460,100,74500.0
2018-05-21 09:30:47.800,208374,208066,S,,20180521,745.0,93047800,100,74500.0
2018-05-21 09:30:47.850,208413,208066,S,,20180521,745.0,93047850,300,223500.0
2018-05-21 09:30:47.880,208430,208066,S,,20180521,745.0,93047880,800,596000.0
2018-05-21 09:30:47.880,208430,208256,S,,20180521,744.99,93047880,100,74499.0
2018-05-21 09:30:48.030,208430,208525,B,,20180521,744.99,93048030,400,297996.0
2018-05-21 09:30:48.470,208587,208835,B,,20180521,744.98,93048470,100,74498.0
2018-05-21 09:30:51.910,209908,211110,B,,20180521,744.98,93051910,100,74498.0
2018-05-21 09:30:52.190,211336,206042,S,,20180521,744.72,93052190,100,74472.0
2018-05-21 09:30:52.770,211697,206042,S,,20180521,744.72,93052770,600,446832.0
2018-05-21 09:30:52.770,211697,206177,S,,20180521,744.01,93052770,200,148802.0
2018-05-21 09:30:52.770,211697,208310,S,,20180521,744.01,93052770,100,74401.0
2018-05-21 09:30:52.770,211697,177756,S,,20180521,744.0,93052770,600,446400.0
2018-05-21 09:30:53.200,211394,212026,B,,20180521,744.91,93053200,100,74491.0
2018-05-21 09:30:53.380,210397,212140,B,,20180521,744.98,93053380,100,74498.0
2018-05-21 09:30:53.460,210397,212211,B,,20180521,744.98,93053460,700,521486.0
2018-05-21 09:30:53.460,210637,212211,B,,20180521,744.98,93053460,200,148996.0
2018-05-21 09:30:53.510,210637,212245,B,,20180521,744.98,93053510,200,148996.0
2018-05-21 09:30:53.560,210637,212281,B,,20180521,744.98,93053560,1700,1266466.0
2018-05-21 09:30:53.560,211255,212281,B,,20180521,744.98,93053560,600,446988.0
2018-05-21 09:30:53.560,211576,212281,B,,20180521,744.98,93053560,100,74498.0
2018-05-21 09:30:53.560,208430,212281,B,,20180521,744.99,93053560,2400,1787976.0
2018-05-21 09:30:54.590,212964,212830,S,,20180521,744.98,93054590,100,74498.0
2018-05-21 09:30:54.720,213034,177756,S,,20180521,744.0,93054720,300,223200.0
2018-05-21 09:30:55.560,213358,213669,B,,20180521,744.9,93055560,100,74490.0
2018-05-21 09:30:56.300,213642,214204,B,,20180521,744.98,93056300,100,74498.0
2018-05-21 09:30:56.300,213971,214204,B,,20180521,744.98,93056300,100,74498.0
2018-05-21 09:30:56.300,208430,214204,B,,20180521,744.99,93056300,1300,968487.0
2018-05-21 09:30:56.300,208980,214204,B,,20180521,744.99,93056300,100,74499.0
2018-05-21 09:30:56.300,210013,214204,B,,20180521,745.0,93056300,800,596000.0
2018-05-21 09:30:56.300,211261,214204,B,,20180521,745.0,93056300,100,74500.0
2018-05-21 09:30:56.300,213687,214204,B,,20180521,745.0,93056300,100,74500.0
2018-05-21 09:30:56.300,213193,214204,B,,20180521,745.1,93056300,1000,745100.0
2018-05-21 09:30:56.300,202878,214204,B,,20180521,745.19,93056300,200,149038.0
2018-05-21 09:30:56.300,124210,214204,B,,20180521,745.2,93056300,1700,1266840.0
2018-05-21 09:30:56.300,205816,214204,B,,20180521,745.2,93056300,100,74520.0
2018-05-21 09:30:57.920,215205,214204,S,,20180521,745.2,93057920,600,447120.0
2018-05-21 09:30:57.970,215243,214204,S,,20180521,745.2,93057970,100,74520.0
2018-05-21 09:30:58.280,215473,214204,S,,20180521,745.2,93058280,100,74520.0
2018-05-21 09:30:58.610,215689,214204,S,,20180521,745.2,93058610,262,195242.40000000002
2018-05-21 09:30:58.850,215848,214204,S,,20180521,745.2,93058850,100,74520.0
2018-05-21 09:30:58.870,215854,214204,S,,20180521,745.2,93058870,200,149040.0
2018-05-21 09:30:58.980,215939,214204,S,,20180521,745.2,93058980,100,74520.0
2018-05-21 09:30:59.530,216300,214204,S,,20180521,745.2,93059530,200,149040.0
2018-05-21 09:30:59.530,216302,214204,S,,20180521,745.2,93059530,200,149040.0
2018-05-21 09:30:59.750,216444,214204,S,,20180521,745.2,93059750,100,74520.0
2018-05-21 09:31:00.010,216644,214204,S,,20180521,745.2,93100010,100,74520.0
2018-05-21 09:31:00.710,217071,214204,S,,20180521,745.2,93100710,100,74520.0
2018-05-21 09:31:00.990,208565,217307,B,,20180521,745.25,93100990,100,74525.0
2018-05-21 09:31:01.430,53681,217615,B,,20180521,745.32,93101430,200,149064.0
2018-05-21 09:31:01.460,217624,217325,S,,20180521,745.25,93101460,100,74525.0
2018-05-21 09:31:01.460,217624,217328,S,,20180521,745.25,93101460,100,74525.0
2018-05-21 09:31:01.460,217624,214204,S,,20180521,745.2,93101460,238,177357.6
2018-05-21 09:31:02.030,218076,216435,S,,20180521,745.03,93102030,100,74503.0
2018-05-21 09:31:02.700,218515,216435,S,,20180521,745.03,93102700,100,74503.0
2018-05-21 09:31:02.700,218515,214404,S,,20180521,745.0,93102700,400,298000.0
2018-05-21 09:31:02.750,218555,214404,S,,20180521,745.0,93102750,1000,745000.0
2018-05-21 09:31:02.770,218568,214404,S,,20180521,745.0,93102770,1500,1117500.0
2018-05-21 09:31:03.570,219103,214404,S,,20180521,745.0,93103570,500,372500.0
2018-05-21 09:31:03.650,219150,214404,S,,20180521,745.0,93103650,200,149000.0
2018-05-21 09:31:03.870,217624,219296,B,,20180521,745.2,93103870,262,195242.40000000002
2018-05-21 09:31:03.870,218044,219296,B,,20180521,745.2,93103870,800,596160.0
2018-05-21 09:31:03.870,218925,219296,B,,20180521,745.2,93103870,738,549957.6
2018-05-21 09:31:03.870,219306,214404,S,,20180521,745.0,93103870,100,74500.0
2018-05-21 09:31:04.810,219947,219885,S,,20180521,745.01,93104810,100,74501.0
2018-05-21 09:31:05.220,220211,219885,S,,20180521,745.01,93105220,100,74501.0
2018-05-21 09:31:05.850,220588,219885,S,,20180521,745.01,93105850,100,74501.0
2018-05-21 09:31:06.420,220936,219885,S,,20180521,745.01,93106420,100,74501.0
2018-05-21 09:31:06.980,220773,221315,B,,20180521,745.19,93106980,500,372595.0
2018-05-21 09:31:07.790,221858,221530,S,,20180521,745.19,93107790,100,74519.0
2018-05-21 09:31:07.790,221858,219885,S,,20180521,745.01,93107790,100,74501.0
2018-05-21 09:31:09.250,222867,222352,S,,20180521,745.19,93109250,100,74519.0
2018-05-21 09:31:09.400,218925,222960,B,,20180521,745.2,93109400,62,46202.4
2018-05-21 09:31:09.400,219464,222960,B,,20180521,745.2,93109400,38,28317.600000000002
2018-05-21 09:31:09.860,219464,223268,B,,20180521,745.2,93109860,262,195242.40000000002
2018-05-21 09:31:09.860,222534,223268,B,,20180521,745.2,93109860,1000,745200.0
2018-05-21 09:31:09.860,222684,223268,B,,20180521,745.2,93109860,38,28317.600000000002
2018-05-21 09:31:10.220,222684,223543,B,,20180521,745.2,93110220,62,46202.4
2018-05-21 09:31:10.220,223174,223543,B,,20180521,745.2,93110220,300,223560.0
2018-05-21 09:31:10.540,223760,223543,S,,20180521,745.25,93110540,100,74525.0
2018-05-21 09:31:10.780,223978,223543,S,,20180521,745.25,93110780,838,624519.5
2018-05-21 09:31:10.780,223978,222352,S,,20180521,745.19,93110780,600,447114.00000000006
2018-05-21 09:31:10.780,223978,219885,S,,20180521,745.01,93110780,100,74501.0
2018-05-21 09:31:10.780,223978,216192,S,,20180521,745.0,93110780,500,372500.0
2018-05-21 09:31:10.780,223978,216571,S,,20180521,745.0,93110780,4562,3398690.0
2018-05-21 09:31:11.230,224034,224337,B,,20180521,745.1,93111230,100,74510.0
2018-05-21 09:31:11.690,224639,216571,S,,20180521,745.0,93111690,100,74500.0
2018-05-21 09:31:12.830,224182,225463,B,,20180521,745.2,93112830,100,74520.0
2018-05-21 09:31:12.830,225398,225463,B,,20180521,745.2,93112830,200,149040.0
2018-05-21 09:31:13.000,225628,225484,S,,20180521,745.2,93113000,100,74520.0
2018-05-21 09:31:13.000,225628,216571,S,,20180521,745.0,93113000,100,74500.0
2018-05-21 09:31:13.370,225635,225891,B,,20180521,745.18,93113370,100,74518.0
2018-05-21 09:31:13.730,226176,225891,S,,20180521,745.3,93113730,100,74530.0
2018-05-21 09:31:13.830,226256,225891,S,,20180521,745.3,93113830,100,74530.0
2018-05-21 09:31:14.000,226397,225891,S,,20180521,745.3,93114000,100,74530.0
2018-05-21 09:31:14.260,226546,225891,S,,20180521,745.3,93114260,100,74530.0
2018-05-21 09:31:14.470,226720,225891,S,,20180521,745.3,93114470,100,74530.0
2018-05-21 09:31:14.500,226731,225891,S,,20180521,745.3,93114500,100,74530.0
2018-05-21 09:31:14.570,226779,225891,S,,20180521,745.3,93114570,300,223590.0
2018-05-21 09:31:14.890,227016,225891,S,,20180521,745.3,93114890,100,74530.0
2018-05-21 09:31:15.330,227289,226888,S,,20180521,745.1,93115330,100,74510.0
2018-05-21 09:31:15.910,227682,227480,S,,20180521,745.25,93115910,100,74525.0
2018-05-21 09:31:15.970,227731,227480,S,,20180521,745.25,93115970,200,149050.0
2018-05-21 09:31:16.000,71195,227755,B,,20180521,745.32,93116000,100,74532.0
2018-05-21 09:31:16.000,223903,227755,B,,20180521,745.32,93116000,100,74532.0
2018-05-21 09:31:16.000,223958,227755,B,,20180521,745.32,93116000,100,74532.0
2018-05-21 09:31:16.000,225316,227755,B,,20180521,745.32,93116000,100,74532.0
2018-05-21 09:31:16.000,225559,227755,B,,20180521,745.32,93116000,100,74532.0
2018-05-21 09:31:16.080,227814,227480,S,,20180521,745.25,93116080,100,74525.0
2018-05-21 09:31:16.100,227837,227480,S,,20180521,745.25,93116100,100,74525.0
2018-05-21 09:31:16.250,227928,227480,S,,20180521,745.25,93116250,100,74525.0
2018-05-21 09:31:16.440,228035,227480,S,,20180521,745.25,93116440,300,223575.0
2018-05-21 09:31:16.800,228287,227480,S,,20180521,745.25,93116800,100,74525.0
2018-05-21 09:31:16.800,228287,227370,S,,20180521,745.2,93116800,100,74520.0
2018-05-21 09:31:16.800,228287,228005,S,,20180521,745.2,93116800,100,74520.0
2018-05-21 09:31:16.800,228287,228040,S,,20180521,745.02,93116800,700,521514.0
2018-05-21 09:31:16.830,228341,228040,S,,20180521,745.02,93116830,100,74502.0
2018-05-21 09:31:16.970,228436,228040,S,,20180521,745.02,93116970,200,149004.0
2018-05-21 09:31:17.090,228503,228040,S,,20180521,745.02,93117090,6000,4470120.0
2018-05-21 09:31:17.090,228503,216571,S,,20180521,745.0,93117090,2838,2114310.0
2018-05-21 09:31:17.090,228503,216607,S,,20180521,745.0,93117090,1162,865690.0
2018-05-21 09:31:17.320,228655,216607,S,,20180521,745.0,93117320,100,74500.0
2018-05-21 09:31:17.950,229091,228858,S,,20180521,745.32,93117950,100,74532.0
2018-05-21 09:31:17.950,229091,228901,S,,20180521,745.2,93117950,100,74520.0
2018-05-21 09:31:18.090,228242,229167,B,,20180521,745.37,93118090,200,149074.0
2018-05-21 09:31:18.090,139035,229167,B,,20180521,745.38,93118090,300,223614.0
2018-05-21 09:31:18.930,229668,228901,S,,20180521,745.2,93118930,100,74520.0
2018-05-21 09:31:19.010,229715,228913,S,,20180521,745.16,93119010,100,74516.0
2018-05-21 09:31:19.630,230138,228913,S,,20180521,745.16,93119630,600,447096.0
2018-05-21 09:31:20.050,230138,230488,B,,20180521,745.16,93120050,200,149032.0
2018-05-21 09:31:20.320,229758,230666,B,,20180521,745.2,93120320,100,74520.0
2018-05-21 09:31:20.400,230185,230710,B,,20180521,745.2,93120400,100,74520.0
2018-05-21 09:31:20.710,230885,216607,S,,20180521,745.0,93120710,100,74500.0
2018-05-21 09:31:20.800,230970,216607,S,,20180521,745.0,93120800,100,74500.0
2018-05-21 09:31:21.250,231187,231279,B,,20180521,745.2,93121250,100,74520.0
2018-05-21 09:31:21.370,231187,231348,B,,20180521,745.2,93121370,400,298080.0
2018-05-21 09:31:21.370,230670,231348,B,,20180521,745.25,93121370,3600,2682900.0
2018-05-21 09:31:21.370,231300,231348,B,,20180521,745.25,93121370,100,74525.0
2018-05-21 09:31:21.370,230186,231348,B,,20180521,745.29,93121370,100,74529.0
2018-05-21 09:31:21.370,229469,231348,B,,20180521,745.3,93121370,100,74530.0
2018-05-21 09:31:21.370,230765,231348,B,,20180521,745.3,93121370,200,149060.0
2018-05-21 09:31:21.370,230187,231348,B,,20180521,745.38,93121370,100,74538.0
2018-05-21 09:31:21.370,223904,231348,B,,20180521,745.41,93121370,100,74541.0
2018-05-21 09:31:21.370,223959,231348,B,,20180521,745.41,93121370,100,74541.0
2018-05-21 09:31:21.370,225378,231348,B,,20180521,745.41,93121370,100,74541.0
2018-05-21 09:31:21.370,34351,231348,B,,20180521,745.43,93121370,100,74543.0
2018-05-21 09:31:21.680,231611,216607,S,,20180521,745.0,93121680,38,28310.0
2018-05-21 09:31:21.680,231611,223976,S,,20180521,745.0,93121680,100,74500.0
2018-05-21 09:31:21.680,231611,224181,S,,20180521,745.0,93121680,100,74500.0
2018-05-21 09:31:21.680,231611,224683,S,,20180521,745.0,93121680,100,74500.0
2018-05-21 09:31:21.830,231719,216426,S,,20180521,744.99,93121830,100,74499.0
2018-05-21 09:31:21.830,231719,220262,S,,20180521,744.99,93121830,100,74499.0
2018-05-21 09:31:21.850,231611,231726,B,,20180521,745.0,93121850,162,120690.0
2018-05-21 09:31:22.630,232241,232148,S,,20180521,745.39,93122630,100,74539.0
2018-05-21 09:31:22.630,232241,231726,S,,20180521,745.19,93122630,100,74519.0
2018-05-21 09:31:22.720,232296,231726,S,,20180521,745.19,93122720,938,698988.2200000001
2018-05-21 09:31:24.120,232296,233259,B,,20180521,745.19,93124120,262,195239.78000000003
2018-05-21 09:31:24.360,233280,233425,B,,20180521,745.3,93124360,100,74530.0
2018-05-21 09:31:24.610,233584,233259,S,,20180521,745.23,93124610,200,149046.0
2018-05-21 09:31:24.920,233812,233259,S,,20180521,745.23,93124920,100,74523.0
2018-05-21 09:31:25.260,234031,233259,S,,20180521,745.23,93125260,100,74523.0
2018-05-21 09:31:25.480,234175,233259,S,,20180521,745.23,93125480,100,74523.0
2018-05-21 09:31:25.530,234214,233259,S,,20180521,745.23,93125530,38,28318.74
2018-05-21 09:31:25.730,234332,233261,S,,20180521,745.2,93125730,100,74520.0
2018-05-21 09:31:26.270,234715,233261,S,,20180521,745.2,93126270,100,74520.0
2018-05-21 09:31:26.270,234715,234419,S,,20180521,745.0,93126270,100,74500.0
2018-05-21 09:31:26.550,234867,220262,S,,20180521,744.99,93126550,200,148998.0
2018-05-21 09:31:26.550,234867,220810,S,,20180521,744.99,93126550,100,74499.0
2018-05-21 09:31:26.550,234867,221703,S,,20180521,744.99,93126550,100,74499.0
2018-05-21 09:31:26.550,234867,215688,S,,20180521,744.98,93126550,100,74498.0
2018-05-21 09:31:27.510,234715,235512,B,,20180521,745.0,93127510,200,149000.0
2018-05-21 09:31:27.820,235739,216197,S,,20180521,744.98,93127820,100,74498.0
2018-05-21 09:31:28.070,234715,235874,B,,20180521,745.0,93128070,1600,1192000.0
2018-05-21 09:31:28.070,234965,235874,B,,20180521,745.0,93128070,200,149000.0
2018-05-21 09:31:28.070,235185,235874,B,,20180521,745.0,93128070,100,74500.0
2018-05-21 09:31:28.070,234215,235874,B,,20180521,745.23,93128070,200,149046.0
2018-05-21 09:31:28.070,235030,235874,B,,20180521,745.29,93128070,1100,819819.0
2018-05-21 09:31:28.070,233383,235874,B,,20180521,745.3,93128070,100,74530.0
2018-05-21 09:31:28.070,234430,235874,B,,20180521,745.3,93128070,100,74530.0
2018-05-21 09:31:28.070,234153,235874,B,,20180521,745.32,93128070,100,74532.0
2018-05-21 09:31:28.070,233200,235874,B,,20180521,745.37,93128070,1500,1118055.0
2018-05-21 09:31:28.180,235948,216825,S,,20180521,744.98,93128180,100,74498.0
2018-05-21 09:31:28.280,236025,226110,S,,20180521,744.98,93128280,100,74498.0
2018-05-21 09:31:29.160,236345,236678,B,,20180521,744.98,93129160,100,74498.0
2018-05-21 09:31:29.440,236369,236874,B,,20180521,744.98,93129440,100,74498.0
2018-05-21 09:31:29.500,236283,236924,B,,20180521,745.0,93129500,100,74500.0
2018-05-21 09:31:29.630,236925,236972,B,,20180521,744.99,93129630,200,148998.0
2018-05-21 09:31:29.790,237108,215852,S,,20180521,744.72,93129790,100,74472.0
2018-05-21 09:31:29.790,237108,215782,S,,20180521,744.54,93129790,100,74454.0
2018-05-21 09:31:29.790,237108,220654,S,,20180521,744.01,93129790,200,148802.0
2018-05-21 09:31:30.280,237140,237432,B,,20180521,744.94,93130280,100,74494.0
2018-05-21 09:31:30.280,236925,237432,B,,20180521,744.99,93130280,100,74499.0
2018-05-21 09:31:31.310,237923,238135,B,,20180521,744.98,93131310,100,74498.0
2018-05-21 09:31:31.380,237923,238195,B,,20180521,744.98,93131380,100,74498.0
2018-05-21 09:31:31.480,237923,238256,B,,20180521,744.98,93131480,100,74498.0
2018-05-21 09:31:31.630,238221,238357,B,,20180521,744.98,93131630,200,148996.0
2018-05-21 09:31:31.630,236925,238357,B,,20180521,744.99,93131630,500,372495.0
2018-05-21 09:31:31.630,238003,238357,B,,20180521,744.99,93131630,800,595992.0
2018-05-21 09:31:31.630,236743,238357,B,,20180521,745.0,93131630,100,74500.0
2018-05-21 09:31:31.630,236910,238357,B,,20180521,745.0,93131630,200,149000.0
2018-05-21 09:31:31.670,238388,238357,S,,20180521,745.0,93131670,100,74500.0
2018-05-21 09:31:32.920,239209,238357,S,,20180521,745.0,93132920,100,74500.0
2018-05-21 09:31:33.000,236346,239237,B,,20180521,745.07,93133000,100,74507.0
2018-05-21 09:31:33.000,238389,239237,B,,20180521,745.07,93133000,100,74507.0
2018-05-21 09:31:33.000,236347,239248,B,,20180521,745.16,93133000,100,74516.0
2018-05-21 09:31:33.000,238095,239248,B,,20180521,745.16,93133000,100,74516.0
2018-05-21 09:31:33.000,238103,239248,B,,20180521,745.19,93133000,800,596152.0
2018-05-21 09:31:33.200,239383,238357,S,,20180521,745.0,93133200,100,74500.0
2018-05-21 09:31:33.220,239404,178668,S,,20180521,744.0,93133220,600,446400.0
2018-05-21 09:31:33.220,239404,181053,S,,20180521,744.0,93133220,100,74400.0
2018-05-21 09:31:33.220,239404,181159,S,,20180521,744.0,93133220,100,74400.0
2018-05-21 09:31:33.800,239383,239746,B,,20180521,744.99,93133800,200,148998.0
2018-05-21 09:31:37.410,240812,242157,B,,20180521,744.7,93137410,400,297880.0
2018-05-21 09:31:37.720,242382,181159,S,,20180521,744.0,93137720,400,297600.0
2018-05-21 09:31:37.720,242382,183936,S,,20180521,744.0,93137720,300,223200.0
2018-05-21 09:31:37.720,242382,184347,S,,20180521,744.0,93137720,100,74400.0
2018-05-21 09:31:37.720,242382,192816,S,,20180521,744.0,93137720,400,297600.0
2018-05-21 09:31:37.720,242382,205463,S,,20180521,744.0,93137720,300,223200.0
2018-05-21 09:31:37.720,242382,207772,S,,20180521,744.0,93137720,100,74400.0
2018-05-21 09:31:37.720,242382,212833,S,,20180521,744.0,93137720,200,148800.0
2018-05-21 09:31:37.720,242382,221134,S,,20180521,744.0,93137720,100,74400.0
2018-05-21 09:31:37.720,242382,182439,S,,20180521,743.99,93137720,100,74399.0
2018-05-21 09:31:37.740,240812,242416,B,,20180521,744.7,93137740,600,446820.0
2018-05-21 09:31:38.360,242805,242736,S,,20180521,744.0,93138360,100,74400.0
2018-05-21 09:31:39.210,240812,243373,B,,20180521,744.7,93139210,1000,744700.0
2018-05-21 09:31:39.210,242423,243373,B,,20180521,744.7,93139210,100,74470.0
2018-05-21 09:31:39.210,239872,243373,B,,20180521,744.72,93139210,100,74472.0
2018-05-21 09:31:40.760,244470,182439,S,,20180521,743.99,93140760,400,297596.0
2018-05-21 09:31:40.950,244624,244498,S,,20180521,743.99,93140950,100,74399.0
2018-05-21 09:31:41.420,244624,244931,B,,20180521,743.99,93141420,100,74399.0
2018-05-21 09:31:42.340,244835,245508,B,,20180521,743.99,93142340,100,74399.0
2018-05-21 09:31:43.870,246076,246486,B,,20180521,743.98,93143870,500,371990.0
2018-05-21 09:31:43.870,243386,246486,B,,20180521,744.0,93143870,200,148800.0
2018-05-21 09:31:43.870,243482,246486,B,,20180521,744.0,93143870,400,297600.0
2018-05-21 09:31:43.870,243995,246486,B,,20180521,744.0,93143870,1900,1413600.0
2018-05-21 09:31:44.350,243995,246825,B,,20180521,744.0,93144350,100,74400.0
2018-05-21 09:31:47.630,244489,248892,B,,20180521,744.0,93147630,100,74400.0
2018-05-21 09:31:47.630,246452,248892,B,,20180521,744.0,93147630,100,74400.0
2018-05-21 09:31:47.630,246853,248892,B,,20180521,744.0,93147630,100,74400.0
2018-05-21 09:31:47.630,247803,248892,B,,20180521,744.0,93147630,400,297600.0
2018-05-21 09:31:47.730,248947,246802,S,,20180521,743.8,93147730,200,148760.0
2018-05-21 09:31:47.850,247803,249030,B,,20180521,744.0,93147850,600,446400.0
2018-05-21 09:31:47.850,244490,249030,B,,20180521,744.09,93147850,100,74409.0
2018-05-21 09:31:47.850,244491,249030,B,,20180521,744.18,93147850,100,74418.0
2018-05-21 09:31:47.850,244492,249030,B,,20180521,744.27,93147850,100,74427.0
2018-05-21 09:31:48.010,241347,249109,B,,20180521,744.72,93148010,500,372360.0
2018-05-21 09:31:48.990,249727,214055,S,,20180521,743.6,93148990,100,74360.0
2018-05-21 09:31:48.990,249727,155829,S,,20180521,743.59,93148990,100,74359.0
2018-05-21 09:31:49.070,241347,249771,B,,20180521,744.72,93149070,1900,1414968.0
2018-05-21 09:31:49.070,245791,249771,B,,20180521,744.72,93149070,600,446832.0
2018-05-21 09:31:49.380,249974,249771,S,,20180521,744.72,93149380,100,74472.0
2018-05-21 09:31:49.550,250076,249771,S,,20180521,744.72,93149550,100,74472.0
2018-05-21 09:31:49.600,250098,249771,S,,20180521,744.72,93149600,300,223416.0
2018-05-21 09:31:50.020,250402,250110,S,,20180521,743.6,93150020,100,74360.0
2018-05-21 09:31:50.020,250402,115502,S,,20180521,743.5,93150020,100,74350.0
2018-05-21 09:31:50.020,250402,119738,S,,20180521,743.5,93150020,100,74350.0
2018-05-21 09:31:50.020,250402,132267,S,,20180521,743.5,93150020,200,148700.0
2018-05-21 09:31:51.140,250371,251133,B,,20180521,744.0,93151140,100,74400.0
2018-05-21 09:31:52.510,251318,251979,B,,20180521,743.6,93152510,100,74360.0
2018-05-21 09:31:52.510,250887,251979,B,,20180521,744.0,93152510,100,74400.0
2018-05-21 09:31:52.680,252071,252078,B,,20180521,743.6,93152680,100,74360.0
2018-05-21 09:31:53.030,252326,132267,S,,20180521,743.5,93153030,100,74350.0
2018-05-21 09:31:53.860,252072,252792,B,,20180521,743.7,93153860,100,74370.0
2018-05-21 09:31:53.880,252798,252792,S,,20180521,743.75,93153880,500,371875.0
2018-05-21 09:31:56.680,254549,132267,S,,20180521,743.5,93156680,1300,966550.0
2018-05-21 09:31:56.870,252073,254672,B,,20180521,743.8,93156870,100,74380.0
2018-05-21 09:31:56.910,253885,254689,B,,20180521,743.8,93156910,100,74380.0
2018-05-21 09:31:57.220,254898,132267,S,,20180521,743.5,93157220,100,74350.0
2018-05-21 09:31:57.960,254320,255352,B,,20180521,743.8,93157960,100,74380.0
2018-05-21 09:31:58.370,255609,132267,S,,20180521,743.5,93158370,200,148700.0
2018-05-21 09:31:59.110,254666,256132,B,,20180521,743.8,93159110,100,74380.0
2018-05-21 09:31:59.460,256335,132267,S,,20180521,743.5,93159460,300,223050.0
2018-05-21 09:31:59.700,256486,132267,S,,20180521,743.5,93159700,800,594800.0
2018-05-21 09:31:59.700,256486,168031,S,,20180521,743.5,93159700,100,74350.0
2018-05-21 09:31:59.700,256486,253783,S,,20180521,743.5,93159700,200,148700.0
2018-05-21 09:31:59.700,256486,164615,S,,20180521,743.03,93159700,100,74303.0
2018-05-21 09:31:59.700,256486,101702,S,,20180521,743.02,93159700,100,74302.0
2018-05-21 09:31:59.700,256486,251408,S,,20180521,743.02,93159700,700,520114.0
2018-05-21 09:31:59.720,254807,256507,B,,20180521,743.8,93159720,100,74380.0
2018-05-21 09:31:59.810,256567,251408,S,,20180521,743.02,93159810,100,74302.0
2018-05-21 09:32:00.000,256646,251408,S,,20180521,743.02,93200000,300,222906.0
2018-05-21 09:32:00.000,256646,98873,S,,20180521,743.0,93200000,700,520100.0
2018-05-21 09:32:00.000,256646,106975,S,,20180521,743.0,93200000,100,74300.0
2018-05-21 09:32:00.000,256646,123693,S,,20180521,743.0,93200000,100,74300.0
2018-05-21 09:32:00.000,256646,176790,S,,20180521,743.0,93200000,100,74300.0
2018-05-21 09:32:00.970,256646,257279,B,,20180521,743.0,93200970,100,74300.0
2018-05-21 09:32:01.960,256646,257900,B,,20180521,743.0,93201960,500,371500.0
2018-05-21 09:32:03.100,256646,258590,B,,20180521,743.0,93203100,100,74300.0
2018-05-21 09:32:03.590,256646,258877,B,,20180521,743.0,93203590,500,371500.0
2018-05-21 09:32:03.590,257348,258877,B,,20180521,743.0,93203590,100,74300.0
2018-05-21 09:32:03.590,257714,258877,B,,20180521,743.0,93203590,100,74300.0
2018-05-21 09:32:03.590,258656,258877,B,,20180521,743.0,93203590,100,74300.0
2018-05-21 09:32:04.060,257715,259166,B,,20180521,743.1,93204060,100,74310.0
2018-05-21 09:32:04.620,259550,258877,S,,20180521,743.0,93204620,200,148600.0
2018-05-21 09:32:05.150,259906,251306,S,,20180521,742.6,93205150,100,74260.0
2018-05-21 09:32:05.150,259906,257666,S,,20180521,742.6,93205150,300,222780.0
2018-05-21 09:32:05.150,259906,99758,S,,20180521,742.5,93205150,100,74250.0
2018-05-21 09:32:05.150,259906,121998,S,,20180521,742.5,93205150,100,74250.0
2018-05-21 09:32:05.150,259906,94743,S,,20180521,742.3,93205150,100,74230.0
2018-05-21 09:32:05.150,259906,169982,S,,20180521,742.3,93205150,100,74230.0
2018-05-21 09:32:05.150,259906,132491,S,,20180521,742.02,93205150,500,371010.0
2018-05-21 09:32:05.150,259906,90948,S,,20180521,742.0,93205150,200,148400.0
2018-05-21 09:32:05.150,259906,100308,S,,20180521,742.0,93205150,100,74200.0
2018-05-21 09:32:05.150,259906,120674,S,,20180521,742.0,93205150,200,148400.0
2018-05-21 09:32:05.150,259906,149292,S,,20180521,742.0,93205150,200,148400.0
2018-05-21 09:32:05.150,259580,259924,B,,20180521,743.0,93205150,100,74300.0
2018-05-21 09:32:05.790,260267,260285,B,,20180521,742.6,93205790,100,74260.0
2018-05-21 09:32:05.790,259580,260285,B,,20180521,743.0,93205790,300,222900.0
2018-05-21 09:32:06.910,257716,260923,B,,20180521,743.2,93206910,100,74320.0
2018-05-21 09:32:06.910,260456,260923,B,,20180521,743.2,93206910,300,222960.0
2018-05-21 09:32:07.680,261382,260412,S,,20180521,743.08,93207680,200,148616.0
2018-05-21 09:32:08.780,257717,262061,B,,20180521,743.3,93208780,100,74330.0
2018-05-21 09:32:08.780,259548,262061,B,,20180521,743.4,93208780,100,74340.0
2018-05-21 09:32:08.780,256824,262061,B,,20180521,743.45,93208780,100,74345.0
2018-05-21 09:32:08.780,257825,262061,B,,20180521,743.5,93208780,700,520450.0
2018-05-21 09:32:08.780,257894,262061,B,,20180521,743.5,93208780,800,594800.0
2018-05-21 09:32:08.780,258211,262061,B,,20180521,743.5,93208780,100,74350.0
2018-05-21 09:32:08.780,258680,262061,B,,20180521,743.5,93208780,800,594800.0
2018-05-21 09:32:08.780,259230,262061,B,,20180521,743.5,93208780,100,74350.0
2018-05-21 09:32:08.780,259549,262061,B,,20180521,743.5,93208780,100,74350.0
2018-05-21 09:32:08.780,260001,262061,B,,20180521,743.5,93208780,2100,1561350.0
2018-05-21 09:32:09.370,262384,262270,S,,20180521,743.1,93209370,100,74310.0
2018-05-21 09:32:09.370,262388,262270,S,,20180521,743.1,93209370,200,148620.0
2018-05-21 09:32:09.370,262388,260412,S,,20180521,743.08,93209370,300,222924.0
2018-05-21 09:32:10.150,260001,262890,B,,20180521,743.5,93210150,100,74350.0
2018-05-21 09:32:10.530,263129,262774,S,,20180521,743.2,93210530,300,222960.0
2018-05-21 09:32:10.530,263129,262849,S,,20180521,743.2,93210530,300,222960.0
2018-05-21 09:32:10.530,263129,262994,S,,20180521,743.2,93210530,200,148640.0
2018-05-21 09:32:10.650,263195,262994,S,,20180521,743.2,93210650,100,74320.0
2018-05-21 09:32:11.250,263630,263000,S,,20180521,743.2,93211250,100,74320.0
2018-05-21 09:32:12.650,264423,264249,S,,20180521,743.45,93212650,300,223035.0
2018-05-21 09:32:12.650,264423,263968,S,,20180521,743.29,93212650,100,74329.0
2018-05-21 09:32:12.650,264423,263000,S,,20180521,743.2,93212650,100,74320.0
2018-05-21 09:32:12.840,260441,264527,B,,20180521,743.5,93212840,100,74350.0
2018-05-21 09:32:12.840,260576,264527,B,,20180521,743.5,93212840,100,74350.0
2018-05-21 09:32:12.840,261821,264527,B,,20180521,743.5,93212840,100,74350.0
2018-05-21 09:32:12.840,264253,264527,B,,20180521,743.5,93212840,100,74350.0
2018-05-21 09:32:12.840,264306,264527,B,,20180521,743.5,93212840,300,223050.0
2018-05-21 09:32:13.430,264816,263000,S,,20180521,743.2,93213430,100,74320.0
2018-05-21 09:32:13.960,265203,263209,S,,20180521,743.2,93213960,100,74320.0
2018-05-21 09:32:14.150,265294,263209,S,,20180521,743.2,93214150,100,74320.0
2018-05-21 09:32:14.490,262735,265482,B,,20180521,743.59,93214490,100,74359.0
2018-05-21 09:32:14.490,261499,265482,B,,20180521,743.6,93214490,100,74360.0
2018-05-21 09:32:14.490,263346,265482,B,,20180521,743.7,93214490,100,74370.0
2018-05-21 09:32:14.490,265499,265384,S,,20180521,743.5,93214490,100,74350.0
2018-05-21 09:32:14.510,265504,265384,S,,20180521,743.5,93214510,100,74350.0
2018-05-21 09:32:14.730,255635,265659,B,,20180521,743.8,93214730,100,74380.0
2018-05-21 09:32:14.730,260034,265659,B,,20180521,743.8,93214730,200,148760.0
2018-05-21 09:32:15.160,265932,265659,S,,20180521,743.8,93215160,100,74380.0
2018-05-21 09:32:15.390,266051,265659,S,,20180521,743.8,93215390,100,74380.0
2018-05-21 09:32:15.570,266158,265659,S,,20180521,743.8,93215570,200,148760.0
2018-05-21 09:32:15.610,266205,265659,S,,20180521,743.8,93215610,100,74380.0
2018-05-21 09:32:15.690,266247,265659,S,,20180521,743.8,93215690,100,74380.0
2018-05-21 09:32:15.760,266294,265659,S,,20180521,743.8,93215760,100,74380.0
2018-05-21 09:32:16.740,266294,266882,B,,20180521,743.56,93216740,100,74356.0
2018-05-21 09:32:16.810,266294,266921,B,,20180521,743.56,93216810,100,74356.0
2018-05-21 09:32:17.360,267299,266921,S,,20180521,743.8,93217360,200,148760.0
2018-05-21 09:32:18.120,267767,266709,S,,20180521,743.52,93218120,100,74352.0
2018-05-21 09:32:18.120,267767,265384,S,,20180521,743.5,93218120,100,74350.0
2018-05-21 09:32:18.120,267769,265384,S,,20180521,743.5,93218120,100,74350.0
2018-05-21 09:32:18.210,267299,267841,B,,20180521,743.8,93218210,100,74380.0
2018-05-21 09:32:18.210,253126,267841,B,,20180521,743.99,93218210,100,74399.0
2018-05-21 09:32:18.210,258638,267841,B,,20180521,744.0,93218210,100,74400.0
2018-05-21 09:32:18.460,267991,265384,S,,20180521,743.5,93218460,100,74350.0
2018-05-21 09:32:18.610,258638,268096,B,,20180521,744.0,93218610,300,223200.0
2018-05-21 09:32:18.800,268215,268118,S,,20180521,743.8,93218800,100,74380.0
2018-05-21 09:32:18.910,258638,268318,B,,20180521,744.0,93218910,500,372000.0
2018-05-21 09:32:19.110,258638,268398,B,,20180521,744.0,93219110,3600,2678400.0
2018-05-21 09:32:19.110,253417,268398,B,,20180521,744.26,93219110,100,74426.0
2018-05-21 09:32:19.110,254417,268398,B,,20180521,744.5,93219110,2000,1489000.0
2018-05-21 09:32:19.920,263187,268999,B,,20180521,744.59,93219920,100,74459.0
2018-05-21 09:32:19.920,255458,268999,B,,20180521,744.65,93219920,100,74465.0
2018-05-21 09:32:19.920,265410,268999,B,,20180521,744.68,93219920,100,74468.0
2018-05-21 09:32:19.940,269010,268398,S,,20180521,744.5,93219940,100,74450.0
2018-05-21 09:32:20.490,250853,269431,B,,20180521,744.7,93220490,300,223410.0
2018-05-21 09:32:20.750,269599,268398,S,,20180521,744.5,93220750,100,74450.0
2018-05-21 09:32:20.790,269612,268398,S,,20180521,744.5,93220790,100,74450.0
2018-05-21 09:32:20.990,250853,269737,B,,20180521,744.7,93220990,300,223410.0
2018-05-21 09:32:21.130,269806,268398,S,,20180521,744.5,93221130,500,372250.0
2018-05-21 09:32:21.560,270053,268398,S,,20180521,744.5,93221560,100,74450.0
2018-05-21 09:32:21.800,269874,270225,B,,20180521,744.59,93221800,500,372295.0
2018-05-21 09:32:21.820,270231,268398,S,,20180521,744.5,93221820,400,297800.0
2018-05-21 09:32:21.840,270260,268837,S,,20180521,744.5,93221840,100,74450.0
2018-05-21 09:32:22.020,270353,268385,S,,20180521,743.99,93222020,300,223197.0
2018-05-21 09:32:22.020,269874,270365,B,,20180521,744.59,93222020,300,223377.0
2018-05-21 09:32:22.090,270403,270365,S,,20180521,744.59,93222090,200,148918.0
2018-05-21 09:32:22.260,270518,270365,S,,20180521,744.59,93222260,100,74459.0
2018-05-21 09:32:22.380,250853,270602,B,,20180521,744.7,93222380,1000,744700.0
2018-05-21 09:32:23.570,271377,270365,S,,20180521,744.59,93223570,200,148918.0
2018-05-21 09:32:23.570,271377,268839,S,,20180521,743.99,93223570,100,74399.0
2018-05-21 09:32:23.570,250853,271380,B,,20180521,744.7,93223570,300,223410.0
2018-05-21 09:32:24.040,271633,268839,S,,20180521,743.99,93224040,200,148798.0
2018-05-21 09:32:24.040,271633,268118,S,,20180521,743.8,93224040,100,74380.0
2018-05-21 09:32:24.390,271834,268118,S,,20180521,743.8,93224390,100,74380.0
2018-05-21 09:32:24.780,272034,268118,S,,20180521,743.8,93224780,100,74380.0
2018-05-21 09:32:24.830,250853,272081,B,,20180521,744.7,93224830,100,74470.0
2018-05-21 09:32:25.720,272617,272146,S,,20180521,744.7,93225720,100,74470.0
2018-05-21 09:32:25.910,272759,272146,S,,20180521,744.7,93225910,100,74470.0
2018-05-21 09:32:26.350,256892,272996,B,,20180521,744.71,93226350,100,74471.0
2018-05-21 09:32:26.350,250169,272996,B,,20180521,744.72,93226350,500,372360.0
2018-05-21 09:32:27.330,273580,272146,S,,20180521,744.7,93227330,100,74470.0
2018-05-21 09:32:28.340,250169,274138,B,,20180521,744.72,93228340,500,372360.0
2018-05-21 09:32:28.420,250169,274194,B,,20180521,744.72,93228420,100,74472.0
2018-05-21 09:32:28.420,242589,274194,B,,20180521,744.82,93228420,200,148964.0
2018-05-21 09:32:28.540,274273,272229,S,,20180521,744.7,93228540,100,74470.0
2018-05-21 09:32:28.670,274338,274294,S,,20180521,744.72,93228670,100,74472.0
2018-05-21 09:32:28.950,242589,274505,B,,20180521,744.82,93228950,300,223446.00000000003
2018-05-21 09:32:29.160,274611,274294,S,,20180521,744.72,93229160,100,74472.0
2018-05-21 09:32:30.920,251140,275630,B,,20180521,744.82,93230920,300,223446.00000000003
2018-05-21 09:32:31.060,275722,275630,S,,20180521,744.82,93231060,200,148964.0
2018-05-21 09:32:31.060,275722,274294,S,,20180521,744.72,93231060,400,297888.0
2018-05-21 09:32:31.060,275722,272752,S,,20180521,744.7,93231060,100,74470.0
2018-05-21 09:32:31.060,275722,273369,S,,20180521,744.0,93231060,100,74400.0
2018-05-21 09:32:31.060,275722,274874,S,,20180521,744.0,93231060,100,74400.0
2018-05-21 09:32:31.200,275796,275808,B,,20180521,744.7,93231200,100,74470.0
2018-05-21 09:32:31.390,275930,275808,S,,20180521,744.72,93231390,200,148944.0
2018-05-21 09:32:31.620,276080,275808,S,,20180521,744.72,93231620,200,148944.0
2018-05-21 09:32:31.620,276080,274874,S,,20180521,744.0,93231620,200,148800.0
2018-05-21 09:32:31.620,276080,273992,S,,20180521,743.99,93231620,100,74399.0
2018-05-21 09:32:31.620,276080,268118,S,,20180521,743.8,93231620,300,223140.0
2018-05-21 09:32:31.780,266007,276158,B,,20180521,744.9,93231780,100,74490.0
2018-05-21 09:32:33.070,276899,276762,S,,20180521,744.7,93233070,100,74470.0
2018-05-21 09:32:33.300,277020,276762,S,,20180521,744.7,93233300,100,74470.0
2018-05-21 09:32:33.470,277117,268118,S,,20180521,743.8,93233470,100,74380.0
2018-05-21 09:32:33.850,277020,277303,B,,20180521,744.59,93233850,500,372295.0
2018-05-21 09:32:34.140,277454,268118,S,,20180521,743.8,93234140,100,74380.0
2018-05-21 09:32:34.180,277020,277463,B,,20180521,744.59,93234180,300,223377.0
2018-05-21 09:32:34.270,277133,277543,B,,20180521,744.59,93234270,100,74459.0
2018-05-21 09:32:34.270,277025,277543,B,,20180521,744.7,93234270,200,148940.0
2018-05-21 09:32:34.340,277025,277580,B,,20180521,744.7,93234340,300,223410.0
2018-05-21 09:32:35.560,277313,278310,B,,20180521,744.92,93235560,100,74492.0
2018-05-21 09:32:35.560,240372,278310,B,,20180521,744.98,93235560,100,74498.0
2018-05-21 09:32:35.560,249056,278310,B,,20180521,744.98,93235560,100,74498.0
2018-05-21 09:32:35.560,254342,278310,B,,20180521,744.98,93235560,200,148996.0
2018-05-21 09:32:35.560,241749,278310,B,,20180521,744.99,93235560,500,372495.0
2018-05-21 09:32:35.560,249705,278310,B,,20180521,744.99,93235560,200,148998.0
2018-05-21 09:32:35.560,250930,278310,B,,20180521,744.99,93235560,100,74499.0
2018-05-21 09:32:35.560,240278,278310,B,,20180521,745.0,93235560,100,74500.0
2018-05-21 09:32:35.560,243046,278310,B,,20180521,745.0,93235560,100,74500.0
2018-05-21 09:32:35.560,243343,278310,B,,20180521,745.0,93235560,100,74500.0
2018-05-21 09:32:35.560,244799,278310,B,,20180521,745.0,93235560,100,74500.0
2018-05-21 09:32:35.560,244982,278310,B,,20180521,745.0,93235560,100,74500.0
2018-05-21 09:32:35.560,245016,278310,B,,20180521,745.0,93235560,200,149000.0
2018-05-21 09:32:36.740,278933,277597,S,,20180521,744.82,93236740,100,74482.0
2018-05-21 09:32:36.860,278633,279010,B,,20180521,744.92,93236860,300,223476.0
2018-05-21 09:32:36.930,278633,279044,B,,20180521,744.92,93236930,100,74492.0
2018-05-21 09:32:36.950,279063,279044,S,,20180521,744.92,93236950,100,74492.0
2018-05-21 09:32:37.710,279498,279044,S,,20180521,744.92,93237710,100,74492.0
2018-05-21 09:32:38.540,279962,279044,S,,20180521,744.92,93238540,100,74492.0
2018-05-21 09:32:38.540,279976,279044,S,,20180521,744.92,93238540,100,74492.0
2018-05-21 09:32:39.920,280795,277597,S,,20180521,744.82,93239920,200,148964.0
2018-05-21 09:32:39.920,280795,279208,S,,20180521,744.82,93239920,100,74482.0
2018-05-21 09:32:39.960,280795,280813,B,,20180521,744.72,93239960,400,297888.0
2018-05-21 09:32:39.960,245016,280813,B,,20180521,745.0,93239960,100,74500.0
2018-05-21 09:32:40.150,280907,279024,S,,20180521,744.71,93240150,100,74471.0
2018-05-21 09:32:40.220,245016,280946,B,,20180521,745.0,93240220,200,149000.0
2018-05-21 09:32:40.700,281047,281211,B,,20180521,744.72,93240700,100,74472.0
2018-05-21 09:32:40.700,281219,281211,S,,20180521,744.92,93240700,100,74492.0
2018-05-21 09:32:40.930,281402,281211,S,,20180521,744.92,93240930,100,74492.0
2018-05-21 09:32:41.530,245016,281758,B,,20180521,745.0,93241530,300,223500.0
2018-05-21 09:32:41.770,245016,281897,B,,20180521,745.0,93241770,100,74500.0
2018-05-21 09:32:41.960,245016,281981,B,,20180521,745.0,93241960,100,74500.0
2018-05-21 09:32:42.010,282026,281211,S,,20180521,744.92,93242010,100,74492.0
2018-05-21 09:32:42.970,246220,282564,B,,20180521,745.0,93242970,100,74500.0
2018-05-21 09:32:42.970,246545,282564,B,,20180521,745.0,93242970,100,74500.0
2018-05-21 09:32:42.970,248429,282564,B,,20180521,745.0,93242970,100,74500.0
2018-05-21 09:32:42.970,248634,282564,B,,20180521,745.0,93242970,100,74500.0
2018-05-21 09:32:42.970,249215,282564,B,,20180521,745.0,93242970,100,74500.0
2018-05-21 09:32:43.080,250843,282621,B,,20180521,745.0,93243080,100,74500.0
2018-05-21 09:32:43.080,258587,282621,B,,20180521,745.0,93243080,100,74500.0
2018-05-21 09:32:43.080,258685,282621,B,,20180521,745.0,93243080,100,74500.0
2018-05-21 09:32:43.160,282668,281332,S,,20180521,744.92,93243160,300,223476.0
2018-05-21 09:32:43.270,282723,281446,S,,20180521,744.92,93243270,100,74492.0
2018-05-21 09:32:44.780,260419,283647,B,,20180521,745.0,93244780,100,74500.0
2018-05-21 09:32:44.780,260593,283647,B,,20180521,745.0,93244780,100,74500.0
2018-05-21 09:32:44.780,265173,283647,B,,20180521,745.0,93244780,100,74500.0
2018-05-21 09:32:44.780,267347,283647,B,,20180521,745.0,93244780,100,74500.0
2018-05-21 09:32:44.780,270167,283647,B,,20180521,745.0,93244780,100,74500.0
2018-05-21 09:32:44.780,279922,283647,B,,20180521,745.0,93244780,100,74500.0
2018-05-21 09:32:44.780,282859,283647,B,,20180521,745.0,93244780,100,74500.0
2018-05-21 09:32:45.780,245218,284205,B,,20180521,745.1,93245780,100,74510.0
2018-05-21 09:32:46.010,245218,284355,B,,20180521,745.1,93246010,500,372550.0
2018-05-21 09:32:46.240,284468,281446,S,,20180521,744.92,93246240,200,148984.0
2018-05-21 09:32:46.240,284468,281717,S,,20180521,744.92,93246240,100,74492.0
2018-05-21 09:32:46.700,284468,284712,B,,20180521,744.92,93246700,100,74492.0
2018-05-21 09:32:47.270,284468,285139,B,,20180521,744.92,93247270,100,74492.0
2018-05-21 09:32:47.270,284902,285139,B,,20180521,744.92,93247270,100,74492.0
2018-05-21 09:32:47.270,284698,285139,B,,20180521,745.06,93247270,100,74506.0
2018-05-21 09:32:47.270,245218,285139,B,,20180521,745.1,93247270,200,149020.0
2018-05-21 09:32:47.480,245218,285239,B,,20180521,745.1,93247480,500,372550.0
2018-05-21 09:32:48.270,245218,285639,B,,20180521,745.1,93248270,300,223530.0
2018-05-21 09:32:48.460,245218,285751,B,,20180521,745.1,93248460,100,74510.0
2018-05-21 09:32:48.640,245218,285852,B,,20180521,745.1,93248640,300,223530.0
2018-05-21 09:32:48.640,283713,285852,B,,20180521,745.1,93248640,100,74510.0
2018-05-21 09:32:49.100,286102,286008,S,,20180521,745.1,93249100,200,149020.0
2018-05-21 09:32:49.100,286102,285161,S,,20180521,745.0,93249100,100,74500.0
2018-05-21 09:32:49.100,286102,285929,S,,20180521,745.0,93249100,400,298000.0
2018-05-21 09:32:49.240,244109,286169,B,,20180521,745.16,93249240,100,74516.0
2018-05-21 09:32:49.430,286271,285929,S,,20180521,745.0,93249430,100,74500.0
2018-05-21 09:32:49.460,238103,286294,B,,20180521,745.19,93249460,300,223557.00000000003
2018-05-21 09:32:49.640,286419,285929,S,,20180521,745.0,93249640,100,74500.0
2018-05-21 09:32:49.700,238103,286432,B,,20180521,745.19,93249700,800,596152.0
2018-05-21 09:32:49.700,286441,285929,S,,20180521,745.0,93249700,100,74500.0
2018-05-21 09:32:49.890,238103,286592,B,,20180521,745.19,93249890,100,74519.0
2018-05-21 09:32:50.130,286735,285930,S,,20180521,745.0,93250130,100,74500.0
2018-05-21 09:32:50.130,242536,286738,B,,20180521,745.2,93250130,100,74520.0
2018-05-21 09:32:50.130,243063,286738,B,,20180521,745.2,93250130,100,74520.0
2018-05-21 09:32:50.130,282161,286738,B,,20180521,745.2,93250130,100,74520.0
2018-05-21 09:32:50.860,287112,285934,S,,20180521,745.0,93250860,400,298000.0
2018-05-21 09:32:51.170,246356,287306,B,,20180521,745.23,93251170,100,74523.0
2018-05-21 09:32:51.250,287349,287306,S,,20180521,745.23,93251250,200,149046.0
2018-05-21 09:32:51.360,287349,287406,B,,20180521,745.19,93251360,200,149038.0
2018-05-21 09:32:51.620,287349,287552,B,,20180521,745.19,93251620,400,298076.0
2018-05-21 09:32:52.140,287320,287869,B,,20180521,745.29,93252140,300,223587.0
2018-05-21 09:32:52.160,287320,287902,B,,20180521,745.29,93252160,400,298116.0
2018-05-21 09:32:52.670,287320,288137,B,,20180521,745.29,93252670,100,74529.0
2018-05-21 09:32:52.670,239690,288137,B,,20180521,745.3,93252670,200,149060.0
2018-05-21 09:32:53.080,288398,288332,S,,20180521,745.2,93253080,100,74520.0
2018-05-21 09:32:53.080,288398,287678,S,,20180521,745.19,93253080,100,74519.0
2018-05-21 09:32:53.080,288398,288234,S,,20180521,745.19,93253080,100,74519.0
2018-05-21 09:32:53.390,234150,288582,B,,20180521,745.37,93253390,200,149074.0
2018-05-21 09:32:53.510,288652,288582,S,,20180521,745.37,93253510,100,74537.0
2018-05-21 09:32:53.830,288841,288234,S,,20180521,745.19,93253830,200,149038.0
2018-05-21 09:32:53.830,288841,287703,S,,20180521,745.16,93253830,100,74516.0
2018-05-21 09:32:54.050,239598,288974,B,,20180521,745.38,93254050,100,74538.0
2018-05-21 09:32:54.050,269084,288974,B,,20180521,745.4,93254050,200,149080.0
2018-05-21 09:32:54.810,269084,289386,B,,20180521,745.4,93254810,100,74540.0
2018-05-21 09:32:55.650,269084,289912,B,,20180521,745.4,93255650,200,149080.0
2018-05-21 09:32:55.650,277115,289912,B,,20180521,745.4,93255650,100,74540.0
2018-05-21 09:32:56.450,290474,289595,S,,20180521,745.38,93256450,100,74538.0
2018-05-21 09:32:56.630,290580,289595,S,,20180521,745.38,93256630,100,74538.0
2018-05-21 09:32:56.810,261212,290707,B,,20180521,745.42,93256810,100,74542.0
2018-05-21 09:32:56.810,230188,290707,B,,20180521,745.47,93256810,100,74547.0
2018-05-21 09:32:56.810,236859,290707,B,,20180521,745.48,93256810,100,74548.0
2018-05-21 09:32:57.010,236859,290842,B,,20180521,745.48,93257010,300,223644.0
2018-05-21 09:32:57.140,236859,290897,B,,20180521,745.48,93257140,300,223644.0
2018-05-21 09:32:58.020,236859,291388,B,,20180521,745.48,93258020,300,223644.0
2018-05-21 09:32:58.020,231213,291388,B,,20180521,745.49,93258020,200,149098.0
2018-05-21 09:32:58.020,168950,291388,B,,20180521,745.5,93258020,100,74550.0
2018-05-21 09:32:58.300,223905,291587,B,,20180521,745.5,93258300,100,74550.0
2018-05-21 09:32:58.300,224600,291587,B,,20180521,745.5,93258300,200,149100.0
2018-05-21 09:32:58.700,291814,291797,S,,20180521,745.4,93258700,200,149080.0
2018-05-21 09:32:58.950,224600,292006,B,,20180521,745.5,93258950,100,74550.0
2018-05-21 09:32:59.000,224600,292016,B,,20180521,745.5,93259000,200,149100.0
2018-05-21 09:32:59.360,224600,292266,B,,20180521,745.5,93259360,100,74550.0
2018-05-21 09:32:59.360,292276,291797,S,,20180521,745.4,93259360,400,298160.0
2018-05-21 09:32:59.360,292276,292258,S,,20180521,745.4,93259360,300,223620.0
2018-05-21 09:32:59.360,292276,289310,S,,20180521,745.3,93259360,200,149060.0
2018-05-21 09:32:59.410,292308,289310,S,,20180521,745.3,93259410,100,74530.0
2018-05-21 09:32:59.720,224600,292473,B,,20180521,745.5,93259720,100,74550.0
2018-05-21 09:33:00.070,224600,292670,B,,20180521,745.5,93300070,100,74550.0
2018-05-21 09:33:01.500,224600,293496,B,,20180521,745.5,93301500,300,223650.0
2018-05-21 09:33:01.550,293525,292998,S,,20180521,745.48,93301550,100,74548.0
2018-05-21 09:33:01.620,224600,293575,B,,20180521,745.5,93301620,800,596400.0
2018-05-21 09:33:01.810,224600,293672,B,,20180521,745.5,93301810,500,372750.0
2018-05-21 09:33:01.910,293734,292998,S,,20180521,745.48,93301910,900,670932.0
2018-05-21 09:33:02.080,293846,292998,S,,20180521,745.48,93302080,100,74548.0
2018-05-21 09:33:02.080,293846,289659,S,,20180521,745.3,93302080,800,596240.0
2018-05-21 09:33:02.080,293846,290153,S,,20180521,745.3,93302080,300,223590.0
2018-05-21 09:33:02.080,293846,291896,S,,20180521,745.3,93302080,100,74530.0
2018-05-21 09:33:02.080,293846,288939,S,,20180521,745.23,93302080,300,223569.0
2018-05-21 09:33:02.080,293846,289172,S,,20180521,745.23,93302080,300,223569.0
2018-05-21 09:33:02.080,293846,291897,S,,20180521,745.21,93302080,100,74521.0
2018-05-21 09:33:02.080,293846,287703,S,,20180521,745.16,93302080,200,149032.0
2018-05-21 09:33:02.080,293846,287945,S,,20180521,745.16,93302080,100,74516.0
2018-05-21 09:33:02.270,293981,293864,S,,20180521,745.49,93302270,100,74549.0
2018-05-21 09:33:02.450,224600,294096,B,,20180521,745.5,93302450,600,447300.0
2018-05-21 09:33:02.570,224600,294156,B,,20180521,745.5,93302570,100,74550.0
2018-05-21 09:33:02.740,224600,294275,B,,20180521,745.5,93302740,300,223650.0
2018-05-21 09:33:02.850,294339,294309,S,,20180521,745.47,93302850,200,149094.0
2018-05-21 09:33:02.850,294339,294206,S,,20180521,745.4,93302850,300,223620.0
2018-05-21 09:33:03.310,224600,294593,B,,20180521,745.5,93303310,300,223650.0
2018-05-21 09:33:03.310,294595,294206,S,,20180521,745.4,93303310,800,596320.0
2018-05-21 09:33:03.740,224600,294823,B,,20180521,745.5,93303740,100,74550.0
2018-05-21 09:33:03.940,224600,294931,B,,20180521,745.5,93303940,400,298200.0
2018-05-21 09:33:03.970,224600,294955,B,,20180521,745.5,93303970,100,74550.0
2018-05-21 09:33:04.100,224600,295047,B,,20180521,745.5,93304100,100,74550.0
2018-05-21 09:33:04.670,224600,295367,B,,20180521,745.5,93304670,200,149100.0
2018-05-21 09:33:04.860,224600,295499,B,,20180521,745.5,93304860,300,223650.0
2018-05-21 09:33:05.040,224600,295585,B,,20180521,745.5,93305040,100,74550.0
2018-05-21 09:33:05.040,229704,295585,B,,20180521,745.5,93305040,100,74550.0
2018-05-21 09:33:05.040,241472,295585,B,,20180521,745.5,93305040,100,74550.0
2018-05-21 09:33:05.350,295764,294206,S,,20180521,745.4,93305350,100,74540.0
2018-05-21 09:33:05.460,255000,295812,B,,20180521,745.5,93305460,100,74550.0
2018-05-21 09:33:06.230,295974,296268,B,,20180521,745.49,93306230,100,74549.0
2018-05-21 09:33:06.230,268769,296268,B,,20180521,745.5,93306230,100,74550.0
2018-05-21 09:33:06.230,296249,296268,B,,20180521,745.5,93306230,700,521850.0
2018-05-21 09:33:06.490,193876,296416,B,,20180521,745.56,93306490,100,74556.0
2018-05-21 09:33:06.820,193876,296608,B,,20180521,745.56,93306820,600,447335.99999999994
2018-05-21 09:33:07.350,193876,296917,B,,20180521,745.56,93307350,300,223667.99999999997
2018-05-21 09:33:07.420,106643,296966,B,,20180521,745.58,93307420,300,223674.0
2018-05-21 09:33:08.320,297506,297188,S,,20180521,745.58,93308320,100,74558.0
2018-05-21 09:33:08.720,297707,297001,S,,20180521,745.55,93308720,100,74555.0
2018-05-21 09:33:08.830,297782,296268,S,,20180521,745.5,93308830,200,149100.0
2018-05-21 09:33:09.250,268691,298005,B,,20180521,745.6,93309250,100,74560.0
2018-05-21 09:33:09.350,298072,296268,S,,20180521,745.5,93309350,600,447300.0
2018-05-21 09:33:09.940,212751,298379,B,,20180521,745.64,93309940,100,74564.0
2018-05-21 09:33:09.940,296857,298379,B,,20180521,745.64,93309940,100,74564.0
2018-05-21 09:33:10.880,298867,298814,S,,20180521,745.64,93310880,200,149128.0
2018-05-21 09:33:10.880,298867,298076,S,,20180521,745.56,93310880,200,149112.0
2018-05-21 09:33:10.880,298867,296268,S,,20180521,745.5,93310880,100,74550.0
2018-05-21 09:33:11.290,299099,298929,S,,20180521,745.56,93311290,100,74556.0
2018-05-21 09:33:11.290,299099,296268,S,,20180521,745.5,93311290,400,298200.0
2018-05-21 09:33:12.660,299952,299462,S,,20180521,745.64,93312660,200,149128.0
2018-05-21 09:33:12.660,299952,299687,S,,20180521,745.64,93312660,400,298256.0
2018-05-21 09:33:12.660,299952,296268,S,,20180521,745.5,93312660,300,223650.0
2018-05-21 09:33:12.660,299952,296351,S,,20180521,745.5,93312660,100,74550.0
2018-05-21 09:33:12.680,61875,299969,B,,20180521,745.74,93312680,100,74574.0
2018-05-21 09:33:12.680,250503,299969,B,,20180521,745.8,93312680,100,74580.0
2018-05-21 09:33:12.680,217879,299969,B,,20180521,745.86,93312680,100,74586.0
2018-05-21 09:33:12.780,145998,300040,B,,20180521,745.88,93312780,100,74588.0
2018-05-21 09:33:12.780,292957,300040,B,,20180521,745.88,93312780,100,74588.0
2018-05-21 09:33:12.780,180685,300040,B,,20180521,745.9,93312780,100,74590.0
2018-05-21 09:33:13.400,122209,300406,B,,20180521,745.98,93313400,100,74598.0
2018-05-21 09:33:13.400,221911,300406,B,,20180521,745.98,93313400,100,74598.0
2018-05-21 09:33:13.400,230618,300406,B,,20180521,745.98,93313400,100,74598.0
2018-05-21 09:33:13.780,300608,300045,S,,20180521,745.64,93313780,100,74564.0
2018-05-21 09:33:13.920,300696,300045,S,,20180521,745.64,93313920,200,149128.0
2018-05-21 09:33:14.180,300828,300045,S,,20180521,745.64,93314180,100,74564.0
2018-05-21 09:33:14.300,300869,300045,S,,20180521,745.64,93314300,100,74564.0
2018-05-21 09:33:14.320,300893,300045,S,,20180521,745.64,93314320,100,74564.0
2018-05-21 09:33:15.330,297406,301493,B,,20180521,745.98,93315330,100,74598.0
2018-05-21 09:33:15.400,297406,301569,B,,20180521,745.98,93315400,100,74598.0
2018-05-21 09:33:15.890,301848,300984,S,,20180521,745.86,93315890,100,74586.0
2018-05-21 09:33:16.010,297406,301922,B,,20180521,745.98,93316010,800,596784.0
2018-05-21 09:33:16.050,301942,300984,S,,20180521,745.86,93316050,100,74586.0
2018-05-21 09:33:16.300,302059,300984,S,,20180521,745.86,93316300,100,74586.0
2018-05-21 09:33:16.300,302059,300543,S,,20180521,745.64,93316300,100,74564.0
2018-05-21 09:33:16.390,302153,300555,S,,20180521,745.64,93316390,100,74564.0
2018-05-21 09:33:16.710,302290,300767,S,,20180521,745.64,93316710,100,74564.0
2018-05-21 09:33:16.710,302290,301314,S,,20180521,745.58,93316710,100,74558.0
2018-05-21 09:33:16.710,302290,301197,S,,20180521,745.56,93316710,200,149112.0
2018-05-21 09:33:16.710,302290,298011,S,,20180521,745.5,93316710,100,74550.0
2018-05-21 09:33:16.710,302290,298364,S,,20180521,745.5,93316710,200,149100.0
2018-05-21 09:33:16.710,302290,299778,S,,20180521,745.5,93316710,100,74550.0
2018-05-21 09:33:17.110,302510,302413,S,,20180521,745.64,93317110,100,74564.0
2018-05-21 09:33:18.560,303278,302458,S,,20180521,745.6,93318560,100,74560.0
2018-05-21 09:33:18.600,303304,299993,S,,20180521,745.5,93318600,100,74550.0
2018-05-21 09:33:19.360,303770,303343,S,,20180521,745.74,93319360,100,74574.0
2018-05-21 09:33:19.680,303953,303842,S,,20180521,745.64,93319680,100,74564.0
2018-05-21 09:33:20.210,162471,304254,B,,20180521,745.99,93320210,100,74599.0
2018-05-21 09:33:20.520,304428,304264,S,,20180521,745.64,93320520,100,74564.0
2018-05-21 09:33:20.520,304428,303847,S,,20180521,745.62,93320520,100,74562.0
2018-05-21 09:33:20.950,181167,304693,B,,20180521,745.99,93320950,100,74599.0
2018-05-21 09:33:20.950,218717,304693,B,,20180521,745.99,93320950,300,223797.0
2018-05-21 09:33:20.950,233984,304693,B,,20180521,745.99,93320950,100,74599.0
2018-05-21 09:33:20.950,10746,304693,B,,20180521,746.0,93320950,100,74600.0
2018-05-21 09:33:20.950,43306,304693,B,,20180521,746.0,93320950,100,74600.0
2018-05-21 09:33:20.950,44678,304693,B,,20180521,746.0,93320950,500,373000.0
2018-05-21 09:33:20.950,56474,304693,B,,20180521,746.0,93320950,100,74600.0
2018-05-21 09:33:20.950,63799,304693,B,,20180521,746.0,93320950,100,74600.0
2018-05-21 09:33:20.950,80543,304693,B,,20180521,746.0,93320950,100,74600.0
2018-05-21 09:33:20.950,103055,304693,B,,20180521,746.0,93320950,100,74600.0
2018-05-21 09:33:20.950,125418,304693,B,,20180521,746.0,93320950,100,74600.0
2018-05-21 09:33:20.950,179729,304693,B,,20180521,746.0,93320950,100,74600.0
2018-05-21 09:33:20.950,180119,304693,B,,20180521,746.0,93320950,100,74600.0
2018-05-21 09:33:20.950,187511,304693,B,,20180521,746.0,93320950,100,74600.0
2018-05-21 09:33:20.950,236305,304693,B,,20180521,746.0,93320950,100,74600.0
2018-05-21 09:33:20.950,249048,304693,B,,20180521,746.0,93320950,700,522200.0
2018-05-21 09:33:21.630,305069,304609,S,,20180521,745.79,93321630,100,74579.0
2018-05-21 09:33:22.000,304845,305263,B,,20180521,745.99,93322000,500,372995.0
2018-05-21 09:33:22.750,304845,305649,B,,20180521,745.99,93322750,100,74599.0
2018-05-21 09:33:23.850,304845,306267,B,,20180521,745.99,93323850,100,74599.0
2018-05-21 09:33:23.850,305441,306267,B,,20180521,745.99,93323850,100,74599.0
2018-05-21 09:33:23.890,305441,306294,B,,20180521,745.99,93323890,200,149198.0
2018-05-21 09:33:24.430,305441,306602,B,,20180521,745.99,93324430,100,74599.0
2018-05-21 09:33:24.890,305441,306843,B,,20180521,745.99,93324890,100,74599.0
2018-05-21 09:33:25.030,305441,306933,B,,20180521,745.99,93325030,100,74599.0
2018-05-21 09:33:25.730,305441,307290,B,,20180521,745.99,93325730,300,223797.0
2018-05-21 09:33:25.820,305441,307349,B,,20180521,745.99,93325820,1100,820589.0
2018-05-21 09:33:26.050,249048,307470,B,,20180521,746.0,93326050,1300,969800.0
2018-05-21 09:33:26.050,256044,307470,B,,20180521,746.0,93326050,100,74600.0
2018-05-21 09:33:26.050,270273,307470,B,,20180521,746.0,93326050,100,74600.0
2018-05-21 09:33:26.050,280992,307470,B,,20180521,746.0,93326050,100,74600.0
2018-05-21 09:33:26.050,282609,307470,B,,20180521,746.0,93326050,100,74600.0
2018-05-21 09:33:26.050,292745,307470,B,,20180521,746.0,93326050,100,74600.0
2018-05-21 09:33:26.050,298736,307470,B,,20180521,746.0,93326050,100,74600.0
2018-05-21 09:33:26.050,301523,307470,B,,20180521,746.0,93326050,100,74600.0
2018-05-21 09:33:26.050,302769,307470,B,,20180521,746.0,93326050,100,74600.0
2018-05-21 09:33:26.050,307391,307470,B,,20180521,746.0,93326050,300,223800.0
2018-05-21 09:33:26.270,307582,307470,S,,20180521,746.0,93326270,100,74600.0
2018-05-21 09:33:26.380,307652,307470,S,,20180521,746.0,93326380,300,223800.0
2018-05-21 09:33:26.520,662,307726,B,,20180521,746.12,93326520,100,74612.0
2018-05-21 09:33:26.870,279098,307909,B,,20180521,746.15,93326870,100,74615.0
2018-05-21 09:33:26.870,163271,307909,B,,20180521,746.18,93326870,100,74618.0
2018-05-21 09:33:27.610,308267,307909,S,,20180521,746.18,93327610,100,74618.0
2018-05-21 09:33:27.610,308267,307903,S,,20180521,746.08,93327610,100,74608.0
2018-05-21 09:33:27.890,11060,308437,B,,20180521,746.3,93327890,100,74630.0
2018-05-21 09:33:28.700,30079,308861,B,,20180521,746.4,93328700,100,74640.0
2018-05-21 09:33:28.700,134931,308861,B,,20180521,746.4,93328700,100,74640.0
2018-05-21 09:33:29.420,309221,308534,S,,20180521,746.3,93329420,100,74630.0
2018-05-21 09:33:29.420,309221,308718,S,,20180521,746.3,93329420,100,74630.0
2018-05-21 09:33:29.420,309221,309042,S,,20180521,746.18,93329420,100,74618.0
2018-05-21 09:33:29.420,309221,308591,S,,20180521,746.02,93329420,400,298408.0
2018-05-21 09:33:29.420,309221,307470,S,,20180521,746.0,93329420,300,223800.0
2018-05-21 09:33:30.890,134931,310053,B,,20180521,746.4,93330890,100,74640.0
2018-05-21 09:33:30.940,310081,307470,S,,20180521,746.0,93330940,100,74600.0
2018-05-21 09:33:31.050,310146,307470,S,,20180521,746.0,93331050,100,74600.0
2018-05-21 09:33:31.070,134931,310169,B,,20180521,746.4,93331070,100,74640.0
2018-05-21 09:33:31.350,310317,310293,S,,20180521,746.15,93331350,100,74615.0
2018-05-21 09:33:31.350,310317,307470,S,,20180521,746.0,93331350,700,522200.0
2018-05-21 09:33:32.090,310721,307470,S,,20180521,746.0,93332090,100,74600.0
2018-05-21 09:33:32.210,310767,307470,S,,20180521,746.0,93332210,200,149200.0
2018-05-21 09:33:32.320,310850,307470,S,,20180521,746.0,93332320,100,74600.0
2018-05-21 09:33:33.200,311334,310945,S,,20180521,746.2,93333200,500,373100.0
2018-05-21 09:33:33.610,311537,307470,S,,20180521,746.0,93333610,5000,3730000.0
2018-05-21 09:33:33.860,311334,311650,B,,20180521,746.02,93333860,300,223806.0
2018-05-21 09:33:34.700,134931,312108,B,,20180521,746.4,93334700,200,149280.0
2018-05-21 09:33:35.540,312551,312108,S,,20180521,746.4,93335540,200,149280.0
2018-05-21 09:33:36.220,312883,312108,S,,20180521,746.4,93336220,700,522480.0
2018-05-21 09:33:36.290,34352,312916,B,,20180521,746.43,93336290,100,74643.0
2018-05-21 09:33:37.680,225820,313706,B,,20180521,746.48,93337680,100,74648.0
2018-05-21 09:33:38.120,313662,313967,B,,20180521,746.48,93338120,100,74648.0
2018-05-21 09:33:38.210,80515,314018,B,,20180521,746.5,93338210,100,74650.0
2018-05-21 09:33:38.210,124013,314018,B,,20180521,746.5,93338210,100,74650.0
2018-05-21 09:33:38.210,168251,314018,B,,20180521,746.5,93338210,100,74650.0
2018-05-21 09:33:38.210,305047,314018,B,,20180521,746.56,93338210,200,149312.0
2018-05-21 09:33:40.050,315036,312916,S,,20180521,746.45,93340050,100,74645.0
2018-05-21 09:33:40.540,305047,315299,B,,20180521,746.56,93340540,800,597248.0
2018-05-21 09:33:41.350,315777,315135,S,,20180521,746.5,93341350,200,149300.0
2018-05-21 09:33:41.470,315844,315116,S,,20180521,746.48,93341470,100,74648.0
2018-05-21 09:33:43.040,149160,316627,B,,20180521,746.58,93343040,100,74658.0
2018-05-21 09:33:43.040,166598,316627,B,,20180521,746.66,93343040,100,74666.0
2018-05-21 09:33:43.040,225618,316627,B,,20180521,746.66,93343040,100,74666.0
2018-05-21 09:33:44.550,317510,315116,S,,20180521,746.48,93344550,100,74648.0
2018-05-21 09:33:44.770,317630,312916,S,,20180521,746.45,93344770,15,11196.75
2018-05-21 09:33:45.890,318247,312916,S,,20180521,746.45,93345890,85,63448.25000000001
2018-05-21 09:33:45.890,318247,315791,S,,20180521,746.45,93345890,15,11196.75
2018-05-21 09:33:47.780,319232,315791,S,,20180521,746.45,93347780,100,74645.0
2018-05-21 09:33:47.880,317708,319289,B,,20180521,746.5,93347880,100,74650.0
2018-05-21 09:33:48.770,316982,319773,B,,20180521,746.58,93348770,100,74658.0
2018-05-21 09:33:48.770,317677,319773,B,,20180521,746.58,93348770,500,373290.0
2018-05-21 09:33:49.530,317538,320151,B,,20180521,746.6,93349530,100,74660.0
2018-05-21 09:33:49.650,317538,320235,B,,20180521,746.6,93349650,100,74660.0
2018-05-21 09:33:49.700,317538,320256,B,,20180521,746.6,93349700,100,74660.0
2018-05-21 09:33:50.080,316983,320490,B,,20180521,746.67,93350080,100,74667.0
