,AskOrder,BidOrder,BSFlags,FunctionCode,Date,Price,Time,Volume,Amount
2018-05-08 09:25:00.130,85960,54716,S,,20180508,698.03,92500130,100,69803.0
2018-05-08 09:25:00.130,96479,54716,S,,20180508,698.03,92500130,400,279212.0
2018-05-08 09:25:00.130,55993,54716,S,,20180508,698.03,92500130,1000,698030.0
2018-05-08 09:25:00.130,55993,59035,B,,20180508,698.03,92500130,200,139606.0
2018-05-08 09:25:00.130,63787,59035,S,,20180508,698.03,92500130,100,69803.0
2018-05-08 09:25:00.130,63787,61327,S,,20180508,698.03,92500130,100,69803.0
2018-05-08 09:25:00.130,63787,65147,B,,20180508,698.03,92500130,100,69803.0
2018-05-08 09:25:00.130,75909,65147,S,,20180508,698.03,92500130,200,139606.0
2018-05-08 09:25:00.130,75909,65478,S,,20180508,698.03,92500130,100,69803.0
2018-05-08 09:25:00.130,75909,65986,S,,20180508,698.03,92500130,600,418818.0
2018-05-08 09:25:00.130,77581,65986,S,,20180508,698.03,92500130,200,139606.0
2018-05-08 09:25:00.130,53058,65986,B,,20180508,698.03,92500130,600,418818.0
2018-05-08 09:25:00.130,64407,65986,B,,20180508,698.03,92500130,300,209409.0
2018-05-08 09:25:00.130,72295,65986,S,,20180508,698.03,92500130,300,209409.0
2018-05-08 09:25:00.130,96915,65986,S,,20180508,698.03,92500130,1000,698030.0
2018-05-08 09:25:00.130,96915,74565,S,,20180508,698.03,92500130,600,418818.0
2018-05-08 09:25:00.130,96915,76032,S,,20180508,698.03,92500130,200,139606.0
2018-05-08 09:25:00.130,96915,76317,S,,20180508,698.03,92500130,100,69803.0
2018-05-08 09:25:00.130,96915,77430,S,,20180508,698.03,92500130,100,69803.0
2018-05-08 09:25:00.130,96915,78593,S,,20180508,698.03,92500130,100,69803.0
2018-05-08 09:25:00.130,97396,79760,S,,20180508,698.03,92500130,100,69803.0
2018-05-08 09:25:00.130,97396,80879,S,,20180508,698.03,92500130,100,69803.0
2018-05-08 09:25:00.130,99298,82046,S,,20180508,698.03,92500130,100,69803.0
2018-05-08 09:25:00.130,99298,82334,S,,20180508,698.03,92500130,500,349015.0
2018-05-08 09:25:00.130,99298,82671,S,,20180508,698.03,92500130,100,69803.0
2018-05-08 09:25:00.130,32711,82671,B,,20180508,698.03,92500130,100,69803.0
2018-05-08 09:25:00.130,99754,82671,S,,20180508,698.03,92500130,100,69803.0
2018-05-08 09:25:00.130,36253,82671,B,,20180508,698.03,92500130,400,279212.0
2018-05-08 09:25:00.130,36253,94576,B,,20180508,698.03,92500130,200,139606.0
2018-05-08 09:25:00.130,59882,100527,B,,20180508,698.03,92500130,100,69803.0
2018-05-08 09:25:00.130,90531,100527,B,,20180508,698.03,92500130,100,69803.0
2018-05-08 09:25:00.130,90751,100527,B,,20180508,698.03,92500130,100,69803.0
2018-05-08 09:25:00.130,93535,100527,B,,20180508,698.03,92500130,100,69803.0
2018-05-08 09:25:00.130,96474,100527,B,,20180508,698.03,92500130,100,69803.0
2018-05-08 09:25:00.130,93047,100527,B,,20180508,698.03,92500130,400,279212.0
2018-05-08 09:25:00.130,88149,100527,B,,20180508,698.03,92500130,700,488621.0
2018-05-08 09:25:00.130,94194,100527,B,,20180508,698.03,92500130,2200,1535666.0
2018-05-08 09:25:00.130,94975,100527,B,,20180508,698.03,92500130,1300,907439.0
2018-05-08 09:25:00.130,94975,101352,B,,20180508,698.03,92500130,1900,1326257.0
2018-05-08 09:25:00.130,94975,75132,S,,20180508,698.03,92500130,100,69803.0
2018-05-08 09:25:00.130,94975,84091,S,,20180508,698.03,92500130,200,139606.0
2018-05-08 09:25:00.130,94975,89570,S,,20180508,698.03,92500130,200,139606.0
2018-05-08 09:25:00.130,94975,98144,B,,20180508,698.03,92500130,200,139606.0
2018-05-08 09:25:00.130,94975,8365,S,,20180508,698.03,92500130,2100,1465863.0
2018-05-08 09:25:00.130,78699,8365,S,,20180508,698.03,92500130,200,139606.0
2018-05-08 09:25:00.130,92836,8365,S,,20180508,698.03,92500130,100,69803.0
2018-05-08 09:25:00.130,92179,8365,S,,20180508,698.03,92500130,100,69803.0
2018-05-08 09:25:00.130,100828,8365,S,,20180508,698.03,92500130,200,139606.0
2018-05-08 09:25:00.130,79022,8365,S,,20180508,698.03,92500130,900,628227.0
2018-05-08 09:25:00.130,83960,8365,S,,20180508,698.03,92500130,1000,698030.0
2018-05-08 09:25:00.130,87428,8365,S,,20180508,698.03,92500130,100,69803.0
2018-05-08 09:25:00.130,87428,67631,S,,20180508,698.03,92500130,100,69803.0
2018-05-08 09:25:00.130,87428,65883,S,,20180508,698.03,92500130,100,69803.0
2018-05-08 09:25:00.130,90518,34869,S,,20180508,698.03,92500130,100,69803.0
2018-05-08 09:25:00.130,90518,94841,B,,20180508,698.03,92500130,300,209409.0
2018-05-08 09:25:00.130,91137,94841,B,,20180508,698.03,92500130,100,69803.0
2018-05-08 09:25:00.130,92399,94841,B,,20180508,698.03,92500130,100,69803.0
2018-05-08 09:25:00.130,92399,27200,S,,20180508,698.03,92500130,100,69803.0
2018-05-08 09:25:00.130,97811,27200,S,,20180508,698.03,92500130,100,69803.0
2018-05-08 09:25:00.130,85860,27200,S,,20180508,698.03,92500130,200,139606.0
2018-05-08 09:25:00.130,85860,82416,S,,20180508,698.03,92500130,200,139606.0
2018-05-08 09:25:00.130,85860,73606,S,,20180508,698.03,92500130,100,69803.0
2018-05-08 09:25:00.130,93458,73606,S,,20180508,698.03,92500130,200,139606.0
2018-05-08 09:25:00.130,93458,88761,S,,20180508,698.03,92500130,100,69803.0
2018-05-08 09:25:00.130,93458,100506,B,,20180508,698.03,92500130,100,69803.0
2018-05-08 09:25:00.130,93458,100558,B,,20180508,698.03,92500130,100,69803.0
2018-05-08 09:25:00.130,93458,96913,B,,20180508,698.03,92500130,1500,1047045.0
2018-05-08 09:25:00.130,93458,98589,B,,20180508,698.03,92500130,600,418818.0
2018-05-08 09:25:00.130,93458,92394,S,,20180508,698.03,92500130,100,69803.0
2018-05-08 09:25:00.130,93458,68347,S,,20180508,698.03,92500130,100,69803.0
2018-05-08 09:25:00.130,93458,68912,S,,20180508,698.03,92500130,100,69803.0
2018-05-08 09:25:00.130,93458,95429,B,,20180508,698.03,92500130,1600,1116848.0
2018-05-08 09:25:00.130,93458,86442,S,,20180508,698.03,92500130,100,69803.0
2018-05-08 09:25:00.130,93458,76158,S,,20180508,698.03,92500130,300,209409.0
2018-05-08 09:25:00.130,93458,79481,S,,20180508,698.03,92500130,100,69803.0
2018-05-08 09:25:00.130,93458,80816,S,,20180508,698.03,92500130,100,69803.0
2018-05-08 09:25:00.130,93458,81601,S,,20180508,698.03,92500130,200,139606.0
2018-05-08 09:25:00.130,93458,88407,S,,20180508,698.03,92500130,100,69803.0
2018-05-08 09:25:00.130,93458,92217,S,,20180508,698.03,92500130,100,69803.0
2018-05-08 09:25:00.130,97298,92217,S,,20180508,698.03,92500130,100,69803.0
2018-05-08 09:25:00.130,98824,92217,S,,20180508,698.03,92500130,100,69803.0
2018-05-08 09:25:00.130,101079,83505,S,,20180508,698.03,92500130,200,139606.0
2018-05-08 09:25:00.130,101079,85377,S,,20180508,698.03,92500130,100,69803.0
2018-05-08 09:25:00.130,101079,93544,S,,20180508,698.03,92500130,1700,1186651.0
2018-05-08 09:25:00.130,99536,93544,S,,20180508,698.03,92500130,100,69803.0
2018-05-08 09:25:00.130,11114,93544,B,,20180508,698.03,92500130,200,139606.0
2018-05-08 09:25:00.130,75758,93544,B,,20180508,698.03,92500130,300,209409.0
2018-05-08 09:25:00.130,75758,82040,B,,20180508,698.03,92500130,2000,1396060.0
2018-05-08 09:25:00.130,75758,88094,B,,20180508,698.03,92500130,200,139606.0
2018-05-08 09:25:00.130,91920,88094,S,,20180508,698.03,92500130,400,279212.0
2018-05-08 09:25:00.130,91920,92050,B,,20180508,698.03,92500130,600,418818.0
2018-05-08 09:25:00.130,95147,92050,S,,20180508,698.03,92500130,200,139606.0
2018-05-08 09:25:00.130,95365,92050,S,,20180508,698.03,92500130,100,69803.0
2018-05-08 09:25:00.130,96532,92050,S,,20180508,698.03,92500130,100,69803.0
2018-05-08 09:25:00.130,96532,80678,S,,20180508,698.03,92500130,100,69803.0
2018-05-08 09:25:00.130,96532,82441,S,,20180508,698.03,92500130,300,209409.0
2018-05-08 09:25:00.130,96755,82441,S,,20180508,698.03,92500130,700,488621.0
2018-05-08 09:25:00.130,97154,82441,S,,20180508,698.03,92500130,300,209409.0
2018-05-08 09:25:00.130,97478,82441,S,,20180508,698.03,92500130,700,488621.0
2018-05-08 09:25:00.130,98019,91263,S,,20180508,698.03,92500130,100,69803.0
2018-05-08 09:25:00.130,98020,97715,S,,20180508,698.03,92500130,100,69803.0
2018-05-08 09:25:00.130,98030,97715,S,,20180508,698.03,92500130,100,69803.0
2018-05-08 09:25:00.130,98033,31497,S,,20180508,698.03,92500130,100,69803.0
2018-05-08 09:25:00.130,98033,32705,S,,20180508,698.03,92500130,100,69803.0
2018-05-08 09:25:00.130,98033,38486,S,,20180508,698.03,92500130,100,69803.0
2018-05-08 09:25:00.130,98033,56905,S,,20180508,698.03,92500130,100,69803.0
2018-05-08 09:25:00.130,98489,56905,S,,20180508,698.03,92500130,100,69803.0
2018-05-08 09:25:00.130,98489,77196,S,,20180508,698.03,92500130,400,279212.0
2018-05-08 09:25:00.130,98489,78460,S,,20180508,698.03,92500130,300,209409.0
2018-05-08 09:25:00.130,98489,79454,S,,20180508,698.03,92500130,100,69803.0
2018-05-08 09:25:00.130,98549,80656,S,,20180508,698.03,92500130,100,69803.0
2018-05-08 09:25:00.130,98779,85127,S,,20180508,698.03,92500130,100,69803.0
2018-05-08 09:25:00.130,98977,86103,S,,20180508,698.03,92500130,400,279212.0
2018-05-08 09:25:00.130,98977,87739,S,,20180508,698.03,92500130,100,69803.0
2018-05-08 09:25:00.130,98977,88183,S,,20180508,698.03,92500130,100,69803.0
2018-05-08 09:25:00.130,98977,90019,S,,20180508,698.03,92500130,100,69803.0
2018-05-08 09:25:00.130,98977,90252,S,,20180508,698.03,92500130,200,139606.0
2018-05-08 09:25:00.130,98977,97069,S,,20180508,698.03,92500130,200,139606.0
2018-05-08 09:25:00.130,98977,97136,S,,20180508,698.03,92500130,100,69803.0
2018-05-08 09:25:00.130,98977,42102,S,,20180508,698.03,92500130,100,69803.0
2018-05-08 09:25:00.130,98977,44777,S,,20180508,698.03,92500130,100,69803.0
2018-05-08 09:25:00.130,98977,97614,S,,20180508,698.03,92500130,100,69803.0
2018-05-08 09:25:00.130,98977,77919,S,,20180508,698.03,92500130,200,139606.0
2018-05-08 09:25:00.130,98977,94033,S,,20180508,698.03,92500130,100,69803.0
2018-05-08 09:25:00.130,98977,63313,S,,20180508,698.03,92500130,200,139606.0
2018-05-08 09:25:00.130,99584,63313,S,,20180508,698.03,92500130,100,69803.0
2018-05-08 09:25:00.130,98536,32988,S,,20180508,698.03,92500130,100,69803.0
2018-05-08 09:25:00.130,98536,13621,S,,20180508,698.03,92500130,100,69803.0
2018-05-08 09:25:00.130,98536,58746,S,,20180508,698.03,92500130,100,69803.0
2018-05-08 09:25:00.130,98536,100395,B,,20180508,698.03,92500130,100,69803.0
2018-05-08 09:25:00.130,97523,100395,B,,20180508,698.03,92500130,300,209409.0
2018-05-08 09:25:00.130,100188,100395,B,,20180508,698.03,92500130,100,69803.0
2018-05-08 09:25:00.130,100939,100395,S,,20180508,698.03,92500130,100,69803.0
2018-05-08 09:25:00.130,8088,100395,B,,20180508,698.03,92500130,2200,1535666.0
2018-05-08 09:25:00.130,8088,100882,B,,20180508,698.03,92500130,800,558424.0
2018-05-08 09:25:00.130,11745,100882,B,,20180508,698.03,92500130,100,69803.0
2018-05-08 09:25:00.130,65731,100882,B,,20180508,698.03,92500130,100,69803.0
2018-05-08 09:25:00.130,98645,100882,B,,20180508,698.03,92500130,200,139606.0
2018-05-08 09:25:00.130,99055,100882,B,,20180508,698.03,92500130,100,69803.0
2018-05-08 09:25:00.130,100786,100882,B,,20180508,698.03,92500130,100,69803.0
2018-05-08 09:25:00.130,102171,100882,S,,20180508,698.03,92500130,200,139606.0
2018-05-08 09:25:00.130,95721,100882,B,,20180508,698.03,92500130,100,69803.0
2018-05-08 09:25:00.130,32452,100882,B,,20180508,698.03,92500130,100,69803.0
2018-05-08 09:25:00.130,79780,100882,B,,20180508,698.03,92500130,200,139606.0
2018-05-08 09:25:00.130,100887,100882,S,,20180508,698.03,92500130,100,69803.0
2018-05-08 09:25:00.130,64596,100882,B,,20180508,698.03,92500130,100,69803.0
2018-05-08 09:25:00.130,73801,100882,B,,20180508,698.03,92500130,100,69803.0
2018-05-08 09:25:00.130,74124,100882,B,,20180508,698.03,92500130,100,69803.0
2018-05-08 09:25:00.130,75119,100882,B,,20180508,698.03,92500130,100,69803.0
2018-05-08 09:25:00.130,79398,100882,B,,20180508,698.03,92500130,100,69803.0
2018-05-08 09:25:00.130,80784,100882,B,,20180508,698.03,92500130,100,69803.0
2018-05-08 09:25:00.130,90416,100882,B,,20180508,698.03,92500130,1200,837636.0
2018-05-08 09:25:00.130,92509,100882,B,,20180508,698.03,92500130,200,139606.0
2018-05-08 09:25:00.130,93786,100882,B,,20180508,698.03,92500130,100,69803.0
2018-05-08 09:25:00.130,93786,101105,B,,20180508,698.03,92500130,100,69803.0
2018-05-08 09:25:00.130,94512,101105,B,,20180508,698.03,92500130,300,209409.0
2018-05-08 09:25:00.130,97250,101105,B,,20180508,698.03,92500130,500,349015.0
2018-05-08 09:25:00.130,101516,101105,S,,20180508,698.03,92500130,2600,1814878.0
2018-05-08 09:30:00.050,80719,102298,B,,20180508,698.08,93000050,100,69808.0
2018-05-08 09:30:00.050,10843,102298,B,,20180508,698.15,93000050,100,69815.0
2018-05-08 09:30:00.050,27312,102298,B,,20180508,698.15,93000050,100,69815.0
2018-05-08 09:30:00.080,7747,102301,B,,20180508,698.17,93000080,100,69817.0
2018-05-08 09:30:00.080,26843,102301,B,,20180508,698.17,93000080,100,69817.0
2018-05-08 09:30:00.080,36280,102301,B,,20180508,698.17,93000080,100,69817.0
2018-05-08 09:30:00.080,53056,102301,B,,20180508,698.17,93000080,100,69817.0
2018-05-08 09:30:00.080,54889,102301,B,,20180508,698.17,93000080,100,69817.0
2018-05-08 09:30:00.080,63070,102301,B,,20180508,698.17,93000080,100,69817.0
2018-05-08 09:30:00.080,75976,102301,B,,20180508,698.17,93000080,200,139634.0
2018-05-08 09:30:00.080,91847,102301,B,,20180508,698.17,93000080,100,69817.0
2018-05-08 09:30:00.080,93678,102301,B,,20180508,698.17,93000080,100,69817.0
2018-05-08 09:30:00.080,94192,102301,B,,20180508,698.17,93000080,300,209451.0
2018-05-08 09:30:00.230,102539,102301,S,,20180508,698.17,93000230,300,209451.0
2018-05-08 09:30:00.230,102539,102303,S,,20180508,698.17,93000230,1600,1117072.0
2018-05-08 09:30:00.230,102539,102513,S,,20180508,698.17,93000230,1300,907621.0
2018-05-08 09:30:00.230,102539,102514,S,,20180508,698.17,93000230,1300,907621.0
2018-05-08 09:30:00.230,102539,102383,S,,20180508,698.08,93000230,2600,1815008.0
2018-05-08 09:30:00.230,102539,102384,S,,20180508,698.08,93000230,400,279232.0
2018-05-08 09:30:00.230,102539,102510,S,,20180508,698.08,93000230,500,349040.0
2018-05-08 09:30:00.230,102539,102511,S,,20180508,698.08,93000230,1027,716928.16
2018-05-08 09:30:00.230,102558,102511,S,,20180508,698.08,93000230,600,418848.0
2018-05-08 09:30:00.360,103106,102580,S,,20180508,698.17,93000360,100,69817.0
2018-05-08 09:30:00.390,59320,103202,B,,20180508,699.0,93000390,100,69900.0
2018-05-08 09:30:00.390,87462,103202,B,,20180508,699.0,93000390,200,139800.0
2018-05-08 09:30:00.420,88112,103547,B,,20180508,699.0,93000420,100,69900.0
2018-05-08 09:30:00.420,90781,103547,B,,20180508,699.0,93000420,100,69900.0
2018-05-08 09:30:00.420,92188,103547,B,,20180508,699.0,93000420,100,69900.0
2018-05-08 09:30:00.420,93386,103547,B,,20180508,699.0,93000420,1000,699000.0
2018-05-08 09:30:00.420,102586,103547,B,,20180508,699.0,93000420,100,69900.0
2018-05-08 09:30:00.420,60286,103547,B,,20180508,699.21,93000420,100,69921.0
2018-05-08 09:30:00.420,81608,103547,B,,20180508,699.47,93000420,200,139894.0
2018-05-08 09:30:00.420,92078,103547,B,,20180508,699.5,93000420,100,69950.0
2018-05-08 09:30:00.420,81004,103547,B,,20180508,699.62,93000420,200,139924.0
2018-05-08 09:30:00.460,103782,102580,S,,20180508,698.17,93000460,100,69817.0
2018-05-08 09:30:00.580,81004,104257,B,,20180508,699.62,93000580,100,69962.0
2018-05-08 09:30:00.580,104390,102580,S,,20180508,698.17,93000580,100,69817.0
2018-05-08 09:30:00.580,58805,104591,B,,20180508,699.75,93000580,100,69975.0
2018-05-08 09:30:00.580,98793,104591,B,,20180508,699.77,93000580,100,69977.0
2018-05-08 09:30:00.580,51198,104591,B,,20180508,699.99,93000580,100,69999.0
2018-05-08 09:30:00.580,85505,104591,B,,20180508,699.99,93000580,100,69999.0
2018-05-08 09:30:00.580,86635,104591,B,,20180508,699.99,93000580,100,69999.0
2018-05-08 09:30:00.580,87046,104591,B,,20180508,699.99,93000580,100,69999.0
2018-05-08 09:30:00.580,105168,102580,S,,20180508,698.17,93000580,100,69817.0
2018-05-08 09:30:00.650,87448,106084,B,,20180508,699.99,93000650,100,69999.0
2018-05-08 09:30:00.710,106155,105460,S,,20180508,699.8,93000710,100,69980.0
2018-05-08 09:30:00.710,106345,105460,S,,20180508,699.8,93000710,100,69980.0
2018-05-08 09:30:00.710,106561,105460,S,,20180508,699.8,93000710,100,69980.0
2018-05-08 09:30:00.760,106868,105460,S,,20180508,699.8,93000760,100,69980.0
2018-05-08 09:30:00.840,107692,105460,S,,20180508,699.8,93000840,100,69980.0
2018-05-08 09:30:00.840,107870,105460,S,,20180508,699.8,93000840,200,139960.0
2018-05-08 09:30:00.840,107870,106746,S,,20180508,698.23,93000840,700,488761.0
2018-05-08 09:30:00.840,107870,105363,S,,20180508,698.2,93000840,1100,768020.0
2018-05-08 09:30:00.890,108317,106083,S,,20180508,698.18,93000890,100,69818.0
2018-05-08 09:30:01.080,110662,102580,S,,20180508,698.17,93001080,100,69817.0
2018-05-08 09:30:01.140,111923,102580,S,,20180508,698.17,93001140,100,69817.0
2018-05-08 09:30:01.190,112240,102580,S,,20180508,698.17,93001190,100,69817.0
2018-05-08 09:30:01.190,112502,102580,S,,20180508,698.17,93001190,100,69817.0
2018-05-08 09:30:01.190,112694,102580,S,,20180508,698.17,93001190,200,139634.0
2018-05-08 09:30:01.250,113195,102580,S,,20180508,698.17,93001250,100,69817.0
2018-05-08 09:30:01.290,113508,102580,S,,20180508,698.17,93001290,100,69817.0
2018-05-08 09:30:01.290,113517,102580,S,,20180508,698.17,93001290,100,69817.0
2018-05-08 09:30:01.290,113664,102580,S,,20180508,698.17,93001290,200,139634.0
2018-05-08 09:30:01.330,114225,102580,S,,20180508,698.17,93001330,100,69817.0
2018-05-08 09:30:01.330,114225,103470,S,,20180508,698.17,93001330,100,69817.0
2018-05-08 09:30:01.370,114623,103470,S,,20180508,698.17,93001370,200,139634.0
2018-05-08 09:30:01.370,112111,114719,B,,20180508,698.98,93001370,500,349490.0
2018-05-08 09:30:01.410,115003,103470,S,,20180508,698.17,93001410,100,69817.0
2018-05-08 09:30:01.410,115130,103470,S,,20180508,698.17,93001410,100,69817.0
2018-05-08 09:30:01.490,116392,103470,S,,20180508,698.17,93001490,100,69817.0
2018-05-08 09:30:01.580,117077,103470,S,,20180508,698.17,93001580,100,69817.0
2018-05-08 09:30:01.650,118016,103470,S,,20180508,698.17,93001650,100,69817.0
2018-05-08 09:30:01.720,118367,103470,S,,20180508,698.17,93001720,500,349085.0
2018-05-08 09:30:01.720,118367,108677,S,,20180508,698.17,93001720,100,69817.0
2018-05-08 09:30:01.720,118367,112908,S,,20180508,698.17,93001720,400,279268.0
2018-05-08 09:30:01.790,119014,112908,S,,20180508,698.17,93001790,300,209451.0
2018-05-08 09:30:01.860,119523,119356,S,,20180508,698.22,93001860,100,69822.0
2018-05-08 09:30:02.100,121348,112908,S,,20180508,698.17,93002100,100,69817.0
2018-05-08 09:30:02.100,121558,112908,S,,20180508,698.17,93002100,100,69817.0
2018-05-08 09:30:02.100,121588,114304,S,,20180508,698.16,93002100,100,69816.0
2018-05-08 09:30:02.140,122178,110178,S,,20180508,698.15,93002140,100,69815.0
2018-05-08 09:30:02.140,112111,122261,B,,20180508,698.98,93002140,100,69898.0
2018-05-08 09:30:02.180,122568,110178,S,,20180508,698.15,93002180,600,418890.0
2018-05-08 09:30:02.180,122568,120418,S,,20180508,698.15,93002180,100,69815.0
2018-05-08 09:30:02.180,122568,108740,S,,20180508,698.11,93002180,200,139622.0
2018-05-08 09:30:02.180,122568,104961,S,,20180508,698.1,93002180,100,69810.0
2018-05-08 09:30:02.180,122568,102511,S,,20180508,698.08,93002180,873,609423.8400000001
2018-05-08 09:30:02.180,122568,102971,S,,20180508,698.08,93002180,400,279232.0
2018-05-08 09:30:02.180,122568,102972,S,,20180508,698.08,93002180,2027,1415008.1600000001
2018-05-08 09:30:02.180,122961,102972,S,,20180508,698.08,93002180,100,69808.0
2018-05-08 09:30:02.180,123105,102972,S,,20180508,698.08,93002180,100,69808.0
2018-05-08 09:30:02.280,124034,102972,S,,20180508,698.08,93002280,100,69808.0
2018-05-08 09:30:02.280,124498,102972,S,,20180508,698.08,93002280,273,190575.84000000003
2018-05-08 09:30:02.280,124498,104198,S,,20180508,698.08,93002280,100,69808.0
2018-05-08 09:30:02.280,124498,105395,S,,20180508,698.08,93002280,27,18848.16
2018-05-08 09:30:02.280,125156,105395,S,,20180508,698.08,93002280,73,50959.840000000004
2018-05-08 09:30:02.280,125156,106183,S,,20180508,698.08,93002280,100,69808.0
2018-05-08 09:30:02.280,125156,106288,S,,20180508,698.08,93002280,727,507504.16000000003
2018-05-08 09:30:02.280,115790,125380,B,,20180508,698.98,93002280,100,69898.0
2018-05-08 09:30:02.280,125478,106288,S,,20180508,698.08,93002280,273,190575.84000000003
2018-05-08 09:30:02.280,125478,107082,S,,20180508,698.08,93002280,57,39790.560000000005
2018-05-08 09:30:02.280,125496,107082,S,,20180508,698.08,93002280,43,30017.440000000002
2018-05-08 09:30:02.280,125496,109538,S,,20180508,698.08,93002280,27,18848.16
2018-05-08 09:30:02.280,125520,109538,S,,20180508,698.08,93002280,73,50959.840000000004
2018-05-08 09:30:02.280,125520,111393,S,,20180508,698.08,93002280,27,18848.16
2018-05-08 09:30:02.390,126059,111393,S,,20180508,698.08,93002390,73,50959.840000000004
2018-05-08 09:30:02.390,126059,112302,S,,20180508,698.08,93002390,27,18848.16
2018-05-08 09:30:02.390,126279,112302,S,,20180508,698.08,93002390,100,69808.0
2018-05-08 09:30:02.390,127148,126810,S,,20180508,698.11,93002390,100,69811.0
2018-05-08 09:30:02.500,115790,127498,B,,20180508,698.98,93002500,100,69898.0
2018-05-08 09:30:02.500,124277,127498,B,,20180508,698.98,93002500,100,69898.0
2018-05-08 09:30:02.500,109948,127498,B,,20180508,698.99,93002500,100,69899.0
2018-05-08 09:30:02.500,122967,127498,B,,20180508,698.99,93002500,600,419394.0
2018-05-08 09:30:02.500,125933,127498,B,,20180508,699.0,93002500,100,69900.0
2018-05-08 09:30:02.500,125933,127505,B,,20180508,699.0,93002500,300,209700.0
2018-05-08 09:30:02.500,127853,127505,S,,20180508,699.0,93002500,200,139800.0
2018-05-08 09:30:02.500,127940,127505,S,,20180508,699.0,93002500,100,69900.0
2018-05-08 09:30:02.500,128183,127505,S,,20180508,699.0,93002500,200,139800.0
2018-05-08 09:30:02.500,128189,127478,S,,20180508,698.18,93002500,100,69818.0
2018-05-08 09:30:02.500,128190,128194,B,,20180508,698.91,93002500,100,69891.0
2018-05-08 09:30:02.610,129357,128194,S,,20180508,699.0,93002610,100,69900.0
2018-05-08 09:30:02.610,130183,128194,S,,20180508,699.0,93002610,100,69900.0
2018-05-08 09:30:02.680,130386,128194,S,,20180508,699.0,93002680,100,69900.0
2018-05-08 09:30:02.680,130553,128193,S,,20180508,698.58,93002680,100,69858.0
2018-05-08 09:30:02.730,131171,128193,S,,20180508,698.58,93002730,100,69858.0
2018-05-08 09:30:02.810,132184,128191,S,,20180508,698.18,93002810,100,69818.0
2018-05-08 09:30:02.850,132796,129041,S,,20180508,698.18,93002850,100,69818.0
2018-05-08 09:30:02.930,133940,128192,S,,20180508,698.17,93002930,100,69817.0
2018-05-08 09:30:03.060,131658,135024,B,,20180508,698.9,93003060,100,69890.0
2018-05-08 09:30:03.060,119324,135024,B,,20180508,699.55,93003060,100,69955.0
2018-05-08 09:30:03.060,135116,133993,S,,20180508,698.2,93003060,100,69820.0
2018-05-08 09:30:03.100,135525,128192,S,,20180508,698.17,93003100,100,69817.0
2018-05-08 09:30:03.180,136074,132987,S,,20180508,698.17,93003180,100,69817.0
2018-05-08 09:30:03.180,119324,136317,B,,20180508,699.55,93003180,200,139910.0
2018-05-08 09:30:03.230,136795,136757,S,,20180508,698.18,93003230,100,69818.0
2018-05-08 09:30:03.230,136927,132987,S,,20180508,698.17,93003230,100,69817.0
2018-05-08 09:30:03.230,136927,132988,S,,20180508,698.17,93003230,100,69817.0
2018-05-08 09:30:03.230,136927,135833,S,,20180508,698.17,93003230,100,69817.0
2018-05-08 09:30:03.230,136927,126810,S,,20180508,698.11,93003230,100,69811.0
2018-05-08 09:30:03.230,136927,112302,S,,20180508,698.08,93003230,373,260383.84000000003
2018-05-08 09:30:03.230,136927,113838,S,,20180508,698.08,93003230,100,69808.0
2018-05-08 09:30:03.230,136927,114960,S,,20180508,698.08,93003230,100,69808.0
2018-05-08 09:30:03.230,136927,118060,S,,20180508,698.08,93003230,27,18848.16
2018-05-08 09:30:03.350,137775,137483,S,,20180508,699.0,93003350,100,69900.0
2018-05-08 09:30:03.350,137851,137533,S,,20180508,698.18,93003350,100,69818.0
2018-05-08 09:30:03.350,137851,118060,S,,20180508,698.08,93003350,973,679231.8400000001
2018-05-08 09:30:03.350,137851,118087,S,,20180508,698.08,93003350,100,69808.0
2018-05-08 09:30:03.350,137851,118680,S,,20180508,698.08,93003350,27,18848.16
2018-05-08 09:30:03.390,138081,118680,S,,20180508,698.08,93003390,73,50959.840000000004
2018-05-08 09:30:03.390,138081,118681,S,,20180508,698.08,93003390,27,18848.16
2018-05-08 09:30:03.430,138356,138376,B,,20180508,698.9,93003430,100,69890.0
2018-05-08 09:30:03.430,114260,138376,B,,20180508,699.85,93003430,800,559880.0
2018-05-08 09:30:03.430,128292,138376,B,,20180508,699.85,93003430,100,69985.0
2018-05-08 09:30:03.600,139800,139121,S,,20180508,698.17,93003600,100,69817.0
2018-05-08 09:30:03.670,140159,118681,S,,20180508,698.08,93003670,73,50959.840000000004
2018-05-08 09:30:03.670,140159,120713,S,,20180508,698.08,93003670,127,88656.16
2018-05-08 09:30:03.670,140207,120713,S,,20180508,698.08,93003670,100,69808.0
2018-05-08 09:30:03.740,140486,120713,S,,20180508,698.08,93003740,300,209424.0
2018-05-08 09:30:03.810,140810,120713,S,,20180508,698.08,93003810,100,69808.0
2018-05-08 09:30:04.050,139348,141750,B,,20180508,698.88,93004050,600,419328.0
2018-05-08 09:30:04.050,139227,141750,B,,20180508,699.0,93004050,100,69900.0
2018-05-08 09:30:04.050,112137,141750,B,,20180508,699.86,93004050,300,209958.0
2018-05-08 09:30:04.350,143319,141108,S,,20180508,698.17,93004350,200,139634.0
2018-05-08 09:30:04.430,143885,141108,S,,20180508,698.17,93004430,200,139634.0
2018-05-08 09:30:04.430,143901,141108,S,,20180508,698.17,93004430,100,69817.0
2018-05-08 09:30:04.430,144152,141108,S,,20180508,698.17,93004430,100,69817.0
2018-05-08 09:30:04.640,145486,144588,S,,20180508,698.2,93004640,100,69820.0
2018-05-08 09:30:04.640,145486,141108,S,,20180508,698.17,93004640,700,488719.0
2018-05-08 09:30:04.640,145486,144387,S,,20180508,698.17,93004640,100,69817.0
2018-05-08 09:30:04.640,145486,120713,S,,20180508,698.08,93004640,73,50959.840000000004
2018-05-08 09:30:04.640,145486,120815,S,,20180508,698.08,93004640,100,69808.0
2018-05-08 09:30:04.640,145486,121069,S,,20180508,698.08,93004640,100,69808.0
2018-05-08 09:30:04.640,145486,126423,S,,20180508,698.08,93004640,100,69808.0
2018-05-08 09:30:04.640,145486,127469,S,,20180508,698.08,93004640,500,349040.0
2018-05-08 09:30:04.640,145486,127502,S,,20180508,698.08,93004640,1200,837696.0
2018-05-08 09:30:04.640,145486,128385,S,,20180508,698.08,93004640,300,209424.0
2018-05-08 09:30:04.640,145486,131385,S,,20180508,698.08,93004640,100,69808.0
2018-05-08 09:30:04.640,145486,133873,S,,20180508,698.08,93004640,100,69808.0
2018-05-08 09:30:04.640,145486,134171,S,,20180508,698.08,93004640,100,69808.0
2018-05-08 09:30:04.640,145486,135459,S,,20180508,698.08,93004640,100,69808.0
2018-05-08 09:30:04.640,145486,140803,S,,20180508,698.08,93004640,100,69808.0
2018-05-08 09:30:04.640,145486,137059,S,,20180508,698.07,93004640,100,69807.0
2018-05-08 09:30:04.640,145486,117055,S,,20180508,698.06,93004640,100,69806.0
2018-05-08 09:30:04.640,145486,124645,S,,20180508,698.04,93004640,1027,716887.08
2018-05-08 09:30:04.750,146289,146009,S,,20180508,699.0,93004750,100,69900.0
2018-05-08 09:30:04.780,146364,146009,S,,20180508,699.0,93004780,100,69900.0
2018-05-08 09:30:04.780,146415,146009,S,,20180508,699.0,93004780,100,69900.0
2018-05-08 09:30:04.900,144116,147077,B,,20180508,699.2,93004900,200,139840.0
2018-05-08 09:30:05.150,148102,147783,S,,20180508,699.01,93005150,100,69901.0
2018-05-08 09:30:05.550,144116,149120,B,,20180508,699.2,93005550,200,139840.0
2018-05-08 09:30:05.610,149237,147783,S,,20180508,699.01,93005610,100,69901.0
2018-05-08 09:30:05.750,149535,147783,S,,20180508,699.01,93005750,100,69901.0
2018-05-08 09:30:05.750,149537,147783,S,,20180508,699.01,93005750,300,209703.0
2018-05-08 09:30:06.300,150604,146513,S,,20180508,698.99,93006300,100,69899.0
2018-05-08 09:30:06.540,150848,146513,S,,20180508,698.99,93006540,100,69899.0
2018-05-08 09:30:06.540,150848,145580,S,,20180508,698.17,93006540,100,69817.0
2018-05-08 09:30:06.540,150848,146189,S,,20180508,698.08,93006540,100,69808.0
2018-05-08 09:30:06.540,150848,146591,S,,20180508,698.08,93006540,200,139616.0
2018-05-08 09:30:06.540,150848,147907,S,,20180508,698.08,93006540,400,279232.0
2018-05-08 09:30:06.720,150984,147907,S,,20180508,698.08,93006720,100,69808.0
2018-05-08 09:30:07.370,144116,151551,B,,20180508,699.2,93007370,200,139840.0
2018-05-08 09:30:07.420,144116,151585,B,,20180508,699.2,93007420,200,139840.0
2018-05-08 09:30:07.420,144116,151586,B,,20180508,699.2,93007420,400,279680.0
2018-05-08 09:30:08.720,152206,151453,S,,20180508,699.01,93008720,100,69901.0
2018-05-08 09:30:09.280,152370,151453,S,,20180508,699.01,93009280,500,349505.0
2018-05-08 09:30:10.700,152822,151549,S,,20180508,698.58,93010700,100,69858.0
2018-05-08 09:30:11.160,152968,152877,S,,20180508,698.59,93011160,100,69859.0
2018-05-08 09:30:11.230,152370,153001,B,,20180508,699.01,93011230,100,69901.0
2018-05-08 09:30:11.230,152700,153001,B,,20180508,699.01,93011230,100,69901.0
2018-05-08 09:30:11.230,152733,153001,B,,20180508,699.01,93011230,600,419406.0
2018-05-08 09:30:13.350,153701,153061,S,,20180508,698.79,93013350,100,69879.0
2018-05-08 09:30:13.720,153835,153819,S,,20180508,699.1,93013720,100,69910.0
2018-05-08 09:30:13.960,144116,153917,B,,20180508,699.2,93013960,100,69920.0
2018-05-08 09:30:14.010,144116,153945,B,,20180508,699.2,93014010,100,69920.0
2018-05-08 09:30:14.070,144116,153981,B,,20180508,699.2,93014070,100,69920.0
2018-05-08 09:30:14.070,153984,153819,S,,20180508,699.1,93014070,100,69910.0
2018-05-08 09:30:14.840,144116,154239,B,,20180508,699.2,93014840,200,139840.0
2018-05-08 09:30:15.500,154435,153903,S,,20180508,699.1,93015500,100,69910.0
2018-05-08 09:30:16.480,144116,154733,B,,20180508,699.2,93016480,100,69920.0
2018-05-08 09:30:16.530,144116,154762,B,,20180508,699.2,93016530,100,69920.0
2018-05-08 09:30:16.580,154788,153903,S,,20180508,699.1,93016580,100,69910.0
2018-05-08 09:30:16.860,154890,154789,S,,20180508,699.01,93016860,500,349505.0
2018-05-08 09:30:17.080,154949,154980,B,,20180508,699.1,93017080,100,69910.0
2018-05-08 09:30:17.080,144116,154980,B,,20180508,699.2,93017080,100,69920.0
2018-05-08 09:30:17.080,153530,154980,B,,20180508,699.2,93017080,200,139840.0
2018-05-08 09:30:17.080,145478,154980,B,,20180508,699.21,93017080,100,69921.0
2018-05-08 09:30:17.260,145478,155063,B,,20180508,699.21,93017260,100,69921.0
2018-05-08 09:30:18.650,155538,155104,S,,20180508,699.2,93018650,100,69920.0
2018-05-08 09:30:18.800,155600,155104,S,,20180508,699.2,93018800,100,69920.0
2018-05-08 09:30:19.720,145478,155891,B,,20180508,699.21,93019720,100,69921.0
2018-05-08 09:30:19.890,155973,155104,S,,20180508,699.2,93019890,100,69920.0
2018-05-08 09:30:20.470,156181,155980,S,,20180508,699.21,93020470,100,69921.0
2018-05-08 09:30:20.520,156205,155104,S,,20180508,699.2,93020520,100,69920.0
2018-05-08 09:30:20.790,156300,156278,S,,20180508,699.21,93020790,100,69921.0
2018-05-08 09:30:20.790,155921,156303,B,,20180508,699.66,93020790,100,69966.0
2018-05-08 09:30:22.030,156765,156678,S,,20180508,699.27,93022030,100,69927.0
2018-05-08 09:30:22.400,156881,156678,S,,20180508,699.27,93022400,300,209781.0
2018-05-08 09:30:22.830,157021,156278,S,,20180508,699.21,93022830,100,69921.0
2018-05-08 09:30:24.830,156558,157727,B,,20180508,699.7,93024830,300,209910.0
2018-05-08 09:30:25.830,157728,158097,B,,20180508,699.7,93025830,100,69970.0
2018-05-08 09:30:26.390,112137,158320,B,,20180508,699.86,93026390,200,139972.0
2018-05-08 09:30:26.600,112137,158414,B,,20180508,699.86,93026600,100,69986.0
2018-05-08 09:30:27.040,158587,157405,S,,20180508,699.5,93027040,100,69950.0
2018-05-08 09:30:27.660,158806,157405,S,,20180508,699.5,93027660,100,69950.0
2018-05-08 09:30:27.950,112137,158918,B,,20180508,699.86,93027950,100,69986.0
2018-05-08 09:30:28.670,159169,157405,S,,20180508,699.5,93028670,1300,909350.0
2018-05-08 09:30:28.670,159169,157601,S,,20180508,699.5,93028670,100,69950.0
2018-05-08 09:30:28.670,159169,158074,S,,20180508,699.5,93028670,100,69950.0
2018-05-08 09:30:28.670,159169,158677,S,,20180508,699.5,93028670,900,629550.0
2018-05-08 09:30:29.900,159003,159708,B,,20180508,699.8,93029900,100,69980.0
2018-05-08 09:30:30.680,160010,158677,S,,20180508,699.5,93030680,100,69950.0
2018-05-08 09:30:31.030,160156,160115,S,,20180508,699.51,93031030,100,69951.0
2018-05-08 09:30:31.080,159924,160179,B,,20180508,699.87,93031080,100,69987.0
2018-05-08 09:30:31.110,160203,160115,S,,20180508,699.51,93031110,100,69951.0
2018-05-08 09:30:32.450,160770,160641,S,,20180508,699.87,93032450,100,69987.0
2018-05-08 09:30:32.750,116051,160887,B,,20180508,699.88,93032750,100,69988.0
2018-05-08 09:30:32.750,142470,160887,B,,20180508,699.93,93032750,200,139986.0
2018-05-08 09:30:32.750,87867,160887,B,,20180508,699.99,93032750,100,69999.0
2018-05-08 09:30:32.750,88493,160887,B,,20180508,699.99,93032750,100,69999.0
2018-05-08 09:30:32.750,108660,160887,B,,20180508,699.99,93032750,100,69999.0
2018-05-08 09:30:32.750,119126,160887,B,,20180508,699.99,93032750,600,419994.0
2018-05-08 09:30:32.750,125242,160887,B,,20180508,699.99,93032750,200,139998.0
2018-05-08 09:30:32.750,156014,160887,B,,20180508,699.99,93032750,1000,699990.0
2018-05-08 09:30:32.750,11222,160887,B,,20180508,700.0,93032750,100,70000.0
2018-05-08 09:30:32.750,14176,160887,B,,20180508,700.0,93032750,100,70000.0
2018-05-08 09:30:32.750,21753,160887,B,,20180508,700.0,93032750,400,280000.0
2018-05-08 09:30:32.750,35617,160887,B,,20180508,700.0,93032750,100,70000.0
2018-05-08 09:30:32.750,41577,160887,B,,20180508,700.0,93032750,100,70000.0
2018-05-08 09:30:32.750,50258,160887,B,,20180508,700.0,93032750,100,70000.0
2018-05-08 09:30:32.750,54888,160887,B,,20180508,700.0,93032750,200,140000.0
2018-05-08 09:30:32.750,76392,160887,B,,20180508,700.0,93032750,100,70000.0
2018-05-08 09:30:32.750,77421,160887,B,,20180508,700.0,93032750,400,280000.0
2018-05-08 09:30:32.750,77571,160887,B,,20180508,700.0,93032750,100,70000.0
2018-05-08 09:30:32.750,77823,160887,B,,20180508,700.0,93032750,100,70000.0
2018-05-08 09:30:32.750,79155,160887,B,,20180508,700.0,93032750,100,70000.0
2018-05-08 09:30:32.750,79322,160887,B,,20180508,700.0,93032750,200,140000.0
2018-05-08 09:30:32.750,80075,160887,B,,20180508,700.0,93032750,100,70000.0
2018-05-08 09:30:32.750,80388,160887,B,,20180508,700.0,93032750,100,70000.0
2018-05-08 09:30:32.750,80960,160887,B,,20180508,700.0,93032750,100,70000.0
2018-05-08 09:30:32.750,82592,160887,B,,20180508,700.0,93032750,100,70000.0
2018-05-08 09:30:32.750,84125,160887,B,,20180508,700.0,93032750,200,140000.0
2018-05-08 09:30:32.750,84429,160887,B,,20180508,700.0,93032750,100,70000.0
2018-05-08 09:30:32.750,84986,160887,B,,20180508,700.0,93032750,100,70000.0
2018-05-08 09:30:32.750,86696,160887,B,,20180508,700.0,93032750,600,420000.0
2018-05-08 09:30:32.750,86893,160887,B,,20180508,700.0,93032750,400,280000.0
2018-05-08 09:30:32.750,86948,160887,B,,20180508,700.0,93032750,500,350000.0
2018-05-08 09:30:32.750,87670,160887,B,,20180508,700.0,93032750,100,70000.0
2018-05-08 09:30:32.750,88897,160887,B,,20180508,700.0,93032750,1000,700000.0
2018-05-08 09:30:32.750,89298,160887,B,,20180508,700.0,93032750,100,70000.0
2018-05-08 09:30:32.750,93037,160887,B,,20180508,700.0,93032750,2000,1400000.0
2018-05-08 09:30:34.260,93037,161509,B,,20180508,700.0,93034260,3900,2730000.0
2018-05-08 09:30:34.900,161790,160706,S,,20180508,699.7,93034900,100,69970.0
2018-05-08 09:30:34.950,161715,161808,B,,20180508,699.83,93034950,200,139966.0
2018-05-08 09:30:34.950,161715,161809,B,,20180508,699.83,93034950,500,349915.0
2018-05-08 09:30:35.040,161715,161849,B,,20180508,699.83,93035040,100,69983.0
2018-05-08 09:30:35.850,162188,161097,S,,20180508,699.7,93035850,500,349850.0
2018-05-08 09:30:35.900,161715,162203,B,,20180508,699.83,93035900,200,139966.0
2018-05-08 09:30:35.900,161911,162203,B,,20180508,699.99,93035900,100,69999.0
2018-05-08 09:30:35.900,93037,162203,B,,20180508,700.0,93035900,200,140000.0
2018-05-08 09:30:35.980,93037,162238,B,,20180508,700.0,93035980,6900,4830000.0
2018-05-08 09:30:35.980,95259,162238,B,,20180508,700.0,93035980,500,350000.0
2018-05-08 09:30:35.980,110659,162238,B,,20180508,700.0,93035980,100,70000.0
2018-05-08 09:30:35.980,111883,162238,B,,20180508,700.0,93035980,100,70000.0
2018-05-08 09:30:35.980,116557,162238,B,,20180508,700.0,93035980,500,350000.0
2018-05-08 09:30:35.980,121395,162238,B,,20180508,700.0,93035980,100,70000.0
2018-05-08 09:30:35.980,151714,162238,B,,20180508,700.0,93035980,200,140000.0
2018-05-08 09:30:36.030,151714,162277,B,,20180508,700.0,93036030,200,140000.0
2018-05-08 09:30:36.030,152992,162277,B,,20180508,700.0,93036030,500,350000.0
2018-05-08 09:30:36.080,152992,162290,B,,20180508,700.0,93036080,500,350000.0
2018-05-08 09:30:36.330,162397,161097,S,,20180508,699.7,93036330,500,349850.0
2018-05-08 09:30:36.330,162397,161745,S,,20180508,699.7,93036330,100,69970.0
2018-05-08 09:30:37.170,152992,162767,B,,20180508,700.0,93037170,500,350000.0
2018-05-08 09:30:37.170,161146,162767,B,,20180508,700.0,93037170,200,140000.0
2018-05-08 09:30:37.270,161146,162786,B,,20180508,700.0,93037270,100,70000.0
2018-05-08 09:30:37.530,161146,162921,B,,20180508,700.0,93037530,200,140000.0
2018-05-08 09:30:37.530,161323,162921,B,,20180508,700.0,93037530,100,70000.0
2018-05-08 09:30:37.610,162961,162921,S,,20180508,700.02,93037610,100,70002.0
2018-05-08 09:30:38.120,132527,163205,B,,20180508,700.3,93038120,100,70030.0
2018-05-08 09:30:38.220,163255,163205,S,,20180508,700.3,93038220,100,70030.0
2018-05-08 09:30:38.270,87265,163272,B,,20180508,700.33,93038270,500,350165.0
2018-05-08 09:30:39.180,163641,163205,S,,20180508,700.3,93039180,100,70030.0
2018-05-08 09:30:39.860,163927,163205,S,,20180508,700.3,93039860,100,70030.0
2018-05-08 09:30:40.190,3450,164083,B,,20180508,700.58,93040190,100,70058.0
2018-05-08 09:30:41.140,164525,164299,S,,20180508,700.31,93041140,100,70031.0
2018-05-08 09:30:42.850,87675,165254,B,,20180508,700.66,93042850,100,70066.0
2018-05-08 09:30:43.360,87675,165457,B,,20180508,700.66,93043360,400,280264.0
2018-05-08 09:30:44.110,165781,165590,S,,20180508,700.67,93044110,70,49046.899999999994
2018-05-08 09:30:44.340,36646,165896,B,,20180508,700.77,93044340,100,70077.0
2018-05-08 09:30:44.420,165936,165590,S,,20180508,700.67,93044420,100,70067.0
2018-05-08 09:30:45.010,166162,165590,S,,20180508,700.67,93045010,100,70067.0
2018-05-08 09:30:45.320,166293,165590,S,,20180508,700.67,93045320,100,70067.0
2018-05-08 09:30:46.180,138405,166654,B,,20180508,700.8,93046180,100,70080.0
2018-05-08 09:30:48.130,39000,167549,B,,20180508,701.0,93048130,100,70100.0
2018-05-08 09:30:49.190,168027,166826,S,,20180508,700.8,93049190,100,70080.0
2018-05-08 09:30:49.320,69573,168099,B,,20180508,701.0,93049320,300,210300.0
2018-05-08 09:30:49.320,80348,168099,B,,20180508,701.0,93049320,100,70100.0
2018-05-08 09:30:49.320,88232,168099,B,,20180508,701.0,93049320,100,70100.0
2018-05-08 09:30:51.050,168851,168278,S,,20180508,700.81,93051050,200,140162.0
2018-05-08 09:30:51.500,88232,169020,B,,20180508,701.0,93051500,300,210300.0
2018-05-08 09:30:52.480,88232,169461,B,,20180508,701.0,93052480,100,70100.0
2018-05-08 09:30:52.480,121659,169461,B,,20180508,701.0,93052480,100,70100.0
2018-05-08 09:30:52.480,146655,169461,B,,20180508,701.0,93052480,600,420600.0
2018-05-08 09:30:52.480,169336,169462,B,,20180508,701.0,93052480,100,70100.0
2018-05-08 09:30:52.480,140316,169467,B,,20180508,701.06,93052480,300,210317.99999999997
2018-05-08 09:30:52.710,169576,169462,S,,20180508,701.0,93052710,100,70100.0
2018-05-08 09:30:53.230,169871,169462,S,,20180508,701.0,93053230,100,70100.0
2018-05-08 09:30:53.400,169943,169462,S,,20180508,701.0,93053400,100,70100.0
2018-05-08 09:30:53.650,170025,169462,S,,20180508,701.0,93053650,500,350500.0
2018-05-08 09:30:54.560,140316,170417,B,,20180508,701.06,93054560,500,350530.0
2018-05-08 09:30:54.930,140316,170563,B,,20180508,701.06,93054930,200,140212.0
2018-05-08 09:30:55.360,170768,170564,S,,20180508,701.06,93055360,700,490741.99999999994
2018-05-08 09:30:55.360,170768,170617,S,,20180508,701.06,93055360,300,210317.99999999997
2018-05-08 09:30:55.710,169079,170917,B,,20180508,701.07,93055710,100,70107.0
2018-05-08 09:30:56.550,171259,170917,S,,20180508,701.07,93056550,100,70107.0
2018-05-08 09:30:57.290,171611,170917,S,,20180508,701.07,93057290,100,70107.0
2018-05-08 09:30:57.350,171646,170917,S,,20180508,701.07,93057350,100,70107.0
2018-05-08 09:30:57.840,88542,171854,B,,20180508,701.33,93057840,400,280532.0
2018-05-08 09:30:58.270,88542,172019,B,,20180508,701.33,93058270,100,70133.0
2018-05-08 09:30:58.270,170893,172019,B,,20180508,701.33,93058270,1300,911729.0
2018-05-08 09:30:58.350,172046,172044,S,,20180508,701.2,93058350,100,70120.0
2018-05-08 09:30:58.350,172046,170917,S,,20180508,701.07,93058350,100,70107.0
2018-05-08 09:30:58.960,170893,172306,B,,20180508,701.33,93058960,100,70133.0
2018-05-08 09:30:59.550,170893,172553,B,,20180508,701.33,93059550,200,140266.0
2018-05-08 09:31:00.070,172754,170917,S,,20180508,701.07,93100070,100,70107.0
2018-05-08 09:31:00.070,170893,172765,B,,20180508,701.33,93100070,2000,1402660.0
2018-05-08 09:31:00.100,170893,172775,B,,20180508,701.33,93100100,200,140266.0
2018-05-08 09:31:00.160,172803,170917,S,,20180508,701.07,93100160,100,70107.0
2018-05-08 09:31:00.700,170893,173106,B,,20180508,701.33,93100700,100,70133.0
2018-05-08 09:31:01.120,173283,173105,S,,20180508,701.08,93101120,100,70108.0
2018-05-08 09:31:01.510,173458,173105,S,,20180508,701.08,93101510,100,70108.0
2018-05-08 09:31:01.870,170893,173615,B,,20180508,701.33,93101870,1000,701330.0
2018-05-08 09:31:02.000,170893,173686,B,,20180508,701.33,93102000,100,70133.0
2018-05-08 09:31:02.230,173804,173686,S,,20180508,701.33,93102230,100,70133.0
2018-05-08 09:31:02.360,94511,173848,B,,20180508,701.34,93102360,100,70134.0
2018-05-08 09:31:02.930,169405,174102,B,,20180508,701.34,93102930,100,70134.0
2018-05-08 09:31:03.180,174213,173686,S,,20180508,701.33,93103180,100,70133.0
2018-05-08 09:31:03.240,174238,173686,S,,20180508,701.33,93103240,100,70133.0
2018-05-08 09:31:03.600,174392,173686,S,,20180508,701.33,93103600,100,70133.0
2018-05-08 09:31:03.910,173333,174533,B,,20180508,701.38,93103910,100,70138.0
2018-05-08 09:31:04.200,174665,173686,S,,20180508,701.33,93104200,100,70133.0
2018-05-08 09:31:05.110,175171,174963,S,,20180508,701.34,93105110,200,140268.0
2018-05-08 09:31:05.230,175247,175198,S,,20180508,701.38,93105230,100,70138.0
2018-05-08 09:31:05.920,173782,175499,B,,20180508,701.49,93105920,100,70149.0
2018-05-08 09:31:05.920,76251,175499,B,,20180508,701.5,93105920,100,70150.0
2018-05-08 09:31:05.920,165468,175499,B,,20180508,701.5,93105920,400,280600.0
2018-05-08 09:31:06.840,165468,175913,B,,20180508,701.5,93106840,300,210450.0
2018-05-08 09:31:06.870,165468,175927,B,,20180508,701.5,93106870,100,70150.0
2018-05-08 09:31:06.890,175932,175548,S,,20180508,701.36,93106890,100,70136.0
2018-05-08 09:31:07.500,176154,173686,S,,20180508,701.33,93107500,1000,701330.0
2018-05-08 09:31:07.860,176313,173686,S,,20180508,701.33,93107860,200,140266.0
2018-05-08 09:31:08.200,176416,176470,B,,20180508,701.49,93108200,100,70149.0
2018-05-08 09:31:08.200,165468,176470,B,,20180508,701.5,93108200,1400,982100.0
2018-05-08 09:31:08.280,165468,176503,B,,20180508,701.5,93108280,100,70150.0
2018-05-08 09:31:08.280,165468,176520,B,,20180508,701.5,93108280,100,70150.0
2018-05-08 09:31:08.540,176613,173686,S,,20180508,701.33,93108540,100,70133.0
2018-05-08 09:31:08.570,165468,176641,B,,20180508,701.5,93108570,100,70150.0
2018-05-08 09:31:08.730,176716,173686,S,,20180508,701.33,93108730,300,210399.0
2018-05-08 09:31:09.130,176893,173686,S,,20180508,701.33,93109130,200,140266.0
2018-05-08 09:31:09.490,177048,176906,S,,20180508,701.38,93109490,100,70138.0
2018-05-08 09:31:09.490,177049,176906,S,,20180508,701.38,93109490,100,70138.0
2018-05-08 09:31:09.540,177068,176906,S,,20180508,701.38,93109540,100,70138.0
2018-05-08 09:31:09.800,177079,177166,B,,20180508,701.36,93109800,100,70136.0
2018-05-08 09:31:10.170,176840,177337,B,,20180508,701.48,93110170,100,70148.0
2018-05-08 09:31:10.370,176738,177434,B,,20180508,701.49,93110370,100,70149.0
2018-05-08 09:31:10.370,165468,177434,B,,20180508,701.5,93110370,2500,1753750.0
2018-05-08 09:31:10.370,140756,177434,B,,20180508,701.52,93110370,700,491064.0
2018-05-08 09:31:10.370,175023,177434,B,,20180508,701.52,93110370,100,70152.0
2018-05-08 09:31:10.370,79320,177434,B,,20180508,701.58,93110370,300,210474.0
2018-05-08 09:31:10.370,175380,177434,B,,20180508,701.59,93110370,100,70159.0
2018-05-08 09:31:10.480,177481,177434,S,,20180508,701.6,93110480,100,70160.0
2018-05-08 09:31:10.660,177565,177434,S,,20180508,701.6,93110660,100,70160.0
2018-05-08 09:31:10.660,177570,177434,S,,20180508,701.6,93110660,100,70160.0
2018-05-08 09:31:10.860,177641,177434,S,,20180508,701.6,93110860,200,140320.0
2018-05-08 09:31:11.140,177797,177434,S,,20180508,701.6,93111140,500,350800.0
2018-05-08 09:31:11.430,177901,177434,S,,20180508,701.6,93111430,100,70160.0
2018-05-08 09:31:11.950,178101,177434,S,,20180508,701.6,93111950,100,70160.0
2018-05-08 09:31:12.030,88777,178124,B,,20180508,701.66,93112030,300,210498.0
2018-05-08 09:31:12.030,88777,178125,B,,20180508,701.66,93112030,100,70166.0
2018-05-08 09:31:12.030,88777,178126,B,,20180508,701.66,93112030,100,70166.0
2018-05-08 09:31:12.030,80932,178126,B,,20180508,701.77,93112030,400,280708.0
2018-05-08 09:31:12.030,29756,178126,B,,20180508,701.8,93112030,700,491259.99999999994
2018-05-08 09:31:12.030,29756,178127,B,,20180508,701.8,93112030,100,70180.0
2018-05-08 09:31:12.030,29756,178128,B,,20180508,701.8,93112030,100,70180.0
2018-05-08 09:31:12.700,178412,178055,S,,20180508,701.6,93112700,100,70160.0
2018-05-08 09:31:12.980,29756,178521,B,,20180508,701.8,93112980,100,70180.0
2018-05-08 09:31:12.980,57885,178521,B,,20180508,701.8,93112980,100,70180.0
2018-05-08 09:31:12.980,75125,178521,B,,20180508,701.8,93112980,100,70180.0
2018-05-08 09:31:14.120,178601,179056,B,,20180508,701.79,93114120,600,421074.0
2018-05-08 09:31:14.260,178601,179128,B,,20180508,701.79,93114260,400,280716.0
2018-05-08 09:31:14.260,75125,179128,B,,20180508,701.8,93114260,200,140360.0
2018-05-08 09:31:14.440,75338,179226,B,,20180508,701.8,93114440,100,70180.0
2018-05-08 09:31:14.780,78486,179377,B,,20180508,701.87,93114780,100,70187.0
2018-05-08 09:31:14.780,30230,179377,B,,20180508,701.88,93114780,100,70188.0
2018-05-08 09:31:14.780,78114,179377,B,,20180508,701.88,93114780,100,70188.0
2018-05-08 09:31:15.070,179494,179228,S,,20180508,701.8,93115070,100,70180.0
2018-05-08 09:31:15.790,179856,179272,S,,20180508,701.8,93115790,100,70180.0
2018-05-08 09:31:15.790,179856,179359,S,,20180508,701.8,93115790,100,70180.0
2018-05-08 09:31:15.790,79384,179863,B,,20180508,701.88,93115790,400,280752.0
2018-05-08 09:31:16.160,180045,179863,S,,20180508,701.88,93116160,100,70188.0
2018-05-08 09:31:17.320,180624,179379,S,,20180508,701.8,93117320,100,70180.0
2018-05-08 09:31:17.320,180624,179776,S,,20180508,701.8,93117320,100,70180.0
2018-05-08 09:31:17.340,180645,180305,S,,20180508,701.8,93117340,100,70180.0
2018-05-08 09:31:17.780,180798,180652,S,,20180508,701.88,93117780,400,280752.0
2018-05-08 09:31:17.780,180798,180356,S,,20180508,701.8,93117780,100,70180.0
2018-05-08 09:31:18.490,79025,181150,B,,20180508,701.99,93118490,100,70199.0
2018-05-08 09:31:18.570,79031,181197,B,,20180508,701.99,93118570,200,140398.0
2018-05-08 09:31:18.570,79632,181197,B,,20180508,701.99,93118570,200,140398.0
2018-05-08 09:31:18.570,79633,181197,B,,20180508,701.99,93118570,100,70199.0
2018-05-08 09:31:18.570,79634,181197,B,,20180508,701.99,93118570,400,280796.0
2018-05-08 09:31:18.570,79635,181197,B,,20180508,701.99,93118570,100,70199.0
2018-05-08 09:31:18.570,79636,181197,B,,20180508,701.99,93118570,100,70199.0
2018-05-08 09:31:18.570,79648,181197,B,,20180508,701.99,93118570,100,70199.0
2018-05-08 09:31:18.570,79649,181197,B,,20180508,701.99,93118570,100,70199.0
2018-05-08 09:31:18.570,111463,181197,B,,20180508,701.99,93118570,100,70199.0
2018-05-08 09:31:18.570,11218,181197,B,,20180508,702.0,93118570,100,70200.0
2018-05-08 09:31:18.570,69582,181197,B,,20180508,702.0,93118570,1000,702000.0
2018-05-08 09:31:18.570,72043,181197,B,,20180508,702.0,93118570,700,491400.0
2018-05-08 09:31:18.570,77917,181197,B,,20180508,702.0,93118570,100,70200.0
2018-05-08 09:31:18.570,89048,181197,B,,20180508,702.0,93118570,500,351000.0
2018-05-08 09:31:18.570,91286,181197,B,,20180508,702.0,93118570,200,140400.0
2018-05-08 09:31:18.790,181300,181009,S,,20180508,701.87,93118790,100,70187.0
2018-05-08 09:31:18.790,91286,181309,B,,20180508,702.0,93118790,700,491400.0
2018-05-08 09:31:18.790,94637,181309,B,,20180508,702.0,93118790,100,70200.0
2018-05-08 09:31:18.790,100134,181309,B,,20180508,702.0,93118790,200,140400.0
2018-05-08 09:31:19.780,181779,181320,S,,20180508,701.99,93119780,500,350995.0
2018-05-08 09:31:19.940,100134,181874,B,,20180508,702.0,93119940,100,70200.0
2018-05-08 09:31:19.990,100134,181905,B,,20180508,702.0,93119990,100,70200.0
2018-05-08 09:31:19.990,100134,181910,B,,20180508,702.0,93119990,100,70200.0
2018-05-08 09:31:19.990,100134,181911,B,,20180508,702.0,93119990,100,70200.0
2018-05-08 09:31:19.990,100134,181913,B,,20180508,702.0,93119990,100,70200.0
2018-05-08 09:31:19.990,100134,181916,B,,20180508,702.0,93119990,72,50544.0
2018-05-08 09:31:19.990,145827,181916,B,,20180508,702.0,93119990,28,19656.0
2018-05-08 09:31:19.990,145827,181918,B,,20180508,702.0,93119990,72,50544.0
2018-05-08 09:31:19.990,151070,181918,B,,20180508,702.0,93119990,100,70200.0
2018-05-08 09:31:19.990,170447,181918,B,,20180508,702.0,93119990,28,19656.0
2018-05-08 09:31:20.030,170447,181932,B,,20180508,702.0,93120030,72,50544.0
2018-05-08 09:31:20.030,174410,181932,B,,20180508,702.0,93120030,28,19656.0
2018-05-08 09:31:20.080,174410,181957,B,,20180508,702.0,93120080,72,50544.0
2018-05-08 09:31:20.080,179789,181957,B,,20180508,702.0,93120080,28,19656.0
2018-05-08 09:31:20.180,179789,182007,B,,20180508,702.0,93120180,972,682344.0
2018-05-08 09:31:20.180,181713,182007,B,,20180508,702.0,93120180,100,70200.0
2018-05-08 09:31:20.450,181717,182136,B,,20180508,702.03,93120450,100,70203.0
2018-05-08 09:31:20.450,91995,182136,B,,20180508,702.11,93120450,100,70211.0
2018-05-08 09:31:20.810,182313,182007,S,,20180508,702.0,93120810,100,70200.0
2018-05-08 09:31:20.960,182380,182007,S,,20180508,702.0,93120960,100,70200.0
2018-05-08 09:31:20.990,182394,182007,S,,20180508,702.0,93120990,100,70200.0
2018-05-08 09:31:21.040,182422,182007,S,,20180508,702.0,93121040,100,70200.0
2018-05-08 09:31:21.350,182547,182007,S,,20180508,702.0,93121350,100,70200.0
2018-05-08 09:31:21.500,182614,182007,S,,20180508,702.0,93121500,100,70200.0
2018-05-08 09:31:21.650,182704,182007,S,,20180508,702.0,93121650,100,70200.0
2018-05-08 09:31:21.840,104858,182768,B,,20180508,702.22,93121840,100,70222.0
2018-05-08 09:31:21.890,182788,182768,S,,20180508,702.22,93121890,100,70222.0
2018-05-08 09:31:22.040,182856,182768,S,,20180508,702.22,93122040,100,70222.0
2018-05-08 09:31:22.150,182904,182768,S,,20180508,702.22,93122150,100,70222.0
2018-05-08 09:31:22.590,183090,182768,S,,20180508,702.22,93122590,100,70222.0
2018-05-08 09:31:22.590,183090,182955,S,,20180508,702.01,93122590,1000,702010.0
2018-05-08 09:31:22.590,183090,182007,S,,20180508,702.0,93122590,1000,702000.0
2018-05-08 09:31:22.710,183161,182007,S,,20180508,702.0,93122710,100,70200.0
2018-05-08 09:31:22.820,183215,182007,S,,20180508,702.0,93122820,100,70200.0
2018-05-08 09:31:23.830,183689,183407,S,,20180508,702.22,93123830,100,70222.0
2018-05-08 09:31:23.830,183689,183433,S,,20180508,702.22,93123830,100,70222.0
2018-05-08 09:31:23.830,183689,183609,S,,20180508,702.22,93123830,100,70222.0
2018-05-08 09:31:23.960,183761,183657,S,,20180508,702.22,93123960,100,70222.0
2018-05-08 09:31:23.960,183761,183435,S,,20180508,702.19,93123960,100,70219.0
2018-05-08 09:31:23.960,183761,183437,S,,20180508,702.19,93123960,100,70219.0
2018-05-08 09:31:24.090,91477,183832,B,,20180508,702.3,93124090,1100,772530.0
2018-05-08 09:31:24.700,91477,184102,B,,20180508,702.3,93124700,500,351150.0
2018-05-08 09:31:25.250,184351,183409,S,,20180508,702.16,93125250,100,70216.0
2018-05-08 09:31:25.250,184351,183432,S,,20180508,702.16,93125250,100,70216.0
2018-05-08 09:31:25.250,184351,183434,S,,20180508,702.13,93125250,100,70213.0
2018-05-08 09:31:25.250,184351,183438,S,,20180508,702.13,93125250,100,70213.0
2018-05-08 09:31:25.250,184351,183408,S,,20180508,702.1,93125250,100,70210.0
2018-05-08 09:31:25.250,184351,183436,S,,20180508,702.1,93125250,100,70210.0
2018-05-08 09:31:25.250,184351,182007,S,,20180508,702.0,93125250,960,673920.0
2018-05-08 09:31:25.710,184271,184573,B,,20180508,702.29,93125710,100,70229.0
2018-05-08 09:31:25.770,184271,184600,B,,20180508,702.29,93125770,200,140458.0
2018-05-08 09:31:25.900,184271,184683,B,,20180508,702.29,93125900,7,4916.03
2018-05-08 09:31:25.900,91477,184683,B,,20180508,702.3,93125900,193,135543.9
2018-05-08 09:31:25.980,91477,184722,B,,20180508,702.3,93125980,300,210690.0
2018-05-08 09:31:26.000,184733,184698,S,,20180508,702.22,93126000,100,70222.0
2018-05-08 09:31:26.100,91477,184779,B,,20180508,702.3,93126100,100,70230.0
2018-05-08 09:31:26.230,91477,184841,B,,20180508,702.3,93126230,2807,1971356.0999999999
2018-05-08 09:31:26.720,185082,184841,S,,20180508,702.3,93126720,100,70230.0
2018-05-08 09:31:27.280,185324,184841,S,,20180508,702.3,93127280,100,70230.0
2018-05-08 09:31:27.680,89366,185497,B,,20180508,702.33,93127680,500,351165.0
2018-05-08 09:31:27.860,185556,184841,S,,20180508,702.3,93127860,100,70230.0
2018-05-08 09:31:27.860,185564,184841,S,,20180508,702.3,93127860,100,70230.0
2018-05-08 09:31:28.090,139347,185657,B,,20180508,702.45,93128090,100,70245.0
2018-05-08 09:31:28.090,77514,185657,B,,20180508,702.5,93128090,100,70250.0
2018-05-08 09:31:28.090,89603,185657,B,,20180508,702.66,93128090,500,351330.0
2018-05-08 09:31:28.090,75147,185657,B,,20180508,702.67,93128090,100,70267.0
2018-05-08 09:31:28.090,88945,185657,B,,20180508,702.73,93128090,100,70273.0
2018-05-08 09:31:28.090,50183,185657,B,,20180508,702.77,93128090,100,70277.0
2018-05-08 09:31:28.090,85767,185657,B,,20180508,702.8,93128090,100,70280.0
2018-05-08 09:31:28.090,68660,185657,B,,20180508,702.82,93128090,100,70282.0
2018-05-08 09:31:28.090,14573,185657,B,,20180508,702.87,93128090,100,70287.0
2018-05-08 09:31:28.090,54207,185657,B,,20180508,702.88,93128090,100,70288.0
2018-05-08 09:31:28.090,91721,185657,B,,20180508,702.88,93128090,100,70288.0
2018-05-08 09:31:28.090,138917,185657,B,,20180508,702.88,93128090,100,70288.0
2018-05-08 09:31:28.090,52419,185657,B,,20180508,702.95,93128090,600,421770.0
2018-05-08 09:31:28.090,62071,185657,B,,20180508,702.99,93128090,100,70299.0
2018-05-08 09:31:28.090,14177,185657,B,,20180508,703.0,93128090,100,70300.0
2018-05-08 09:31:28.090,15710,185657,B,,20180508,703.0,93128090,100,70300.0
2018-05-08 09:31:28.090,55374,185657,B,,20180508,703.0,93128090,100,70300.0
2018-05-08 09:31:28.090,73396,185657,B,,20180508,703.0,93128090,300,210900.0
2018-05-08 09:31:28.090,78421,185657,B,,20180508,703.0,93128090,100,70300.0
2018-05-08 09:31:28.090,85748,185657,B,,20180508,703.0,93128090,100,70300.0
2018-05-08 09:31:28.090,89815,185657,B,,20180508,703.0,93128090,500,351500.0
2018-05-08 09:31:28.090,107914,185657,B,,20180508,703.0,93128090,400,281200.0
2018-05-08 09:31:28.090,138295,185657,B,,20180508,703.0,93128090,200,140600.0
2018-05-08 09:31:28.090,138808,185657,B,,20180508,703.0,93128090,400,281200.0
2018-05-08 09:31:28.090,150699,185657,B,,20180508,703.0,93128090,400,281200.0
2018-05-08 09:31:28.090,170323,185657,B,,20180508,703.0,93128090,100,70300.0
2018-05-08 09:31:28.720,106517,185930,B,,20180508,703.03,93128720,500,351515.0
2018-05-08 09:31:28.980,186052,185657,S,,20180508,703.0,93128980,100,70300.0
2018-05-08 09:31:29.030,186071,185657,S,,20180508,703.0,93129030,100,70300.0
2018-05-08 09:31:29.030,186072,185657,S,,20180508,703.0,93129030,200,140600.0
2018-05-08 09:31:29.030,186073,185657,S,,20180508,703.0,93129030,100,70300.0
2018-05-08 09:31:29.060,186094,185657,S,,20180508,703.0,93129060,100,70300.0
2018-05-08 09:31:29.090,186112,185657,S,,20180508,703.0,93129090,100,70300.0
2018-05-08 09:31:29.110,186122,185657,S,,20180508,703.0,93129110,100,70300.0
2018-05-08 09:31:29.110,186123,185657,S,,20180508,703.0,93129110,100,70300.0
2018-05-08 09:31:29.320,186230,185657,S,,20180508,703.0,93129320,100,70300.0
2018-05-08 09:31:29.850,186466,185657,S,,20180508,703.0,93129850,100,70300.0
2018-05-08 09:31:30.480,186779,185657,S,,20180508,703.0,93130480,1000,703000.0
2018-05-08 09:31:30.820,143773,186946,B,,20180508,703.1,93130820,400,281240.0
2018-05-08 09:31:31.380,187218,186946,S,,20180508,703.1,93131380,100,70310.0
2018-05-08 09:31:31.380,187218,185657,S,,20180508,703.0,93131380,100,70300.0
2018-05-08 09:31:31.380,57443,187221,B,,20180508,703.22,93131380,100,70322.0
2018-05-08 09:31:31.380,90066,187221,B,,20180508,703.33,93131380,200,140666.0
2018-05-08 09:31:32.280,187679,185657,S,,20180508,703.0,93132280,100,70300.0
2018-05-08 09:31:32.360,187708,185657,S,,20180508,703.0,93132360,100,70300.0
2018-05-08 09:31:33.170,188075,187879,S,,20180508,703.1,93133170,400,281240.0
2018-05-08 09:31:33.170,188075,187961,S,,20180508,703.1,93133170,100,70310.0
2018-05-08 09:31:33.450,90066,188202,B,,20180508,703.33,93133450,100,70333.0
2018-05-08 09:31:34.230,188581,187967,S,,20180508,703.1,93134230,100,70310.0
2018-05-08 09:31:34.300,188608,185657,S,,20180508,703.0,93134300,100,70300.0
2018-05-08 09:31:34.910,90066,188884,B,,20180508,703.33,93134910,100,70333.0
2018-05-08 09:31:35.060,188997,188834,S,,20180508,703.1,93135060,100,70310.0
2018-05-08 09:31:35.110,90066,189021,B,,20180508,703.33,93135110,100,70333.0
2018-05-08 09:31:35.110,187413,189021,B,,20180508,703.33,93135110,100,70333.0
2018-05-08 09:31:35.430,189177,189021,S,,20180508,703.33,93135430,100,70333.0
2018-05-08 09:31:35.830,189388,189021,S,,20180508,703.33,93135830,100,70333.0
2018-05-08 09:31:36.320,189620,189021,S,,20180508,703.33,93136320,100,70333.0
2018-05-08 09:31:36.450,189676,189021,S,,20180508,703.33,93136450,100,70333.0
2018-05-08 09:31:37.040,189942,189021,S,,20180508,703.33,93137040,100,70333.0
2018-05-08 09:31:37.700,190275,189021,S,,20180508,703.33,93137700,100,70333.0
2018-05-08 09:31:38.550,187414,190727,B,,20180508,703.36,93138550,100,70336.0
2018-05-08 09:31:38.630,187431,190768,B,,20180508,703.39,93138630,100,70339.0
2018-05-08 09:31:38.630,187432,190768,B,,20180508,703.42,93138630,100,70342.0
2018-05-08 09:31:39.590,85140,191225,B,,20180508,703.43,93139590,100,70343.0
2018-05-08 09:31:39.590,187433,191225,B,,20180508,703.45,93139590,100,70345.0
2018-05-08 09:31:39.590,187434,191225,B,,20180508,703.48,93139590,100,70348.0
2018-05-08 09:31:40.220,5482,191509,B,,20180508,703.5,93140220,100,70350.0
2018-05-08 09:31:40.570,191655,191536,S,,20180508,703.43,93140570,100,70343.0
2018-05-08 09:31:40.630,191676,191407,S,,20180508,703.37,93140630,100,70337.0
2018-05-08 09:31:40.710,191708,190965,S,,20180508,703.36,93140710,100,70336.0
2018-05-08 09:31:41.150,5482,191908,B,,20180508,703.5,93141150,200,140700.0
2018-05-08 09:31:41.640,192151,192120,S,,20180508,703.5,93141640,100,70350.0
2018-05-08 09:31:41.720,187435,192180,B,,20180508,703.51,93141720,100,70351.0
2018-05-08 09:31:41.800,192208,192180,S,,20180508,703.51,93141800,100,70351.0
2018-05-08 09:31:41.980,187436,192285,B,,20180508,703.54,93141980,100,70354.0
2018-05-08 09:31:42.530,192543,192180,S,,20180508,703.51,93142530,100,70351.0
2018-05-08 09:31:42.690,192603,192120,S,,20180508,703.5,93142690,100,70350.0
2018-05-08 09:31:42.910,192704,192120,S,,20180508,703.5,93142910,100,70350.0
2018-05-08 09:31:43.620,193004,191917,S,,20180508,703.43,93143620,100,70343.0
2018-05-08 09:31:43.830,187437,193106,B,,20180508,703.57,93143830,100,70357.0
2018-05-08 09:31:44.480,3451,193415,B,,20180508,703.58,93144480,100,70358.0
2018-05-08 09:31:44.980,193611,193185,S,,20180508,703.51,93144980,100,70351.0
2018-05-08 09:31:45.210,129643,193700,B,,20180508,703.58,93145210,100,70358.0
2018-05-08 09:31:45.210,187438,193700,B,,20180508,703.6,93145210,100,70360.0
2018-05-08 09:31:45.210,99933,193700,B,,20180508,703.61,93145210,100,70361.0
2018-05-08 09:31:45.210,190292,193700,B,,20180508,703.63,93145210,100,70363.0
2018-05-08 09:31:45.210,69039,193700,B,,20180508,703.65,93145210,100,70365.0
2018-05-08 09:31:45.210,90347,193700,B,,20180508,703.66,93145210,500,351830.0
2018-05-08 09:31:45.210,191761,193700,B,,20180508,703.66,93145210,100,70366.0
2018-05-08 09:31:45.210,191762,193700,B,,20180508,703.69,93145210,100,70369.0
2018-05-08 09:31:45.210,191763,193700,B,,20180508,703.72,93145210,100,70372.0
2018-05-08 09:31:45.210,191764,193700,B,,20180508,703.75,93145210,100,70375.0
2018-05-08 09:31:45.210,193104,193700,B,,20180508,703.78,93145210,100,70378.0
2018-05-08 09:31:45.210,16175,193700,B,,20180508,703.8,93145210,800,563040.0
2018-05-08 09:31:45.210,29757,193700,B,,20180508,703.8,93145210,1000,703800.0
2018-05-08 09:31:45.210,77493,193700,B,,20180508,703.8,93145210,100,70380.0
2018-05-08 09:31:45.210,185208,193700,B,,20180508,703.8,93145210,100,70380.0
2018-05-08 09:31:45.210,189506,193700,B,,20180508,703.8,93145210,300,211140.0
2018-05-08 09:31:45.210,193105,193700,B,,20180508,703.81,93145210,100,70381.0
2018-05-08 09:31:45.210,78809,193700,B,,20180508,703.88,93145210,100,70388.0
2018-05-08 09:31:45.210,149897,193700,B,,20180508,703.88,93145210,100,70388.0
2018-05-08 09:31:45.210,110003,193700,B,,20180508,703.95,93145210,100,70395.0
2018-05-08 09:31:45.210,192162,193700,B,,20180508,703.97,93145210,800,563176.0
2018-05-08 09:31:45.930,192162,193995,B,,20180508,703.97,93145930,100,70397.0
2018-05-08 09:31:46.110,194073,193713,S,,20180508,703.57,93146110,100,70357.0
2018-05-08 09:31:46.110,194073,193185,S,,20180508,703.51,93146110,100,70351.0
2018-05-08 09:31:46.240,194140,193185,S,,20180508,703.51,93146240,100,70351.0
2018-05-08 09:31:46.850,194004,194435,B,,20180508,703.93,93146850,100,70393.0
2018-05-08 09:31:46.850,194347,194435,B,,20180508,703.93,93146850,100,70393.0
2018-05-08 09:31:46.900,194464,194386,S,,20180508,703.58,93146900,100,70358.0
2018-05-08 09:31:47.000,194507,194386,S,,20180508,703.58,93147000,200,140716.0
2018-05-08 09:31:47.000,194507,194459,S,,20180508,703.57,93147000,100,70357.0
2018-05-08 09:31:47.000,194507,193288,S,,20180508,703.51,93147000,100,70351.0
2018-05-08 09:31:47.000,194507,193687,S,,20180508,703.5,93147000,100,70350.0
2018-05-08 09:31:47.020,194515,193687,S,,20180508,703.5,93147020,100,70350.0
2018-05-08 09:31:47.020,194515,194180,S,,20180508,703.5,93147020,100,70350.0
2018-05-08 09:31:47.970,194941,194851,S,,20180508,703.94,93147970,100,70394.0
2018-05-08 09:31:48.800,195322,195168,S,,20180508,703.57,93148800,100,70357.0
2018-05-08 09:31:48.800,195322,194852,S,,20180508,703.51,93148800,400,281404.0
2018-05-08 09:31:48.800,194348,195326,B,,20180508,703.96,93148800,100,70396.0
2018-05-08 09:31:48.830,192162,195339,B,,20180508,703.97,93148830,200,140794.0
2018-05-08 09:31:49.050,195340,195427,B,,20180508,703.9,93149050,100,70390.0
2018-05-08 09:31:49.080,195446,194852,S,,20180508,703.51,93149080,100,70351.0
2018-05-08 09:31:49.080,195446,195277,S,,20180508,703.48,93149080,100,70348.0
2018-05-08 09:31:49.590,195340,195664,B,,20180508,703.9,93149590,500,351950.0
2018-05-08 09:31:50.140,195948,195604,S,,20180508,703.57,93150140,100,70357.0
2018-05-08 09:31:50.180,195340,195971,B,,20180508,703.9,93150180,100,70390.0
2018-05-08 09:31:50.440,195683,196082,B,,20180508,703.9,93150440,100,70390.0
2018-05-08 09:31:50.550,195684,196120,B,,20180508,703.93,93150550,100,70393.0
2018-05-08 09:31:50.550,195685,196120,B,,20180508,703.96,93150550,100,70396.0
2018-05-08 09:31:50.550,192162,196120,B,,20180508,703.97,93150550,1200,844764.0
2018-05-08 09:31:50.550,80604,196120,B,,20180508,703.99,93150550,200,140798.0
2018-05-08 09:31:50.550,194349,196120,B,,20180508,703.99,93150550,100,70399.0
2018-05-08 09:31:50.550,194544,196120,B,,20180508,703.99,93150550,249,175293.51
2018-05-08 09:31:50.550,196006,196120,B,,20180508,703.99,93150550,51,35903.49
2018-05-08 09:31:51.870,196694,196385,S,,20180508,703.96,93151870,300,211188.0
2018-05-08 09:31:52.840,197117,197045,S,,20180508,703.97,93152840,100,70397.0
2018-05-08 09:31:52.870,197127,196385,S,,20180508,703.96,93152870,100,70396.0
2018-05-08 09:31:53.110,197213,196385,S,,20180508,703.96,93153110,100,70396.0
2018-05-08 09:31:53.210,196006,197262,B,,20180508,703.99,93153210,49,34495.51
2018-05-08 09:31:53.210,1197,197262,B,,20180508,704.0,93153210,100,70400.0
2018-05-08 09:31:53.210,24880,197262,B,,20180508,704.0,93153210,351,247104.0
2018-05-08 09:31:53.210,197263,196385,S,,20180508,703.96,93153210,100,70396.0
2018-05-08 09:31:53.540,197305,197423,B,,20180508,703.97,93153540,100,70397.0
2018-05-08 09:31:53.590,24880,197432,B,,20180508,704.0,93153590,600,422400.0
2018-05-08 09:31:53.590,197445,196385,S,,20180508,703.96,93153590,100,70396.0
2018-05-08 09:31:53.660,24880,197465,B,,20180508,704.0,93153660,49,34496.0
2018-05-08 09:31:53.660,69895,197465,B,,20180508,704.0,93153660,100,70400.0
2018-05-08 09:31:53.660,70544,197465,B,,20180508,704.0,93153660,100,70400.0
2018-05-08 09:31:53.660,90698,197465,B,,20180508,704.0,93153660,51,35904.0
2018-05-08 09:31:53.750,197506,196385,S,,20180508,703.96,93153750,100,70396.0
2018-05-08 09:31:53.850,197538,196385,S,,20180508,703.96,93153850,100,70396.0
2018-05-08 09:31:54.080,90698,197626,B,,20180508,704.0,93154080,100,70400.0
2018-05-08 09:31:54.530,90698,197821,B,,20180508,704.0,93154530,349,245696.0
2018-05-08 09:31:54.530,100334,197821,B,,20180508,704.0,93154530,100,70400.0
2018-05-08 09:31:54.530,164811,197821,B,,20180508,704.0,93154530,100,70400.0
2018-05-08 09:31:54.530,194313,197821,B,,20180508,704.0,93154530,451,317504.0
2018-05-08 09:31:54.530,194313,197831,B,,20180508,704.0,93154530,49,34496.0
2018-05-08 09:31:54.530,194998,197831,B,,20180508,704.0,93154530,51,35904.0
2018-05-08 09:31:54.630,197886,197543,S,,20180508,703.97,93154630,100,70397.0
2018-05-08 09:31:54.630,197886,197676,S,,20180508,703.97,93154630,100,70397.0
2018-05-08 09:31:54.630,197886,196385,S,,20180508,703.96,93154630,500,351980.0
2018-05-08 09:31:54.660,194998,197889,B,,20180508,704.0,93154660,100,70400.0
2018-05-08 09:31:55.050,194998,198091,B,,20180508,704.0,93155050,49,34496.0
2018-05-08 09:31:55.180,198142,198091,S,,20180508,704.0,93155180,100,70400.0
2018-05-08 09:31:55.200,194350,198150,B,,20180508,704.02,93155200,100,70402.0
2018-05-08 09:31:55.260,198177,198091,S,,20180508,704.0,93155260,500,352000.0
2018-05-08 09:31:55.690,198376,198091,S,,20180508,704.0,93155690,2351,1655104.0
2018-05-08 09:31:55.800,198376,198408,B,,20180508,704.0,93155800,100,70400.0
2018-05-08 09:31:55.830,198376,198423,B,,20180508,704.0,93155830,100,70400.0
2018-05-08 09:31:55.830,198376,198427,B,,20180508,704.0,93155830,100,70400.0
2018-05-08 09:31:55.830,198376,198429,B,,20180508,704.0,93155830,1200,844800.0
2018-05-08 09:31:55.830,198376,198440,B,,20180508,704.0,93155830,100,70400.0
2018-05-08 09:31:55.850,198376,198457,B,,20180508,704.0,93155850,100,70400.0
2018-05-08 09:31:55.960,198501,198021,S,,20180508,703.97,93155960,100,70397.0
2018-05-08 09:31:56.060,198376,198542,B,,20180508,704.0,93156060,200,140800.0
2018-05-08 09:31:56.170,198579,198580,B,,20180508,703.99,93156170,300,211197.0
2018-05-08 09:31:56.280,198628,198580,S,,20180508,703.99,93156280,200,140798.0
2018-05-08 09:31:56.370,198376,198670,B,,20180508,704.0,93156370,100,70400.0
2018-05-08 09:31:56.390,198376,198680,B,,20180508,704.0,93156390,49,34496.0
2018-05-08 09:31:56.470,198707,198680,S,,20180508,704.0,93156470,51,35904.0
2018-05-08 09:31:56.470,198707,198705,S,,20180508,704.0,93156470,49,34496.0
2018-05-08 09:31:56.850,194351,198875,B,,20180508,704.05,93156850,100,70405.0
2018-05-08 09:31:56.850,194352,198875,B,,20180508,704.08,93156850,100,70408.0
2018-05-08 09:31:56.980,198944,198705,S,,20180508,704.0,93156980,51,35904.0
2018-05-08 09:31:56.980,198944,198709,S,,20180508,703.99,93156980,49,34495.51
2018-05-08 09:31:57.000,198953,198709,S,,20180508,703.99,93157000,100,70399.0
2018-05-08 09:31:57.030,198966,198956,S,,20180508,704.01,93157030,100,70401.0
2018-05-08 09:31:57.260,196989,199041,B,,20180508,704.08,93157260,1200,844896.0
2018-05-08 09:31:57.550,199174,198709,S,,20180508,703.99,93157550,100,70399.0
2018-05-08 09:31:57.600,196989,199193,B,,20180508,704.08,93157600,100,70408.0
2018-05-08 09:31:58.170,196989,199437,B,,20180508,704.08,93158170,400,281632.0
2018-05-08 09:31:58.300,196989,199495,B,,20180508,704.08,93158300,300,211224.0
2018-05-08 09:31:58.960,199802,199713,S,,20180508,704.08,93158960,100,70408.0
2018-05-08 09:31:59.030,194353,199844,B,,20180508,704.11,93159030,100,70411.0
2018-05-08 09:31:59.030,194354,199844,B,,20180508,704.14,93159030,100,70414.0
2018-05-08 09:31:59.170,199893,199400,S,,20180508,704.06,93159170,100,70406.0
2018-05-08 09:31:59.170,199893,199883,S,,20180508,704.06,93159170,100,70406.0
2018-05-08 09:31:59.410,194355,200012,B,,20180508,704.17,93159410,100,70417.0
2018-05-08 09:31:59.410,81086,200012,B,,20180508,704.23,93159410,100,70423.0
2018-05-08 09:31:59.410,86022,200012,B,,20180508,704.43,93159410,100,70443.0
2018-05-08 09:31:59.410,173664,200012,B,,20180508,704.5,93159410,100,70450.0
2018-05-08 09:31:59.410,51277,200012,B,,20180508,704.55,93159410,100,70455.0
2018-05-08 09:31:59.410,141360,200012,B,,20180508,704.56,93159410,500,352280.0
2018-05-08 09:31:59.720,200161,200127,S,,20180508,704.12,93159720,100,70412.0
2018-05-08 09:31:59.840,200200,199909,S,,20180508,704.08,93159840,1000,704080.0
2018-05-08 09:31:59.990,200270,199909,S,,20180508,704.08,93159990,400,281632.0
2018-05-08 09:31:59.990,200270,199895,S,,20180508,704.06,93159990,100,70406.0
2018-05-08 09:32:00.440,200496,199910,S,,20180508,704.06,93200440,100,70406.0
2018-05-08 09:32:00.590,200580,199956,S,,20180508,704.06,93200590,100,70406.0
2018-05-08 09:32:00.590,200580,200128,S,,20180508,704.06,93200590,100,70406.0
2018-05-08 09:32:00.590,200580,200193,S,,20180508,704.06,93200590,100,70406.0
2018-05-08 09:32:00.750,200638,200194,S,,20180508,704.06,93200750,100,70406.0
2018-05-08 09:32:00.750,200638,199884,S,,20180508,704.03,93200750,100,70403.0
2018-05-08 09:32:00.850,200695,200665,S,,20180508,704.12,93200850,100,70412.0
2018-05-08 09:32:00.850,200695,200663,S,,20180508,704.05,93200850,100,70405.0
2018-05-08 09:32:00.850,200695,199896,S,,20180508,704.03,93200850,100,70403.0
2018-05-08 09:32:00.850,200695,199911,S,,20180508,704.03,93200850,100,70403.0
2018-05-08 09:32:00.850,200695,200195,S,,20180508,704.03,93200850,100,70403.0
2018-05-08 09:32:00.960,200739,200197,S,,20180508,704.03,93200960,100,70403.0
2018-05-08 09:32:00.960,200739,200572,S,,20180508,704.03,93200960,100,70403.0
2018-05-08 09:32:00.960,200739,199224,S,,20180508,704.0,93200960,800,563200.0
2018-05-08 09:32:01.040,200791,200764,S,,20180508,704.08,93201040,100,70408.0
2018-05-08 09:32:01.780,201124,200764,S,,20180508,704.08,93201780,100,70408.0
2018-05-08 09:32:02.220,201338,200764,S,,20180508,704.08,93202220,100,70408.0
2018-05-08 09:32:02.240,201349,200764,S,,20180508,704.08,93202240,400,281632.0
2018-05-08 09:32:02.240,201349,201148,S,,20180508,704.06,93202240,100,70406.0
2018-05-08 09:32:02.240,201349,200773,S,,20180508,704.05,93202240,100,70405.0
2018-05-08 09:32:02.240,201349,200864,S,,20180508,704.05,93202240,200,140810.0
2018-05-08 09:32:02.240,201349,201173,S,,20180508,704.02,93202240,100,70402.0
2018-05-08 09:32:02.240,201349,199224,S,,20180508,704.0,93202240,700,492800.0
2018-05-08 09:32:02.240,201349,199401,S,,20180508,704.0,93202240,4100,2886400.0
2018-05-08 09:32:02.240,201349,199540,S,,20180508,704.0,93202240,100,70400.0
2018-05-08 09:32:02.240,201349,199784,S,,20180508,704.0,93202240,100,70400.0
2018-05-08 09:32:02.240,201349,200011,S,,20180508,704.0,93202240,100,70400.0
2018-05-08 09:32:02.240,201349,200126,S,,20180508,704.0,93202240,200,140800.0
2018-05-08 09:32:02.240,201349,200268,S,,20180508,704.0,93202240,2200,1548800.0
2018-05-08 09:32:02.240,201349,200514,S,,20180508,704.0,93202240,100,70400.0
2018-05-08 09:32:02.240,201349,200660,S,,20180508,704.0,93202240,500,352000.0
2018-05-08 09:32:02.320,201378,200660,S,,20180508,704.0,93202320,100,70400.0
2018-05-08 09:32:02.430,201422,200660,S,,20180508,704.0,93202430,100,70400.0
2018-05-08 09:32:02.960,201622,201654,B,,20180508,704.06,93202960,100,70406.0
2018-05-08 09:32:03.330,201040,201791,B,,20180508,704.49,93203330,200,140898.0
2018-05-08 09:32:03.460,201845,201732,S,,20180508,704.31,93203460,100,70431.0
2018-05-08 09:32:03.960,202063,201732,S,,20180508,704.31,93203960,100,70431.0
2018-05-08 09:32:03.960,202063,201884,S,,20180508,704.31,93203960,200,140862.0
2018-05-08 09:32:03.960,202063,202011,S,,20180508,704.08,93203960,200,140816.0
2018-05-08 09:32:04.060,202123,202011,S,,20180508,704.08,93204060,100,70408.0
2018-05-08 09:32:04.310,202239,202240,B,,20180508,704.31,93204310,100,70431.0
2018-05-08 09:32:04.340,201040,202259,B,,20180508,704.49,93204340,200,140898.0
2018-05-08 09:32:04.340,201071,202259,B,,20180508,704.49,93204340,500,352245.0
2018-05-08 09:32:04.340,201915,202259,B,,20180508,704.49,93204340,500,352245.0
2018-05-08 09:32:04.680,202427,202011,S,,20180508,704.08,93204680,100,70408.0
2018-05-08 09:32:04.680,202430,202011,S,,20180508,704.08,93204680,100,70408.0
2018-05-08 09:32:05.240,202378,202702,B,,20180508,704.49,93205240,500,352245.0
2018-05-08 09:32:05.740,200755,202921,B,,20180508,704.5,93205740,100,70450.0
2018-05-08 09:32:06.620,203354,202586,S,,20180508,704.4,93206620,100,70440.0
2018-05-08 09:32:06.830,203468,202586,S,,20180508,704.4,93206830,100,70440.0
2018-05-08 09:32:06.830,203468,202585,S,,20180508,704.31,93206830,200,140862.0
2018-05-08 09:32:06.830,203468,202701,S,,20180508,704.31,93206830,100,70431.0
2018-05-08 09:32:06.830,203468,203333,S,,20180508,704.11,93206830,100,70411.0
2018-05-08 09:32:07.070,203588,203534,S,,20180508,704.49,93207070,100,70449.0
2018-05-08 09:32:07.620,201170,203834,B,,20180508,704.5,93207620,100,70450.0
2018-05-08 09:32:07.620,201958,203834,B,,20180508,704.51,93207620,100,70451.0
2018-05-08 09:32:07.620,200569,203834,B,,20180508,704.55,93207620,300,211365.0
2018-05-08 09:32:07.620,141360,203834,B,,20180508,704.56,93207620,500,352280.0
2018-05-08 09:32:07.620,203475,203834,B,,20180508,704.65,93207620,100,70465.0
2018-05-08 09:32:07.620,123709,203834,B,,20180508,704.68,93207620,100,70468.0
2018-05-08 09:32:07.620,81489,203834,B,,20180508,704.77,93207620,400,281908.0
2018-05-08 09:32:07.620,34400,203834,B,,20180508,704.8,93207620,1000,704800.0
2018-05-08 09:32:07.620,82127,203834,B,,20180508,704.8,93207620,100,70480.0
2018-05-08 09:32:07.620,143777,203834,B,,20180508,704.8,93207620,600,422880.0
2018-05-08 09:32:07.620,73289,203834,B,,20180508,704.9,93207620,100,70490.0
2018-05-08 09:32:07.620,81640,203834,B,,20180508,704.95,93207620,100,70495.0
2018-05-08 09:32:07.620,110005,203834,B,,20180508,704.95,93207620,100,70495.0
2018-05-08 09:32:07.620,49796,203834,B,,20180508,704.99,93207620,100,70499.0
2018-05-08 09:32:07.620,65406,203834,B,,20180508,704.99,93207620,100,70499.0
2018-05-08 09:32:07.620,88478,203834,B,,20180508,704.99,93207620,100,70499.0
2018-05-08 09:32:07.620,155492,203834,B,,20180508,704.99,93207620,100,70499.0
2018-05-08 09:32:07.620,162937,203834,B,,20180508,704.99,93207620,100,70499.0
2018-05-08 09:32:07.620,197932,203834,B,,20180508,704.99,93207620,900,634491.0
2018-05-08 09:32:07.680,197932,203854,B,,20180508,704.99,93207680,300,211497.0
2018-05-08 09:32:07.960,204012,203847,S,,20180508,704.56,93207960,100,70456.0
2018-05-08 09:32:08.200,197932,204117,B,,20180508,704.99,93208200,100,70499.0
2018-05-08 09:32:08.730,197932,204348,B,,20180508,704.99,93208730,300,211497.0
2018-05-08 09:32:08.780,197932,204374,B,,20180508,704.99,93208780,400,281996.0
2018-05-08 09:32:08.780,203608,204374,B,,20180508,704.99,93208780,1000,704990.0
2018-05-08 09:32:08.780,1303,204374,B,,20180508,705.0,93208780,100,70500.0
2018-05-08 09:32:08.780,11220,204374,B,,20180508,705.0,93208780,100,70500.0
2018-05-08 09:32:08.780,14178,204374,B,,20180508,705.0,93208780,100,70500.0
2018-05-08 09:32:08.780,15711,204374,B,,20180508,705.0,93208780,100,70500.0
2018-05-08 09:32:08.780,24881,204374,B,,20180508,705.0,93208780,500,352500.0
2018-05-08 09:32:08.780,27517,204374,B,,20180508,705.0,93208780,100,70500.0
2018-05-08 09:32:08.780,27801,204374,B,,20180508,705.0,93208780,300,211500.0
2018-05-08 09:32:09.220,204571,204474,S,,20180508,704.56,93209220,100,70456.0
2018-05-08 09:32:09.220,204571,203534,S,,20180508,704.49,93209220,100,70449.0
2018-05-08 09:32:09.220,204571,203898,S,,20180508,704.49,93209220,100,70449.0
2018-05-08 09:32:09.220,204571,204503,S,,20180508,704.49,93209220,100,70449.0
2018-05-08 09:32:09.350,204632,204604,S,,20180508,704.56,93209350,100,70456.0
2018-05-08 09:32:09.790,204845,204663,S,,20180508,704.5,93209790,100,70450.0
2018-05-08 09:32:09.840,204472,204870,B,,20180508,704.6,93209840,2000,1409200.0
2018-05-08 09:32:10.350,27801,205102,B,,20180508,705.0,93210350,100,70500.0
2018-05-08 09:32:10.390,205117,204870,S,,20180508,704.68,93210390,100,70468.0
2018-05-08 09:32:10.700,205249,204870,S,,20180508,704.68,93210700,100,70468.0
2018-05-08 09:32:10.700,205250,204870,S,,20180508,704.68,93210700,100,70468.0
2018-05-08 09:32:11.090,205454,205388,S,,20180508,704.6,93211090,100,70460.0
2018-05-08 09:32:11.120,205467,205388,S,,20180508,704.6,93211120,500,352300.0
2018-05-08 09:32:11.200,205517,205388,S,,20180508,704.6,93211200,100,70460.0
2018-05-08 09:32:11.310,205559,205412,S,,20180508,704.6,93211310,100,70460.0
2018-05-08 09:32:11.470,205644,205412,S,,20180508,704.6,93211470,200,140920.0
2018-05-08 09:32:11.760,205250,205760,B,,20180508,704.68,93211760,100,70468.0
2018-05-08 09:32:11.760,205356,205764,B,,20180508,704.68,93211760,100,70468.0
2018-05-08 09:32:11.810,205786,205759,S,,20180508,704.65,93211810,100,70465.0
2018-05-08 09:32:11.810,205786,205761,S,,20180508,704.62,93211810,100,70462.0
2018-05-08 09:32:11.810,205786,205765,S,,20180508,704.62,93211810,100,70462.0
2018-05-08 09:32:11.810,205786,205412,S,,20180508,704.6,93211810,100,70460.0
2018-05-08 09:32:11.810,205786,205762,S,,20180508,704.59,93211810,100,70459.0
2018-05-08 09:32:11.840,205806,205794,S,,20180508,704.65,93211840,100,70465.0
2018-05-08 09:32:11.840,205806,205807,B,,20180508,704.6,93211840,200,140920.0
2018-05-08 09:32:11.840,205356,205807,B,,20180508,704.68,93211840,100,70468.0
2018-05-08 09:32:11.840,205357,205807,B,,20180508,704.68,93211840,100,70468.0
2018-05-08 09:32:11.840,205597,205807,B,,20180508,704.68,93211840,100,70468.0
2018-05-08 09:32:11.920,205597,205849,B,,20180508,704.68,93211920,100,70468.0
2018-05-08 09:32:11.920,205206,205849,B,,20180508,704.99,93211920,100,70499.0
2018-05-08 09:32:12.180,205955,205797,S,,20180508,704.59,93212180,100,70459.0
2018-05-08 09:32:12.210,205206,205965,B,,20180508,704.99,93212210,100,70499.0
2018-05-08 09:32:12.520,206106,204872,S,,20180508,704.56,93212520,100,70456.0
2018-05-08 09:32:12.520,206106,205796,S,,20180508,704.56,93212520,100,70456.0
2018-05-08 09:32:13.540,206273,206554,B,,20180508,704.68,93213540,100,70468.0
2018-05-08 09:32:13.540,206378,206554,B,,20180508,704.68,93213540,100,70468.0
2018-05-08 09:32:13.540,206544,206554,B,,20180508,704.68,93213540,100,70468.0
2018-05-08 09:32:13.540,206545,206554,B,,20180508,704.68,93213540,100,70468.0
2018-05-08 09:32:13.540,206546,206554,B,,20180508,704.68,93213540,100,70468.0
2018-05-08 09:32:13.540,206547,206554,B,,20180508,704.68,93213540,100,70468.0
2018-05-08 09:32:13.540,206421,206554,B,,20180508,704.97,93213540,1500,1057455.0
2018-05-08 09:32:13.540,205206,206554,B,,20180508,704.99,93213540,300,211497.0
2018-05-08 09:32:13.540,205234,206554,B,,20180508,704.99,93213540,500,352495.0
2018-05-08 09:32:13.540,27801,206554,B,,20180508,705.0,93213540,100,70500.0
2018-05-08 09:32:13.540,28479,206554,B,,20180508,705.0,93213540,100,70500.0
2018-05-08 09:32:13.540,34587,206554,B,,20180508,705.0,93213540,200,141000.0
2018-05-08 09:32:13.540,34587,206555,B,,20180508,705.0,93213540,300,211500.0
2018-05-08 09:32:13.540,40401,206555,B,,20180508,705.0,93213540,100,70500.0
2018-05-08 09:32:13.540,46233,206555,B,,20180508,705.0,93213540,300,211500.0
2018-05-08 09:32:13.540,46537,206555,B,,20180508,705.0,93213540,100,70500.0
2018-05-08 09:32:13.540,52655,206555,B,,20180508,705.0,93213540,100,70500.0
2018-05-08 09:32:13.540,69851,206555,B,,20180508,705.0,93213540,100,70500.0
2018-05-08 09:32:13.540,70068,206555,B,,20180508,705.0,93213540,100,70500.0
2018-05-08 09:32:13.540,78468,206555,B,,20180508,705.0,93213540,100,70500.0
2018-05-08 09:32:13.540,78806,206555,B,,20180508,705.0,93213540,100,70500.0
2018-05-08 09:32:13.540,79190,206555,B,,20180508,705.0,93213540,100,70500.0
2018-05-08 09:32:13.540,80547,206555,B,,20180508,705.0,93213540,200,141000.0
2018-05-08 09:32:13.540,86208,206555,B,,20180508,705.0,93213540,600,423000.0
2018-05-08 09:32:13.540,91005,206555,B,,20180508,705.0,93213540,500,352500.0
2018-05-08 09:32:13.540,92770,206555,B,,20180508,705.0,93213540,200,141000.0
2018-05-08 09:32:13.540,102251,206555,B,,20180508,705.0,93213540,400,282000.0
2018-05-08 09:32:13.560,102251,206561,B,,20180508,705.0,93213560,1600,1128000.0
2018-05-08 09:32:13.560,108068,206561,B,,20180508,705.0,93213560,200,141000.0
2018-05-08 09:32:13.560,108552,206561,B,,20180508,705.0,93213560,600,423000.0
2018-05-08 09:32:13.560,144744,206561,B,,20180508,705.0,93213560,200,141000.0
2018-05-08 09:32:13.560,146492,206561,B,,20180508,705.0,93213560,100,70500.0
2018-05-08 09:32:13.560,164015,206561,B,,20180508,705.0,93213560,600,423000.0
2018-05-08 09:32:13.670,206598,206526,S,,20180508,704.56,93213670,100,70456.0
2018-05-08 09:32:13.670,206600,205410,S,,20180508,704.55,93213670,100,70455.0
2018-05-08 09:32:13.740,206563,206625,B,,20180508,704.68,93213740,100,70468.0
2018-05-08 09:32:13.740,206567,206625,B,,20180508,704.68,93213740,100,70468.0
2018-05-08 09:32:13.740,164015,206625,B,,20180508,705.0,93213740,100,70500.0
2018-05-08 09:32:13.740,167996,206625,B,,20180508,705.0,93213740,100,70500.0
2018-05-08 09:32:13.740,168030,206625,B,,20180508,705.0,93213740,100,70500.0
2018-05-08 09:32:13.740,180724,206625,B,,20180508,705.0,93213740,400,282000.0
2018-05-08 09:32:13.950,206743,206671,S,,20180508,704.56,93213950,100,70456.0
2018-05-08 09:32:13.950,206743,205410,S,,20180508,704.55,93213950,100,70455.0
2018-05-08 09:32:13.950,206743,205795,S,,20180508,704.53,93213950,100,70453.0
2018-05-08 09:32:14.030,206797,206131,S,,20180508,704.53,93214030,100,70453.0
2018-05-08 09:32:14.050,206647,206808,B,,20180508,704.68,93214050,100,70468.0
2018-05-08 09:32:14.050,206713,206808,B,,20180508,704.68,93214050,200,140936.0
2018-05-08 09:32:14.050,180724,206808,B,,20180508,705.0,93214050,100,70500.0
2018-05-08 09:32:14.050,184966,206808,B,,20180508,705.0,93214050,100,70500.0
2018-05-08 09:32:14.260,206894,205341,S,,20180508,704.51,93214260,100,70451.0
2018-05-08 09:32:14.310,206904,205341,S,,20180508,704.51,93214310,100,70451.0
2018-05-08 09:32:14.330,184966,206928,B,,20180508,705.0,93214330,100,70500.0
2018-05-08 09:32:14.800,207127,205341,S,,20180508,704.51,93214800,100,70451.0
2018-05-08 09:32:14.850,207156,205341,S,,20180508,704.51,93214850,100,70451.0
2018-05-08 09:32:14.900,207167,205277,S,,20180508,704.5,93214900,100,70450.0
2018-05-08 09:32:15.470,191373,207406,B,,20180508,705.0,93215470,100,70500.0
2018-05-08 09:32:15.470,191483,207406,B,,20180508,705.0,93215470,100,70500.0
2018-05-08 09:32:15.860,191483,207569,B,,20180508,705.0,93215860,700,493500.0
2018-05-08 09:32:15.910,207583,207371,S,,20180508,704.99,93215910,100,70499.0
2018-05-08 09:32:15.910,207604,207371,S,,20180508,704.99,93215910,100,70499.0
2018-05-08 09:32:16.150,191483,207707,B,,20180508,705.0,93216150,200,141000.0
2018-05-08 09:32:16.150,194143,207707,B,,20180508,705.0,93216150,100,70500.0
2018-05-08 09:32:16.150,195205,207707,B,,20180508,705.0,93216150,100,70500.0
2018-05-08 09:32:16.150,196663,207707,B,,20180508,705.0,93216150,100,70500.0
2018-05-08 09:32:16.150,197568,207707,B,,20180508,705.0,93216150,200,141000.0
2018-05-08 09:32:16.150,198418,207707,B,,20180508,705.0,93216150,100,70500.0
2018-05-08 09:32:16.150,199878,207707,B,,20180508,705.0,93216150,500,352500.0
2018-05-08 09:32:16.150,200806,207707,B,,20180508,705.0,93216150,100,70500.0
2018-05-08 09:32:16.150,203839,207707,B,,20180508,705.0,93216150,100,70500.0
2018-05-08 09:32:16.150,204221,207707,B,,20180508,705.0,93216150,100,70500.0
2018-05-08 09:32:16.150,205103,207707,B,,20180508,705.0,93216150,151,106455.0
2018-05-08 09:32:16.150,206772,207707,B,,20180508,705.0,93216150,100,70500.0
2018-05-08 09:32:16.150,207487,207707,B,,20180508,705.0,93216150,500,352500.0
2018-05-08 09:32:16.150,207713,207707,S,,20180508,705.0,93216150,100,70500.0
2018-05-08 09:32:16.170,207715,207707,S,,20180508,705.0,93216170,100,70500.0
2018-05-08 09:32:16.430,207839,207707,S,,20180508,705.0,93216430,1000,705000.0
2018-05-08 09:32:16.580,207893,207707,S,,20180508,705.0,93216580,500,352500.0
2018-05-08 09:32:16.800,208005,207707,S,,20180508,705.0,93216800,100,70500.0
2018-05-08 09:32:16.850,208031,207707,S,,20180508,705.0,93216850,100,70500.0
2018-05-08 09:32:16.870,208048,207707,S,,20180508,705.0,93216870,100,70500.0
2018-05-08 09:32:16.910,208061,207707,S,,20180508,705.0,93216910,700,493500.0
2018-05-08 09:32:16.980,208091,207707,S,,20180508,705.0,93216980,1100,775500.0
2018-05-08 09:32:16.980,208093,207707,S,,20180508,705.0,93216980,100,70500.0
2018-05-08 09:32:17.030,208123,207707,S,,20180508,705.0,93217030,100,70500.0
2018-05-08 09:32:17.030,57444,208125,B,,20180508,705.22,93217030,200,141044.0
2018-05-08 09:32:17.240,208229,207707,S,,20180508,705.0,93217240,100,70500.0
2018-05-08 09:32:17.290,208257,207707,S,,20180508,705.0,93217290,400,282000.0
2018-05-08 09:32:17.450,208299,207707,S,,20180508,705.0,93217450,100,70500.0
2018-05-08 09:32:17.450,208311,207707,S,,20180508,705.0,93217450,100,70500.0
2018-05-08 09:32:17.730,208430,207707,S,,20180508,705.0,93217730,100,70500.0
2018-05-08 09:32:17.870,208488,207707,S,,20180508,705.0,93217870,100,70500.0
2018-05-08 09:32:17.970,208527,207707,S,,20180508,705.0,93217970,100,70500.0
2018-05-08 09:32:18.050,107824,208561,B,,20180508,705.22,93218050,100,70522.0
2018-05-08 09:32:18.050,86795,208561,B,,20180508,705.43,93218050,100,70543.0
2018-05-08 09:32:18.600,208817,207707,S,,20180508,705.0,93218600,100,70500.0
2018-05-08 09:32:18.730,208872,207707,S,,20180508,705.0,93218730,200,141000.0
2018-05-08 09:32:18.750,208886,207707,S,,20180508,705.0,93218750,100,70500.0
2018-05-08 09:32:19.120,208823,209039,B,,20180508,705.44,93219120,100,70544.0
2018-05-08 09:32:19.140,208823,209047,B,,20180508,705.44,93219140,100,70544.0
2018-05-08 09:32:19.440,209183,207707,S,,20180508,705.0,93219440,100,70500.0
2018-05-08 09:32:19.710,209296,207707,S,,20180508,705.0,93219710,100,70500.0
2018-05-08 09:32:19.790,209328,207707,S,,20180508,705.0,93219790,2049,1444545.0
2018-05-08 09:32:19.790,209328,207913,S,,20180508,705.0,93219790,100,70500.0
2018-05-08 09:32:19.790,209328,207986,S,,20180508,705.0,93219790,100,70500.0
2018-05-08 09:32:19.790,209328,208053,S,,20180508,705.0,93219790,1951,1375455.0
2018-05-08 09:32:20.600,209683,208053,S,,20180508,705.0,93220600,100,70500.0
2018-05-08 09:32:21.070,209892,209729,S,,20180508,705.01,93221070,100,70501.0
2018-05-08 09:32:21.320,209990,209729,S,,20180508,705.01,93221320,1500,1057515.0
2018-05-08 09:32:21.320,209990,208053,S,,20180508,705.0,93221320,749,528045.0
2018-05-08 09:32:21.320,209990,208280,S,,20180508,705.0,93221320,100,70500.0
2018-05-08 09:32:21.320,209990,208686,S,,20180508,705.0,93221320,2700,1903500.0
2018-05-08 09:32:21.320,209990,208908,S,,20180508,705.0,93221320,600,423000.0
2018-05-08 09:32:21.320,209990,208909,S,,20180508,705.0,93221320,4351,3067455.0
2018-05-08 09:32:21.770,208823,210183,B,,20180508,705.44,93221770,100,70544.0
2018-05-08 09:32:21.890,210240,208909,S,,20180508,705.0,93221890,200,141000.0
2018-05-08 09:32:21.950,208823,210269,B,,20180508,705.44,93221950,100,70544.0
2018-05-08 09:32:21.970,208823,210275,B,,20180508,705.44,93221970,100,70544.0
2018-05-08 09:32:22.180,210369,210351,S,,20180508,705.1,93222180,100,70510.0
2018-05-08 09:32:22.420,210488,208909,S,,20180508,705.0,93222420,100,70500.0
2018-05-08 09:32:22.540,210551,208909,S,,20180508,705.0,93222540,100,70500.0
2018-05-08 09:32:22.820,210675,208909,S,,20180508,705.0,93222820,100,70500.0
2018-05-08 09:32:22.820,208823,210678,B,,20180508,705.44,93222820,100,70544.0
2018-05-08 09:32:22.820,172359,210678,B,,20180508,705.45,93222820,100,70545.0
2018-05-08 09:32:23.550,211033,210966,S,,20180508,705.22,93223550,100,70522.0
2018-05-08 09:32:23.550,211033,210735,S,,20180508,705.01,93223550,400,282004.0
2018-05-08 09:32:23.630,211064,210735,S,,20180508,705.01,93223630,100,70501.0
2018-05-08 09:32:23.740,211116,210735,S,,20180508,705.01,93223740,100,70501.0
2018-05-08 09:32:23.740,211116,208909,S,,20180508,705.0,93223740,900,634500.0
2018-05-08 09:32:24.210,211321,208909,S,,20180508,705.0,93224210,49,34545.0
2018-05-08 09:32:24.210,211321,208944,S,,20180508,705.0,93224210,51,35955.0
2018-05-08 09:32:24.240,211328,208944,S,,20180508,705.0,93224240,100,70500.0
2018-05-08 09:32:24.730,211473,211520,B,,20180508,705.42,93224730,300,211626.0
2018-05-08 09:32:24.830,211473,211569,B,,20180508,705.42,93224830,100,70542.0
2018-05-08 09:32:24.880,211583,208944,S,,20180508,705.0,93224880,100,70500.0
2018-05-08 09:32:24.930,211611,208944,S,,20180508,705.0,93224930,100,70500.0
2018-05-08 09:32:25.020,211473,211663,B,,20180508,705.42,93225020,100,70542.0
2018-05-08 09:32:25.020,211167,211663,B,,20180508,705.43,93225020,100,70543.0
2018-05-08 09:32:25.490,211868,211663,S,,20180508,705.43,93225490,200,141086.0
2018-05-08 09:32:25.700,211981,211663,S,,20180508,705.43,93225700,100,70543.0
2018-05-08 09:32:25.760,212011,211663,S,,20180508,705.43,93225760,300,211628.99999999997
2018-05-08 09:32:25.760,70331,212012,B,,20180508,705.5,93225760,100,70550.0
2018-05-08 09:32:25.760,205928,212012,B,,20180508,705.5,93225760,100,70550.0
2018-05-08 09:32:25.780,212017,211663,S,,20180508,705.43,93225780,100,70543.0
2018-05-08 09:32:25.890,212068,211663,S,,20180508,705.43,93225890,100,70543.0
2018-05-08 09:32:25.970,212110,211663,S,,20180508,705.43,93225970,100,70543.0
2018-05-08 09:32:26.050,205928,212152,B,,20180508,705.5,93226050,1000,705500.0
2018-05-08 09:32:26.230,212233,211663,S,,20180508,705.43,93226230,300,211628.99999999997
2018-05-08 09:32:26.360,212295,211663,S,,20180508,705.43,93226360,100,70543.0
2018-05-08 09:32:26.360,212301,211990,S,,20180508,705.43,93226360,100,70543.0
2018-05-08 09:32:26.460,212167,212341,B,,20180508,705.44,93226460,100,70544.0
2018-05-08 09:32:26.460,212349,212274,S,,20180508,705.43,93226460,200,141086.0
2018-05-08 09:32:26.490,212362,212274,S,,20180508,705.43,93226490,100,70543.0
2018-05-08 09:32:26.850,212167,212502,B,,20180508,705.44,93226850,100,70544.0
2018-05-08 09:32:27.160,212632,212274,S,,20180508,705.43,93227160,500,352715.0
2018-05-08 09:32:27.420,212735,212274,S,,20180508,705.43,93227420,200,141086.0
2018-05-08 09:32:27.760,212883,212274,S,,20180508,705.43,93227760,100,70543.0
2018-05-08 09:32:28.190,213070,212274,S,,20180508,705.43,93228190,100,70543.0
2018-05-08 09:32:28.190,213071,212274,S,,20180508,705.43,93228190,100,70543.0
2018-05-08 09:32:28.210,212944,213087,B,,20180508,705.44,93228210,100,70544.0
2018-05-08 09:32:28.320,213125,213087,S,,20180508,705.44,93228320,100,70544.0
2018-05-08 09:32:28.370,212799,213149,B,,20180508,705.49,93228370,100,70549.0
2018-05-08 09:32:28.390,213150,213087,S,,20180508,705.44,93228390,300,211632.00000000003
2018-05-08 09:32:28.390,213152,212274,S,,20180508,705.43,93228390,100,70543.0
2018-05-08 09:32:28.580,213227,212274,S,,20180508,705.43,93228580,400,282172.0
2018-05-08 09:32:28.810,212799,213345,B,,20180508,705.49,93228810,100,70549.0
2018-05-08 09:32:29.040,213456,213265,S,,20180508,705.44,93229040,100,70544.0
2018-05-08 09:32:29.180,212799,213524,B,,20180508,705.49,93229180,200,141098.0
2018-05-08 09:32:29.510,213672,213479,S,,20180508,705.46,93229510,100,70546.0
2018-05-08 09:32:29.750,213784,213479,S,,20180508,705.46,93229750,100,70546.0
2018-05-08 09:32:29.850,213838,213265,S,,20180508,705.44,93229850,200,141088.0
2018-05-08 09:32:29.850,213838,212274,S,,20180508,705.43,93229850,100,70543.0
2018-05-08 09:32:29.850,213838,212769,S,,20180508,705.43,93229850,100,70543.0
2018-05-08 09:32:30.760,214238,214206,S,,20180508,705.44,93230760,100,70544.0
2018-05-08 09:32:30.760,214238,212999,S,,20180508,705.43,93230760,400,282172.0
2018-05-08 09:32:30.760,212799,214242,B,,20180508,705.49,93230760,100,70549.0
2018-05-08 09:32:30.900,205928,214325,B,,20180508,705.5,93230900,100,70550.0
2018-05-08 09:32:31.010,214366,213307,S,,20180508,705.43,93231010,100,70543.0
2018-05-08 09:32:31.040,205928,214386,B,,20180508,705.5,93231040,100,70550.0
2018-05-08 09:32:31.090,214404,213477,S,,20180508,705.43,93231090,100,70543.0
2018-05-08 09:32:31.090,214405,213477,S,,20180508,705.43,93231090,100,70543.0
2018-05-08 09:32:31.090,214406,213477,S,,20180508,705.43,93231090,100,70543.0
2018-05-08 09:32:31.110,214421,213477,S,,20180508,705.43,93231110,100,70543.0
2018-05-08 09:32:31.220,214463,213477,S,,20180508,705.43,93231220,100,70543.0
2018-05-08 09:32:31.470,214552,213478,S,,20180508,705.43,93231470,200,141086.0
2018-05-08 09:32:31.470,214552,214277,S,,20180508,705.43,93231470,100,70543.0
2018-05-08 09:32:31.470,214552,211991,S,,20180508,705.4,93231470,100,70540.0
2018-05-08 09:32:31.840,205928,214734,B,,20180508,705.5,93231840,100,70550.0
2018-05-08 09:32:32.310,214921,214844,S,,20180508,705.43,93232310,300,211628.99999999997
2018-05-08 09:32:32.430,214972,214938,S,,20180508,705.43,93232430,100,70543.0
2018-05-08 09:32:32.430,205928,214977,B,,20180508,705.5,93232430,200,141100.0
2018-05-08 09:32:32.480,215001,214939,S,,20180508,705.43,93232480,100,70543.0
2018-05-08 09:32:32.530,215018,214939,S,,20180508,705.43,93232530,100,70543.0
2018-05-08 09:32:32.530,215018,211992,S,,20180508,705.37,93232530,100,70537.0
2018-05-08 09:32:32.560,205928,215036,B,,20180508,705.5,93232560,100,70550.0
2018-05-08 09:32:32.850,215157,211993,S,,20180508,705.34,93232850,100,70534.0
2018-05-08 09:32:32.850,215157,211994,S,,20180508,705.31,93232850,100,70531.0
2018-05-08 09:32:32.850,215157,211995,S,,20180508,705.28,93232850,100,70528.0
2018-05-08 09:32:32.850,215157,211996,S,,20180508,705.25,93232850,100,70525.0
2018-05-08 09:32:32.850,215157,211997,S,,20180508,705.22,93232850,100,70522.0
2018-05-08 09:32:33.130,215280,211998,S,,20180508,705.19,93233130,100,70519.0
2018-05-08 09:32:33.320,205928,215329,B,,20180508,705.5,93233320,100,70550.0
2018-05-08 09:32:33.520,215419,211661,S,,20180508,705.01,93233520,500,352505.0
2018-05-08 09:32:33.580,215449,215447,S,,20180508,705.49,93233580,100,70549.0
2018-05-08 09:32:33.870,215571,215606,B,,20180508,705.18,93233870,100,70518.0
2018-05-08 09:32:33.870,215553,215608,B,,20180508,705.4,93233870,100,70540.0
2018-05-08 09:32:33.890,215553,215618,B,,20180508,705.4,93233890,100,70540.0
2018-05-08 09:32:34.000,215449,215654,B,,20180508,705.43,93234000,100,70543.0
2018-05-08 09:32:34.000,215656,215664,B,,20180508,705.4,93234000,200,141080.0
2018-05-08 09:32:34.080,215686,215709,B,,20180508,705.43,93234080,100,70543.0
2018-05-08 09:32:34.160,215736,211661,S,,20180508,705.01,93234160,100,70501.0
2018-05-08 09:32:34.350,215739,215811,B,,20180508,705.43,93234350,100,70543.0
2018-05-08 09:32:34.430,215842,215817,S,,20180508,705.43,93234430,200,141086.0
2018-05-08 09:32:34.800,215997,215817,S,,20180508,705.43,93234800,100,70543.0
2018-05-08 09:32:34.850,216047,215817,S,,20180508,705.43,93234850,100,70543.0
2018-05-08 09:32:34.870,216059,215817,S,,20180508,705.43,93234870,200,141086.0
2018-05-08 09:32:35.250,216215,216142,S,,20180508,705.45,93235250,100,70545.0
2018-05-08 09:32:35.280,216241,215817,S,,20180508,705.43,93235280,100,70543.0
2018-05-08 09:32:35.380,205928,216298,B,,20180508,705.5,93235380,100,70550.0
2018-05-08 09:32:35.410,205928,216304,B,,20180508,705.5,93235410,100,70550.0
2018-05-08 09:32:35.440,215228,216312,B,,20180508,705.5,93235440,100,70550.0
2018-05-08 09:32:35.490,216351,215817,S,,20180508,705.43,93235490,100,70543.0
2018-05-08 09:32:35.600,215240,216391,B,,20180508,705.5,93235600,100,70550.0
2018-05-08 09:32:35.780,215929,216468,B,,20180508,705.5,93235780,100,70550.0
2018-05-08 09:32:35.860,216507,216455,S,,20180508,705.49,93235860,100,70549.0
2018-05-08 09:32:36.040,216352,216586,B,,20180508,705.5,93236040,100,70550.0
2018-05-08 09:32:36.180,216648,216611,S,,20180508,705.45,93236180,100,70545.0
2018-05-08 09:32:36.210,216665,216611,S,,20180508,705.45,93236210,100,70545.0
2018-05-08 09:32:36.210,216665,215817,S,,20180508,705.43,93236210,100,70543.0
2018-05-08 09:32:36.280,216691,215817,S,,20180508,705.43,93236280,100,70543.0
2018-05-08 09:32:36.340,216352,216709,B,,20180508,705.5,93236340,100,70550.0
2018-05-08 09:32:36.920,216988,216009,S,,20180508,705.43,93236920,100,70543.0
2018-05-08 09:32:36.950,216997,216018,S,,20180508,705.43,93236950,100,70543.0
2018-05-08 09:32:36.970,217014,216406,S,,20180508,705.43,93236970,100,70543.0
2018-05-08 09:32:37.050,216923,217048,B,,20180508,705.55,93237050,400,282220.0
2018-05-08 09:32:37.180,217093,217108,B,,20180508,705.5,93237180,100,70550.0
2018-05-08 09:32:37.320,217184,216406,S,,20180508,705.43,93237320,100,70543.0
2018-05-08 09:32:37.440,217231,216577,S,,20180508,705.43,93237440,100,70543.0
2018-05-08 09:32:37.580,216923,217290,B,,20180508,705.55,93237580,100,70555.0
2018-05-08 09:32:37.750,217371,216669,S,,20180508,705.43,93237750,500,352715.0
2018-05-08 09:32:37.880,217437,216011,S,,20180508,705.4,93237880,100,70540.0
2018-05-08 09:32:38.090,217523,216012,S,,20180508,705.37,93238090,100,70537.0
2018-05-08 09:32:38.090,217523,216013,S,,20180508,705.34,93238090,100,70534.0
2018-05-08 09:32:38.090,217523,216014,S,,20180508,705.31,93238090,100,70531.0
2018-05-08 09:32:38.090,217523,216015,S,,20180508,705.28,93238090,100,70528.0
2018-05-08 09:32:38.090,217523,216016,S,,20180508,705.25,93238090,100,70525.0
2018-05-08 09:32:38.090,217523,216017,S,,20180508,705.22,93238090,100,70522.0
2018-05-08 09:32:38.090,217523,215741,S,,20180508,705.21,93238090,400,282084.0
2018-05-08 09:32:38.110,217437,217538,B,,20180508,705.4,93238110,100,70540.0
2018-05-08 09:32:38.260,217437,217580,B,,20180508,705.4,93238260,200,141080.0
2018-05-08 09:32:38.580,217437,217730,B,,20180508,705.4,93238580,100,70540.0
2018-05-08 09:32:38.680,217776,216105,S,,20180508,705.02,93238680,100,70502.0
2018-05-08 09:32:38.860,217879,216105,S,,20180508,705.02,93238860,100,70502.0
2018-05-08 09:32:39.610,217437,218185,B,,20180508,705.4,93239610,200,141080.0
2018-05-08 09:32:39.610,218094,218185,B,,20180508,705.4,93239610,100,70540.0
2018-05-08 09:32:39.610,218184,218185,B,,20180508,705.4,93239610,200,141080.0
2018-05-08 09:32:39.610,217371,218185,B,,20180508,705.43,93239610,100,70543.0
2018-05-08 09:32:39.610,217537,218185,B,,20180508,705.43,93239610,100,70543.0
2018-05-08 09:32:39.610,217768,218185,B,,20180508,705.43,93239610,100,70543.0
2018-05-08 09:32:39.610,218096,218188,B,,20180508,705.43,93239610,100,70543.0
2018-05-08 09:32:39.700,218192,218224,B,,20180508,705.4,93239700,100,70540.0
2018-05-08 09:32:39.700,218096,218224,B,,20180508,705.43,93239700,200,141086.0
2018-05-08 09:32:39.750,218096,218241,B,,20180508,705.43,93239750,100,70543.0
2018-05-08 09:32:39.910,218096,218318,B,,20180508,705.43,93239910,100,70543.0
2018-05-08 09:32:39.960,218338,216105,S,,20180508,705.02,93239960,400,282008.0
2018-05-08 09:32:39.960,218338,218323,S,,20180508,705.02,93239960,600,423012.0
2018-05-08 09:32:40.040,218128,218378,B,,20180508,705.43,93240040,300,211628.99999999997
2018-05-08 09:32:40.070,218128,218380,B,,20180508,705.43,93240070,100,70543.0
2018-05-08 09:32:40.440,218481,218560,B,,20180508,705.38,93240440,300,211614.0
2018-05-08 09:32:40.620,218481,218647,B,,20180508,705.38,93240620,100,70538.0
2018-05-08 09:32:40.930,218887,218854,S,,20180508,705.03,93240930,100,70503.0
2018-05-08 09:32:42.030,219027,219329,B,,20180508,705.23,93242030,100,70523.0
